2250 4008
154 183 218 255 444
447 189 606 250 cannono
624 191 794 252 unumst·

154 343 296 410 tendendi
330 345 431 410 studio
461 349 628 428 scripsisse
683 349 752 412 Hoc
790 357 838 412 εει
868 349 952 412 enim
986 349 1082 410 nimis

102 505 115 514 .
154 447 256 490 crasse
277 430 469 510 sophisticari
500 437 531 492 et
551 438 668 494 tent-are
689 433 814 513 ingenia
841 443 871 494 et
893 433 1010 494 iudicia
1034 453 1082 493 or·

154 510 210 574 bis.
254 513 321 592 ugo
344 534 480 576 meorum
511 514 586 576 nihil
616 515 687 577 solo
719 535 812 596 posse
845 517 993 592 stadici,
1025 517 1083 576 sed

156 611 358 676 quaecunque
379 617 440 659 non
464 597 577 660 debent
598 601 642 660 sic
665 598 734 673 dici,
758 619 796 660 ea
818 601 942 660 valeant
964 607 998 662 et
1019 600 1083 660 siut

155 677 386 759 disputationes.
429 681 557 744 Etiamsi
579 682 608 741 id
622 681 923 757 efficeretbatomus,
948 690 984 742 nt
1009 703 1082 742 mea

154 780 215 823 oon
239 773 394 844 urgerent,
425 770 525 826 tamen
558 765 618 826 hoc
640 785 701 826 non
724 766 836 828 sullicit
856 767 991 832 rationis
1012 765 1083 826 red-

154 844 301 906 ditoribns
325 853 355 908 et
376 847 616 925 damnatoribus,
638 849 689 928 qui
712 869 780 910 mes
794 856 994 925 exussemnt,
1018 857 1084 908 tan-

155 945 245 1008 quam
269 947 330 990 non
355 931 453 992 solum
487 950 548 993 non
572 940 717 1012 urgeant,
752 931 805 994 sed
834 951 914 1012 quae
947 951 1083 1011 prorsus

154 1010 212 1074 dici
236 1032 297 1073 non
322 1013 488 1077 debuerint.
532 1012 618 1089 Quae
641 1023 687 1074 est
717 1016 776 1075 ista
798 1016 907 1076 levitas
929 1015 985 1075 vel
1010 1013 1083 1074 stul·

153 1094 233 1172 titia,
268 1104 299 1156 ut
322 1103 502 1176 argumento
524 1105 668 1177 suscepto
697 1097 736 1158 de
758 1097 878 1159 Obristo
903 1097 1083 1159 disserendi

154 1196 228 1238 mox
262 1179 322 1306 qlia
357 1181 513 1241 cantilena
539 1188 669 1261 accepta
707 1181 746 1241 de
775 1181 907 1244 Hectore
934 1181 1082 1241 Troiano

153 1268 276 1322 cantes.

235 1344 315 1405 Inter'
337 1346 415 1406 baec
436 1355 466 1407 et
488 1353 645 1427 argutatnr
658 1347 824 1409 dialecticis
833 1345 1040 1428 captionibus
1054 1347 1084 1406 in

153 1427 326 1503 bulherum,
340 1429 551 1509 velntprorsus
563 1427 688 1510 ἄλογον
698 1429 875 1510 etignamm
884 1430 1085 1505 dialectices,

152 1508 272 1572 dicens:
289 1512 358 1575 Non
374 1515 471 1592 magis
482 1514 630 1593 sequitur:
654 1514 721 1574 Non
737 1519 783 1576 est
796 1515 904 1594 iustus,
919 1513 974 1592 qui
987 1513 1084 1572 faciat

152 1592 266 1654 bonum
289 1604 319 1655 ει
341 1615 401 1656 non
418 1603 537 1676 peccet,
559 1615 633 1676 ergo
646 1616 707 1658 nno
723 1604 753 1658 et
775 1597 883 1658 eodem
907 1603 983 1657 actu
1010 1614 1084 1676 pec
1117 1649 1118 1680 q

153 1684 214 1755 ost,
236 1696 328 1756 qnam
351 1681 501 1758 sequitur:
524 1679 593 1740 Non
608 1680 833 1759 -estbomoqui
850 1680 933 1759 vivit,
957 1686 994 1739 et
1018 1697 1083 1739 non

152 1758 254 1820 videat
276 1767 415 1832 mortem,
438 1782 512 1842 ergo
530 1765 618 1823 simul
639 1765 713 1824 vivit
733 1767 765 1824 et
785 1763 930 1826 moritur.⁴
968 1763 1036 1822 Aut
1060 1763 1083 1820 si

155 1844 222 1922 quis
246 1843 377 1904 diceret:
400 1845 468 1906 Non
492 1852 540 1907 est
560 1845 652 1907 bomo
676 1847 725 1925 qui
741 1846 846 1925 vigilet
867 1853 897 1906 et
919 1864 985 1906 non
1013 1845 1083 1905 dor·
1117 1855 1118 1882 t

156 1927 239 2001 mist,
262 1929 287 1987 si
310 1947 349 1988 ex
371 1928 431 1988 hoc
452 1930 527 1988 velis
549 1929 675 2006 inferre,
698 1928 779 2008 quod
803 1928 892 1990 simul
912 1928 1027 2008 vigilet
1052 1935 1083 1988 ει

155 2007 294 2073 dormiat.
339 2010 482 2072 Similiter
505 2031 565 2072 non
590 2019 636 2072 est
665 2012 758 2073 homo
786 2013 837 2092 qni
860 2011 934 2072 vivit
954 2021 990 2072 et
1014 2029 1081 2070 non
1117 2009 1118 2016 ’

152 2092 309 2234 ἓοῐεεάει,
365 2113 438 2174 ergo
490 2095 735 2174 quandocunque
782 2095 871 2170 vivit,
926 2093 1080 2154 comedit.

180 2193 236 2235 neo
257 2175 317 2237 ille.
1117 2227 1118 2230 ,

235 2257 390 2336 Obsecro,
413 2260 451 2320 da
474 2280 566 2322 uuum
590 2260 628 2320 de
649 2263 750 2341 pueris
773 2259 906 2336 Latomi‚
936 2261 989 2338 qui
1014 2279 1079 2320 uua
1111 2325 1118 2342 Α

152 2338 201 2400 die
223 2340 354 2403 audierit
375 2343 580 2416 dialecticam,
615 2351 647 2404 ut
669 2363 772 2407 coram
795 2361 833 2406 eo
856 2343 1077 2422 praeceptoria

152 2424 197 2484 sui
219 2423 397 2492 industriam
425 2428 608 2488 examinem.
653 2427 710 2487 Dio
732 2445 820 2508 puer:
849 2425 945 2486 Estne
969 2427 1078 2484 omnis

152 2505 204 2567 illa
225 2510 445 2588 consequentia
458 2511 583 2589 optima,
605 2511 724 2589 quoties
748 2509 786 2570 ad
809 2507 1001 2589 impossibile
1024 2528 1074 2568 se

152 2590 252 2670 quitur
274 2591 447 2670 quodlibet,
479 2601 511 2652 ut
534 2593 647 2654 babent
674 2595 772 2673 prima
794 2591 966 2653 rudimenta
989 2592 1076 2670 apud

155 2673 373 2734 Aristotelem?
397 2675 536 2756 Exempli
550 2676 658 2756 gratia,
680 2675 766 2737 bene·
782 2675 930 2752 sequitur:
946 2674 1020 2734 Tria
1043 2683 1077 2734 et

152 2754 213 2816 dno
236 2765 306 2818 aunt
327 2765 408 2832 octo,
430 2778 505 2838 ergo
519 2758 659 2822 diabolus
680 2759 831 2832 estDeus‚
853 2757 1075 2836 perregulam:

153 2837 201 2899 Ad
231 2839 420 2920 impossibile
450 2842 585 2920 sequitur
606 2841 773 2920 quodlibet.
817 2839 915 2915 Quam
938 2841 1072 2920 primum

152 2921 233 2981 enim
250 2923 434 2986 antecedens
449 2925 536 2986 luerit
548 2945 664 3000 verum,
688 2939 881 3004 consequens
897 2923 954 2984 erit
976 2923 1070 2982 etiam

152 3023 265 3066 verum.
308 3006 353 3066 lta
384 3027 486 3068 nonne
508 3007 585 3070 bene
616 3011 764 3088 sequitur:
801 3006 870 3066 Nou
900 3012 947 3066 est
973 3006 1070 3066 bomo

136 3088 202 3168 ¹qui
225 3088 316 3162 vivit,
340 3097 371 3149 et
391 3109 451 3150 non
476 3090 578 3152 videat
600 3099 745 3167 mortem,
776 3107 850 3170 ergo
883 3088 972 3148 simul
996 3090 1071 3149 vivit

152 3176 183 3232 et
205 3173 354 3232 moritur?
385 3173 438 3233 un
460 3175 540 3234 enim
563 3174 747 3236 antecedens
769 3171 975 3252 impossibile,
999 3191 1067 3234 cnm

154 3272 243 3315 nemo
267 3255 371 3316 vivens
395 3255 500 3320 videat
522 3265 666 3331 mortem,
689 3257 770 3318 unde
792 3275 832 3316 ex
854 3254 965 3316 eodem
988 3263 1068 3314 ante·

151 3335 281 3396 cedente
303 3339 439 3416 sequitur
453 3341 544 3399 ctiam
566 3341 741 3420 oppositum
763 3339 993 3416 consequentis,
1016 3339 1068 3398 sci·
1117 3349 1118 3404 1

152 3417 241 3478 licet:
278 3419 359 3499 Ergo
383 3439 444 3480 non
468 3422 557 3482 simul
580 3422 654 3482 vivit
676 3431 707 3482 et
728 3423 865 3482 moritur.
906 3419 967 3480 lta:
1000 3421 1066 3480 Non
1117 3415 1118 3484 l

153 3505 200 3556 est
221 3499 313 3561 horno
336 3503 387 3580 qni
408 3503 513 3582 vigilet
533 3511 565 3566 ει
586 3522 646 3564 non
662 3503 807 3580 dormiat,
830 3520 907 3582 ergo
927 3489 1065 3564 simdlvi·
1117 3499 1118 3560 3

57 3599 63 3603 ·
152 3577 227 3655 gilot
251 3588 283 3640 st
304 3583 433 3659 dormit,
467 3603 570 3647 nonne
603 3592 650 3648 est
673 3587 807 3667 legitima
829 3584 976 3663 sequela?
1019 3585 1066 3645 Se·
1117 3583 1118 3654 l

153 3660 254 3728 ‘luitur
295 3665 488 3728 enimetiam
510 3667 795 3740 contadictoriun:
837 3667 920 3748 llrgo
950 3683 1010 3732 non
1032 3668 1064 3728 si·
1117 3697 1118 3706 κ
