2262 4006
202 165 204 178 Ι
311 181 449 255 ambrosii
469 201 581 255 Gathar.
599 219 623 256 a.
643 202 720 258 1521.
902 199 983 274 ,369

63 354 153 433 periis
185 355 230 414 his
260 355 381 414 subiicit
408 351 438 414 et
464 355 600 435 impellit.
643 354 740 431 Quem
768 358 892 417 veroin
917 365 983 420 toto

63 437 136 497 orbe
160 457 220 497 non
244 437 378 516 subiicit,
401 440 457 497 uisi
480 440 609 498 infantes
642 438 719 498 lorte
754 449 783 498 et
817 440 981 520 simplices,

62 522 220 598 incognito
245 522 372 580 consilio
396 521 455 581 Dei
479 521 638 582 servatos?
680 521 821 582 Ohomo
851 526 982 602 peccati,

61 622 78 662 o
103 602 146 661 fili
170 603 358 682 perditionis,
382 623 400 663 o
423 603 629 676 abominatiO,
652 623 670 663 o
692 613 844 684 vastator,
870 624 888 665 o
911 625 982 667 con·

59 688 255 746 scientiarum
279 688 424 747 malarum
449 697 547 765 autor,
578 687 693 747 ofalse
716 687 863 748 honarum
889 692 981 770 magi-

58 778 131 846 ster,
158 789 176 828 o
200 770 295 832 hostis
318 769 386 830 lidel
411 777 439 853 et
461 770 607 831 libertatis
631 768 831 833 Christianae.
857 771 896 832 Et
912 777 980 852 quis

57 852 137 910 haec
160 851 277 913 infinita
301 855 394 912 usaria
426 854 574 914 malorum
598 855 684 913 huius
707 857 877 934 portentosi
900 858 981 936 regis

57 935 282 1014 complectatur
305 945 415 1015 niente,
439 937 550 996 nedum
573 937 732 1016 eloquatur
754 938 870 997 verbo?

144 1017 203 1078 Sed
227 1019 362 1080 noudum
386 1019 453 1078 finis
477 1021 634 1078 malorum.
680 1019 710 1079 Si
733 1021 787 1079 has
810 1020 979 1099 legcsauae

56 1103 217 1162 statuisset
237 1104 267 1161 in
290 1103 433 1182 operibus
455 1103 513 1162 illis
537 1105 689 1180 virtutum,
712 1104 817 1180 quales
840 1107 868 1162 in
884 1105 980 1167 Deca-

57 1183 132 1262 logo
163 1185 397 1264 praecipiuntur,
431 1193 483 1245 cut
505 1186 610 1265 quales
634 1186 806 1266 philosophi
843 1197 872 1246 et
895 1195 980 1248 natu·

56 1267 130 1325 ralis
155 1270 232 1328 ratio
257 1269 359 1345 dictat,
380 1275 413 1327 ut
434 1278 503 1328 sunt
533 1269 657 1344 iustitia,
680 1269 835 1346 fortitudo,
867 1281 979 1350 tempe·

56 1351 169 1426 rantia,
194 1353 328 1428 castitas,
351 1352 567 1430 mansuetudo,
593 1354 713 1430 veritas,
737 1352 858 1412 bonitas
882 1355 980 1414 ethis

55 1433 180 1508 similia,
204 1433 282 1494 forte
311 1454 502 1514 synagogam
533 1437 631 1496 solum
655 1437 862 1496 constituisset
890 1446 920 1496 et
943 1440 980 1498 ci-

57 1516 151 1575 vilem
187 1519 339 1597 quandam
374 1519 586 1598 iustitiamiu
627 1519 731 1578 orbem
767 1530 980 1598 propagasset.

54 1597 136 1657 Nam
160 1619 215 1678 per
237 1601 314 1660 haec
335 1602 424 1661 etiam
448 1599 524 1660 fides
546 1602 652 1662 fuisset
680 1610 818 1677 vastata,
850 1605 927 1662 sicut
948 1605 978 1666 in

55 1681 180 1742 ludaeis
216 1685 399 1747 vastabatur.
443 1684 531 1744 Nunc
564 1705 635 1745 vero
667 1687 745 1744 intra
777 1685 832 1744 hos
871 1686 979 1746 limites

55 1784 116 1824 uon
145 1767 294 1847 consistit,
317 1768 378 1827 imo
402 1769 496 1826 rarius
519 1767 596 1827 haec
619 1775 715 1846 urget,
738 1775 767 1827 et
789 1768 874 1827 fateri
897 1773 979 1849 cogi·

55 1868 122 1907 mur
147 1849 247 1910 mitius
270 1869 339 1910 eum
362 1868 484 1930 nocere,
506 1851 551 1910 his
575 1851 697 1911 inlinitis
727 1849 874 1910 malorum
907 1860 981 1912 tem-

53 1931 228 2010 pestatibus
261 1933 368 2010 adea,
392 1944 670 2013 quaesoquuutnr·,
694 1936 890 2013 comparatis.
932 1936 978 1996 Ad
1082 2009 1085 2020 Δ

53 2017 249 2076 ceremonias
279 2016 358 2076 enim
393 2023 423 2076 et
444 2014 591 2096 figmenta
623 2037 676 2076 sua
709 2017 856 2096 impellit,
894 2020 979 2094 locis,

53 2099 209 2176 personis,
233 2099 376 2176 vestibus,
400 2099 485 2178 cibis,
508 2100 629 2178 diebus,
653 2099 788 2179 gestibus
818 2120 875 2161 nos
897 2103 979 2162 stoli·

53 2183 123 2258 dos,
148 2179 297 2261 stupidos,
319 2183 439 2259 stultos,
463 2185 524 2243 imo
539 2191 662 2244 truncos
685 2191 714 2242 et
728 2184 844 2263 stipites
863 2184 979 2263 alligat,

53 2275 85 2322 nt
110 2284 162 2324 me
183 2265 268 2324 istius
291 2264 528 2326 abominationis
558 2275 588 2326 et
618 2285 751 2326 nauseae
780 2268 818 2326 ad
850 2279 976 2327 mortem

54 2366 155 2425 usque
177 2367 256 2427 pane
287 2349 399 2428 pudeat
432 2357 462 2408 et
497 2351 608 2429 pigeat.
653 2348 789 2408 Christus
824 2352 902 2409 enim
928 2353 980 2432 (ut

53 2428 141 2508 dixi)
167 2437 198 2490 ut
231 2450 337 2491 omnes
375 2431 458 2512 leges
492 2452 547 2512 per
581 2433 751 2513 libertatem
786 2433 915 2509 sustulit,
939 2436 980 2496 ita

54 2513 154 2573 multo
179 2515 312 2574 maxime
335 2534 404 2589 eas,
438 2533 516 2594 quaa
545 2515 632 2592 locis,
655 2517 807 2596 personis,
833 2518 978 2596 vestibus,

52 2597 143 2676 cibis,
167 2597 272 2657 diebus
295 2606 326 2658 et
348 2597 495 2656 similibus
517 2597 628 2658 affixae
652 2604 730 2675 sunt,
745 2604 891 2659 alearum
905 2620 977 2659 usas

54 2690 139 2738 esset
163 2679 305 2740 omnibus
329 2681 498 2740 liberrimus
521 2690 550 2740 et
572 2681 756 2758 indifferens,
778 2701 835 2741 uec
855 2684 893 2742 ad
908 2703 978 2762 pec-

53 2774 159 2822 catum
174 2783 232 2823 nec
244 2763 282 2823 ad
300 2765 445 2824 iustitiam
459 2765 643 2826 formaturus
656 2767 886 2844 conscientiam,
901 2786 980 2845 quae

53 2846 123 2906 sola
162 2844 221 2906 lide
253 2848 283 2906 in
318 2849 416 2927 ipsum
450 2849 595 2909 subsistit.
640 2850 678 2907 At
706 2867 788 2927 papa
815 2867 875 2908 non
907 2868 980 2910 oon·

54 2937 160 2989 tentus
183 2929 291 2992 saltem
313 2933 356 2990 eis
382 2931 468 3010 locis,
492 2930 578 3006 cihis,
600 2929 751 3010 vestibus,
775 2930 891 3012 diebus,
914 2935 980 3012 qui-

54 3013 112 3071 hus
136 3012 189 3073 lex
212 3013 290 3073 Mosi
313 3013 497 3092 abundabat,
521 3014 574 3073 sed
597 3014 727 3094 propriis
750 3035 766 3073 a
790 3034 823 3075 se
839 3018 979 3095 repertis,

55 3105 110 3156 aut
132 3095 172 3156 ab
195 3097 261 3156 aliis
284 3095 434 3176 acceptis,
459 3099 563 3176 eisque
585 3097 623 3156 de
652 3096 701 3156 die
729 3098 758 3156 in
783 3096 860 3157 diem
884 3100 979 3158 auctis

55 3189 87 3238 et
110 3198 167 3259 pro
190 3199 273 3240 mera
307 3200 363 3240 sua
388 3181 509 3240 libidine
540 3179 746 3259 multiplicatis
781 3186 812 3239 et
846 3183 979 3258 variatis,

56 3262 165 3322 orbem
201 3263 404 3324 Christianum
445 3265 561 3344 fatigat,
600 3265 766 3342 corrumpit
799 3273 828 3324 et
869 3272 977 3324 vastat.

56 3343 150 3420 Quod
175 3353 206 3405 ut
229 3346 339 3406 clarius
363 3347 414 3407 liat
438 3367 492 3428 per
505 3345 723 3423 inductionem,
746 3345 863 3426 aliquot
878 3367 978 3406 exem-

56 3427 117 3508 plis
141 3429 347 3490 ostendemus.

144 3512 280 3574 Christus
313 3513 433 3574 sublata
465 3513 599 3572 omhium
639 3512 774 3572 locorum
811 3511 980 3594 differentia

59 3594 172 3674 ubique
194 3596 257 3656 vult
279 3595 348 3673 coli,
373 3596 481 3656 necin
512 3614 607 3676 regno
630 3596 694 3654 eius
718 3595 794 3655 alius
818 3596 903 3655 locas
933 3615 979 3654 sa·

58 3697 121 3756 cer,
143 3679 221 3740 alius
245 3679 388 3759 profanus
411 3686 473 3756 est,
495 3679 549 3738 sed
572 3677 684 3756 ubique
718 3680 821 3738 omnia
854 3679 979 3756 eadem,

106 3797 197 3840 humari
211 3808 261 3846 opp.
276 3797 303 3838 V.
318 3796 345 3835 A.
360 3796 395 3838 ad,
413 3796 453 3835 ref.
469 3798 517 3839 hist.
533 3797 547 3836 l.
562 3808 582 3845 p.
597 3796 646 3837 Vol.
662 3797 688 3838 V·
772 3765 811 3826 24
