2258 4002
140 153 202 222 156
309 157 439 215 Assertio
459 178 535 218 omn.
565 165 642 220 artic.
662 164 694 220 D.
714 165 749 221 Μ.
769 167 795 220 L.
814 183 865 238 per
928 158 931 164 ’

140 312 320 392 originalem
339 315 660 398 Wittembergensem‚
684 323 770 383 cuius
793 324 823 382 in
846 323 907 384 tine
935 323 1048 408 legitur:

140 395 250 473 Τέλος,
273 417 352 477 quae
374 400 462 459 nobis
485 422 524 460 ex
549 401 733 466 bibliotheca
752 404 951 470 Scheurliaua
972 429 1049 490 prae·

138 486 186 538 sto
210 487 283 540 erat.

223 562 329 624 Latine
352 565 460 643 legitur
481 567 532 627 hic
556 567 630 628 liber
652 571 680 628 in
705 571 752 632 ed.
770 571 855 652 opp.
879 573 965 636 Luth.
992 578 1049 641 len.

138 643 168 719 ll,
191 664 221 724 p.
245 647 313 712 307.
337 647 494 712 Wittemb.
520 649 549 724 ll,
573 671 600 731 p.
615 653 663 726 94,
687 657 907 732 germanicein
928 658 1050 719 edwii-

137 729 228 788 temb.
252 729 302 788 Vll
325 749 354 810 p.
378 733 427 794 94.
454 733 520 793 Jen.
543 733 568 809 I,
591 754 618 814 p.
642 735 711 800 367.
744 739 866 800 Altenb.
881 740 912 818 -1,
935 761 964 821 p.
986 744 1049 808 615.

138 809 219 890 Lips.
243 809 329 875 XVII
353 833 381 894 p.
405 815 475 880 338.
499 817 617 878 Walch.
639 815 699 881 XV
722 839 751 902 p.
776 823 864 888 1752.

133 1341 271 1406 Assertio
300 1348 432 1410 omnium
462 1351 663 1416 articulorum
689 1351 818 1412 Martini
843 1349 972 1412 liutheri
998 1367 1051 1428 por

199 1447 320 1512 Bullsm
341 1454 454 1518 Leonis
475 1457 513 1516 X.
536 1457 730 1518 novissimam
751 1457 976 1521 damnatorum.

135 1620 209 1682 Viro
225 1623 410 1704 imaginibus
433 1637 462 1687 et
484 1629 757 1708 pietate'insigni,
787 1628 923 1690 Fabiano
953 1627 1052 1706 Felici,

131 1725 235 1806 Equiti
258 1727 426 1812 Germano,
449 1753 506 1794 suo
528 1735 557 1794 in
583 1735 715 1795 Domino
740 1735 883 1813 Patrono,
907 1733 1052 1794 Martinus

325 1836 473 1900 Lutherus
496 1842 526 1904 in
554 1841 677 1902 Christo
702 1839 842 1908 salutern.

211 2026 301 2102 Quod
325 2040 450 2119 saepius
472 2059 539 2101 sum
562 2049 655 2106 antea
678 2051 819 2128 testatus,
844 2047 979 2108 Fabiano
1002 2044 1053 2106 Fe·

129 2107 182 2186 lix,
204 2110 267 2170 imo
284 2113 480 2202 Felicissime,
504 2137 615 2188 essaei
637 2131 666 2188 in
693 2131 777 2191 laicis
792 2133 930 2212 spiritum
949 2129 1052 2190 iudicii

127 2192 299 2287 et'ardosis
335 2207 385 2273 (ut
407 2224 475 2266 oum
505 2209 586 2272 lsaia
610 2211 747 2294 dicam),
772 2215 820 2276 vel
853 2222 883 2274 tu
918 2214 1053 2272 maxime
1117 2277 1118 2300 χ

131 2292 250 2338 evincis
275 2291 304 2342 ct
328 2285 479 2368 declaras,
502 2294 552 2371 qui
577 2296 614 2356 de
636 2317 668 2356 rc
691 2298 873 2376 Christiana,
895 2317 987 2379 quam
1002 2316 1053 2358 va·
1117 2301 1118 2322 l

126 2355 192 2416 leas
214 2382 308 2444 pure,
332 2380 438 2450 argute
448 2405 465 2449 ,·
478 2377 537 2454 pie,
560 2379 747 2460 feliciterque
759 2389 789 2442 et
802 2383 937 2444 iudicare
950 2389 979 2444 et
992 2380 1039 2443 dis

126 2457 241 2540 forero,
264 2467 331 2509 cum
356 2473 502 2534 essemus,
525 2461 680 2543 Philippus
704 2485 789 2526 meus
810 2475 922 2549 etego,
946 2487 1051 2528 coram
1117 2517 1118 2522 1

124 2525 361 2614 Eylenburgac,
389 2557 479 2618 quam
508 2548 664 2625 egregium
693 2552 848 2628 specimen
879 2552 1052 2626 ostendisti,

127 2629 227 2691 neque
250 2615 353 2678 dubito
376 2620 406 2679 in
431 2623 488 2683 hac
515 2628 676 2690 sulcasse
709 2635 846 2694 aemulos
870 2634 922 2694 tibi
958 2655 1050 2715 quam

127 2693 292 2772 plurimos,
314 2703 357 2760 ita
383 2712 414 2764 ut
436 2709 586 2785 gaudeam
610 2709 717 2792 plane,
740 2717 848 2777 videns
870 2717 1050 2778 admirabile

128 2775 185 2836 Dei
208 2781 369 2843 consilium
394 2797 424 2847 et
446 2791 601 2871 iudicium,
626 2813 686 2875 quo
710 2817 778 2858 cum
802 2805 953 2880 perversis
980 2821 1050 2880 per-

127 2860 268 2935 vertitur,
293 2874 413 2928 etcum
437 2872 542 2934 electis
566 2877 681 2939 electus
703 2880 744 2943 fit.
790 2883 853 2944 Nos
877 2888 974 2961 enim,
998 2885 1048 2964 qui

127 2939 163 3000 de
186 2943 268 3004 clero
291 2947 415 3012 Domini
438 2974 552 3036 sumus,
581 2969 611 3020 et
634 2981 711 3041 quos
735 2965 880 3027 laicorum
914 2970 1048 3048 oportuit

124 3041 192 3084 esse
215 3030 387 3112 magistrae,
410 3037 479 3096 dum
503 3045 601 3102 aversi
626 3046 747 3106 dorsum
771 3049 910 3110 dedimus
926 3051 1047 3112 Christo

122 3107 453 3196 coangelicam,
486 3124 592 3184 cadem
629 3147 770 3189 mensura
800 3141 830 3192 et
856 3135 923 3213 ipse
957 3134 1044 3194 nobis

123 3189 245 3252 dorsum
270 3200 373 3275 vertit,
398 3212 430 3260 ut
451 3205 529 3265 sicut
551 3229 620 3269 cum
645 3231 700 3272 nos
716 3233 921 3294 provocamus
944 3218 972 3277 in
995 3237 1054 3289 e0,.

122 3273 205 3369 quod
227 3295 287 3336 non
312 3293 358 3338 cst
380 3283 479 3360 Deus,
504 3293 575 3348 etin
589 3294 701 3374 verbo,
725 3298 806 3376 quod
820 3319 882 3361 uon
896 3311 942 3360 est
955 3320 1043 3360 evau-

121 3355 244 3431 gelrum‚
268 3360 310 3419 ita
338 3383 440 3424 rursus
464 3370 530 3448 ipse
553 3393 609 3434 nos
632 3391 782 3455 provocat
804 3385 895 3464 iniis,
919 3386 1045 3463 quinon

122 3440 332 3532 suntclsrici,
351 3455 380 3504 st
402 3450 431 3506 in
455 3451 507 3529 iis,
531 3459 666 3533 quinon
690 3469 760 3522 sunt
781 3470 936 3548 magistri,
960 3468 1048 3528 laicis

120 3515 375 3601 vrdclrcetpuram
390 3531 521 3594 tribuens
535 3541 580 3598 sui
597 3544 745 3622 notitiam,
768 3551 858 3624 nobis
870 3552 1052 3632 relinquens

23 3651 26 3657 ἢ
121 3597 227 3658 stultos
251 3613 370 3668 nostras
394 3620 422 3670 et
444 3615 771 3702 impissopinioncs.·'
912 3643 916 3654 '
