<?xml version="1.0" encoding="UTF-8"?>
<!DOCTYPE html PUBLIC "-//W3C//DTD XHTML 1.0 Transitional//EN"
    "http://www.w3.org/TR/xhtml1/DTD/xhtml1-transitional.dtd">
<html xmlns="http://www.w3.org/1999/xhtml" xml:lang="en" lang="en">
 <head>
  <title>
</title>
<meta http-equiv="Content-Type" content="text/html;charset=utf-8" />
  <meta name='ocr-system' content='tesseract 3.04.00' />
  <meta name='ocr-capabilities' content='ocr_page ocr_carea ocr_par ocr_line ocrx_word'/>
</head>
<body>
  <div class='ocr_page' id='page_1' title='image "./operalatinavari03schmgoog_0140.png"; bbox 0 0 2258 4002; ppageno 0'>
   <div class='ocr_carea' id='block_1_1' title="bbox 320 191 1070 276">
    <p class='ocr_par' dir='ltr' id='par_1_1' title="bbox 320 191 1070 276">
     <span class='ocr_line' id='line_1_1' title="bbox 320 191 1070 276; baseline 0.013 -27"><span class='ocrx_word' id='word_1_1' title='bbox 320 195 354 249; x_wconf 87' lang='lat' dir='ltr'><strong>ad</strong></span> <span class='ocrx_word' id='word_1_2' title='bbox 375 195 530 250; x_wconf 79' lang='lat' dir='ltr'><strong>Concilium</strong></span> <span class='ocrx_word' id='word_1_3' title='bbox 551 195 677 252; x_wconf 71' lang='lat' dir='ltr'><strong>alcuna</strong></span> <span class='ocrx_word' id='word_1_4' title='bbox 695 194 729 248; x_wconf 77' lang='lat' dir='ltr'><strong>X.</strong></span> <span class='ocrx_word' id='word_1_5' title='bbox 941 191 1003 258; x_wconf 75' lang='grc'><strong>129</strong></span> <span class='ocrx_word' id='word_1_6' title='bbox 1068 273 1070 276; x_wconf 23' lang='grc' dir='ltr'>Ι</span> 
     </span>
    </p>
   </div>
   <div class='ocr_carea' id='block_1_2' title="bbox 12 348 1008 2417">
    <p class='ocr_par' dir='ltr' id='par_1_2' title="bbox 75 348 1004 1569">
     <span class='ocr_line' id='line_1_2' title="bbox 86 348 999 428; baseline -0.001 -19"><span class='ocrx_word' id='word_1_7' title='bbox 86 349 120 410; x_wconf 84' lang='lat' dir='ltr'><strong>alr</strong></span> <span class='ocrx_word' id='word_1_8' title='bbox 142 349 244 422; x_wconf 88' lang='lat' dir='ltr'><strong>hoste,</strong></span> <span class='ocrx_word' id='word_1_9' title='bbox 269 348 454 428; x_wconf 84' lang='lat' dir='ltr'><strong>adversario,</strong></span> <span class='ocrx_word' id='word_1_10' title='bbox 477 348 674 427; x_wconf 82' lang='lat' dir='ltr'><strong>antichristo,</strong></span> <span class='ocrx_word' id='word_1_11' title='bbox 697 365 882 428; x_wconf 88' lang='lat' dir='ltr'><strong>oppressore</strong></span> <span class='ocrx_word' id='word_1_12' title='bbox 904 349 999 410; x_wconf 86' lang='lat' dir='ltr'><strong>totius</strong></span> 
     </span>
     <span class='ocr_line' id='line_1_3' title="bbox 85 431 1000 512; baseline 0 -21"><span class='ocrx_word' id='word_1_13' title='bbox 85 451 186 492; x_wconf 83' lang='lat' dir='ltr'><strong>sacrae</strong></span> <span class='ocrx_word' id='word_1_14' title='bbox 200 431 385 512; x_wconf 82' lang='lat' dir='ltr'><strong>Scripturas,</strong></span> <span class='ocrx_word' id='word_1_15' title='bbox 407 435 436 492; x_wconf 92' lang='lat' dir='ltr'><strong>in</strong></span> <span class='ocrx_word' id='word_1_16' title='bbox 460 433 529 506; x_wconf 88' lang='lat' dir='ltr'><strong>hoe,</strong></span> <span class='ocrx_word' id='word_1_17' title='bbox 552 431 633 512; x_wconf 92' lang='lat' dir='ltr'><strong>quod</strong></span> <span class='ocrx_word' id='word_1_18' title='bbox 659 433 800 510; x_wconf 82' lang='lat' dir='ltr'><strong>propriis,</strong></span> <span class='ocrx_word' id='word_1_19' title='bbox 823 432 922 507; x_wconf 89' lang='lat' dir='ltr'><strong>meris,</strong></span> <span class='ocrx_word' id='word_1_20' title='bbox 948 451 1000 491; x_wconf 92' lang='lat' dir='ltr'><strong>nu-</strong></span> 
     </span>
     <span class='ocr_line' id='line_1_4' title="bbox 84 513 1002 594; baseline 0 -20"><span class='ocrx_word' id='word_1_21' title='bbox 84 515 187 591; x_wconf 82' lang='lat' dir='ltr'><strong>disque</strong></span> <span class='ocrx_word' id='word_1_22' title='bbox 211 517 310 576; x_wconf 86' lang='lat' dir='ltr'><strong>vcrbis</strong></span> <span class='ocrx_word' id='word_1_23' title='bbox 332 517 395 576; x_wconf 90' lang='lat' dir='ltr'><strong>suis</strong></span> <span class='ocrx_word' id='word_1_24' title='bbox 417 518 490 594; x_wconf 87' lang='lat' dir='ltr'><strong>agit,</strong></span> <span class='ocrx_word' id='word_1_25' title='bbox 513 523 620 575; x_wconf 85' lang='lat' dir='ltr'><strong>contra</strong></span> <span class='ocrx_word' id='word_1_26' title='bbox 643 516 737 573; x_wconf 84' lang='lat' dir='ltr'><strong>verba</strong></span> <span class='ocrx_word' id='word_1_27' title='bbox 759 515 880 573; x_wconf 84' lang='lat' dir='ltr'><strong>divinae</strong></span> <span class='ocrx_word' id='word_1_28' title='bbox 902 513 1002 593; x_wconf 77' lang='lat' dir='ltr'><strong>Serip-</strong></span> 
     </span>
     <span class='ocr_line' id='line_1_5' title="bbox 83 597 1003 677; baseline 0.001 -21"><span class='ocrx_word' id='word_1_29' title='bbox 83 606 162 656; x_wconf 89' lang='lat' dir='ltr'><strong>turae</strong></span> <span class='ocrx_word' id='word_1_30' title='bbox 186 598 242 656; x_wconf 92' lang='lat' dir='ltr'><strong>sibl</strong></span> <span class='ocrx_word' id='word_1_31' title='bbox 261 598 402 659; x_wconf 82' lang='lat' dir='ltr'><strong>adducta.</strong></span> <span class='ocrx_word' id='word_1_32' title='bbox 447 597 582 674; x_wconf 76' lang='lat' dir='ltr'><strong>Quarto,</strong></span> <span class='ocrx_word' id='word_1_33' title='bbox 605 605 750 675; x_wconf 89' lang='lat' dir='ltr'><strong>tanquam</strong></span> <span class='ocrx_word' id='word_1_34' title='bbox 773 615 792 655; x_wconf 88' lang='lat' dir='ltr'><strong>a</strong></span> <span class='ocrx_word' id='word_1_35' title='bbox 812 597 1003 677; x_wconf 85' lang='lat' dir='ltr'><strong>blasphemo,</strong></span> 
     </span>
     <span class='ocr_line' id='line_1_6' title="bbox 82 679 1004 761; baseline 0.002 -23"><span class='ocrx_word' id='word_1_36' title='bbox 82 679 211 758; x_wconf 87' lang='lat' dir='ltr'><strong>superbo</strong></span> <span class='ocrx_word' id='word_1_37' title='bbox 235 688 447 761; x_wconf 89' lang='lat' dir='ltr'><strong>contemptore</strong></span> <span class='ocrx_word' id='word_1_38' title='bbox 469 687 596 740; x_wconf 88' lang='lat' dir='ltr'><strong>sanotae</strong></span> <span class='ocrx_word' id='word_1_39' title='bbox 619 679 838 740; x_wconf 87' lang='lat' dir='ltr'><strong>ecclesiacDei</strong></span> <span class='ocrx_word' id='word_1_40' title='bbox 868 681 1004 760; x_wconf 48' lang='lat' dir='ltr'><strong>stslegi«</strong></span> 
     </span>
     <span class='ocr_line' id='line_1_7' title="bbox 80 763 1003 843; baseline 0 -21"><span class='ocrx_word' id='word_1_41' title='bbox 80 763 139 822; x_wconf 90' lang='lat' dir='ltr'><strong>timi</strong></span> <span class='ocrx_word' id='word_1_42' title='bbox 171 765 309 837; x_wconf 86' lang='lat' dir='ltr'><strong>concilii,</strong></span> <span class='ocrx_word' id='word_1_43' title='bbox 336 765 366 823; x_wconf 90' lang='lat' dir='ltr'><strong>in</strong></span> <span class='ocrx_word' id='word_1_44' title='bbox 391 764 467 842; x_wconf 88' lang='lat' dir='ltr'><strong>hoc,</strong></span> <span class='ocrx_word' id='word_1_45' title='bbox 490 764 572 843; x_wconf 91' lang='lat' dir='ltr'><strong>quod</strong></span> <span class='ocrx_word' id='word_1_46' title='bbox 595 763 761 842; x_wconf 87' lang='lat' dir='ltr'><strong>praesumit</strong></span> <span class='ocrx_word' id='word_1_47' title='bbox 791 770 822 822; x_wconf 85' lang='lat' dir='ltr'><strong>et</strong></span> <span class='ocrx_word' id='word_1_48' title='bbox 851 765 1003 839; x_wconf 80' lang='lat' dir='ltr'><strong>mentitur,</strong></span> 
     </span>
     <span class='ocr_line' id='line_1_8' title="bbox 81 845 1004 925; baseline 0.003 -22"><span class='ocrx_word' id='word_1_49' title='bbox 81 845 242 904; x_wconf 89' lang='lat' dir='ltr'><strong>concilium</strong></span> <span class='ocrx_word' id='word_1_50' title='bbox 267 845 341 906; x_wconf 87' lang='lat' dir='ltr'>nihil</span> <span class='ocrx_word' id='word_1_51' title='bbox 362 865 430 906; x_wconf 87' lang='lat' dir='ltr'><strong>esse</strong></span> <span class='ocrx_word' id='word_1_52' title='bbox 452 847 481 905; x_wconf 92' lang='lat' dir='ltr'><strong>in</strong></span> <span class='ocrx_word' id='word_1_53' title='bbox 506 865 605 906; x_wconf 85' lang='lat' dir='ltr'><strong>rerum</strong></span> <span class='ocrx_word' id='word_1_54' title='bbox 629 856 751 922; x_wconf 89' lang='lat' dir='ltr'><strong>natura,</strong></span> <span class='ocrx_word' id='word_1_55' title='bbox 774 848 862 924; x_wconf 88' lang='lat' dir='ltr'><strong>quasi</strong></span> <span class='ocrx_word' id='word_1_56' title='bbox 882 847 1004 925; x_wconf 81' lang='lat' dir='ltr'>ignoret</span> 
     </span>
     <span class='ocr_line' id='line_1_9' title="bbox 79 928 1002 1009; baseline 0 -21"><span class='ocrx_word' id='word_1_57' title='bbox 79 929 180 1004; x_wconf 89' lang='lat' dir='ltr'><strong>etiam,</strong></span> <span class='ocrx_word' id='word_1_58' title='bbox 204 928 228 988; x_wconf 91' lang='lat' dir='ltr'><strong>si</strong></span> <span class='ocrx_word' id='word_1_59' title='bbox 251 947 311 990; x_wconf 94' lang='lat' dir='ltr'><strong>non</strong></span> <span class='ocrx_word' id='word_1_60' title='bbox 335 931 374 988; x_wconf 91' lang='lat' dir='ltr'><strong>sit</strong></span> <span class='ocrx_word' id='word_1_61' title='bbox 397 938 467 988; x_wconf 90' lang='lat' dir='ltr'><strong>aotu</strong></span> <span class='ocrx_word' id='word_1_62' title='bbox 482 937 712 1009; x_wconf 84' lang='lat' dir='ltr'><strong>congregatum,</strong></span> <span class='ocrx_word' id='word_1_63' title='bbox 735 937 837 988; x_wconf 87' lang='lat' dir='ltr'><strong>tamen</strong></span> <span class='ocrx_word' id='word_1_64' title='bbox 853 939 921 989; x_wconf 86' lang='lat' dir='ltr'><strong>esse</strong></span> <span class='ocrx_word' id='word_1_65' title='bbox 936 949 1002 1009; x_wconf 88' lang='lat' dir='ltr'><strong>per·</strong></span> 
     </span>
     <span class='ocr_line' id='line_1_10' title="bbox 79 1012 1001 1083; baseline 0.004 -15"><span class='ocrx_word' id='word_1_66' title='bbox 79 1029 169 1069; x_wconf 88' lang='lat' dir='ltr'><strong>sonas</strong></span> <span class='ocrx_word' id='word_1_67' title='bbox 193 1012 223 1070; x_wconf 92' lang='lat' dir='ltr'><strong>in</strong></span> <span class='ocrx_word' id='word_1_68' title='bbox 247 1012 380 1072; x_wconf 86' lang='lat' dir='ltr'><strong>ecclesia</strong></span> <span class='ocrx_word' id='word_1_69' title='bbox 401 1012 540 1072; x_wconf 90' lang='lat' dir='ltr'><strong>nonnihil</strong></span> <span class='ocrx_word' id='word_1_70' title='bbox 562 1014 591 1070; x_wconf 91' lang='lat' dir='ltr'><strong>in</strong></span> <span class='ocrx_word' id='word_1_71' title='bbox 615 1030 713 1070; x_wconf 86' lang='lat' dir='ltr'><strong>rerum</strong></span> <span class='ocrx_word' id='word_1_72' title='bbox 739 1019 858 1083; x_wconf 84' lang='lat' dir='ltr'><strong>natum,</strong></span> <span class='ocrx_word' id='word_1_73' title='bbox 875 1012 1001 1073; x_wconf 91' lang='lat' dir='ltr'><strong>imodo-</strong></span> 
     </span>
     <span class='ocr_line' id='line_1_11' title="bbox 79 1093 1004 1174; baseline 0 -22"><span class='ocrx_word' id='word_1_74' title='bbox 79 1096 177 1152; x_wconf 91' lang='lat' dir='ltr'><strong>minos</strong></span> <span class='ocrx_word' id='word_1_75' title='bbox 202 1101 232 1154; x_wconf 91' lang='lat' dir='ltr'><strong>et</strong></span> <span class='ocrx_word' id='word_1_76' title='bbox 243 1094 359 1154; x_wconf 90' lang='lat' dir='ltr'><strong>iudices</strong></span> <span class='ocrx_word' id='word_1_77' title='bbox 372 1095 528 1170; x_wconf 87' lang='lat' dir='ltr'><strong>omnium,</strong></span> <span class='ocrx_word' id='word_1_78' title='bbox 549 1095 600 1173; x_wconf 89' lang='lat' dir='ltr'><strong>qui</strong></span> <span class='ocrx_word' id='word_1_79' title='bbox 615 1093 653 1152; x_wconf 92' lang='lat' dir='ltr'><strong>ad</strong></span> <span class='ocrx_word' id='word_1_80' title='bbox 671 1093 834 1154; x_wconf 88' lang='lat' dir='ltr'><strong>concilium</strong></span> <span class='ocrx_word' id='word_1_81' title='bbox 851 1095 1004 1174; x_wconf 77' lang='lat' dir='ltr'><strong>pertinent</strong></span> 
     </span>
     <span class='ocr_line' id='line_1_12' title="bbox 78 1175 1003 1257; baseline 0.002 -22"><span class='ocrx_word' id='word_1_82' title='bbox 78 1193 131 1255; x_wconf 92' lang='lat' dir='ltr'><strong>pro</strong></span> <span class='ocrx_word' id='word_1_83' title='bbox 154 1182 296 1256; x_wconf 88' lang='lat' dir='ltr'><strong>tempore</strong></span> <span class='ocrx_word' id='word_1_84' title='bbox 319 1175 580 1257; x_wconf 84' lang='lat' dir='ltr'><strong>congregandum.</strong></span> <span class='ocrx_word' id='word_1_85' title='bbox 624 1175 732 1255; x_wconf 84' lang='lat' dir='ltr'><strong>Neque</strong></span> <span class='ocrx_word' id='word_1_86' title='bbox 755 1179 833 1237; x_wconf 81' lang='lat' dir='ltr'><strong>eninr</strong></span> <span class='ocrx_word' id='word_1_87' title='bbox 858 1179 927 1237; x_wconf 92' lang='lat' dir='ltr'><strong>iden</strong></span> <span class='ocrx_word' id='word_1_88' title='bbox 950 1179 1003 1237; x_wconf 91' lang='lat' dir='ltr'><strong>im·</strong></span> 
     </span>
     <span class='ocr_line' id='line_1_13' title="bbox 77 1260 1001 1340; baseline 0.001 -22"><span class='ocrx_word' id='word_1_89' title='bbox 77 1260 194 1337; x_wconf 87' lang='lat' dir='ltr'><strong>perium</strong></span> <span class='ocrx_word' id='word_1_90' title='bbox 217 1269 270 1320; x_wconf 89' lang='lat' dir='ltr'><strong>aut</strong></span> <span class='ocrx_word' id='word_1_91' title='bbox 292 1271 417 1320; x_wconf 85' lang='lat' dir='ltr'><strong>senatus</strong></span> <span class='ocrx_word' id='word_1_92' title='bbox 447 1260 521 1320; x_wconf 87' lang='lat' dir='ltr'><strong>nihil</strong></span> <span class='ocrx_word' id='word_1_93' title='bbox 544 1266 607 1338; x_wconf 89' lang='lat' dir='ltr'><strong>est,</strong></span> <span class='ocrx_word' id='word_1_94' title='bbox 637 1261 708 1339; x_wconf 89' lang='lat' dir='ltr'><strong>quia</strong></span> <span class='ocrx_word' id='word_1_95' title='bbox 739 1263 905 1340; x_wconf 84' lang='lat' dir='ltr'><strong>imperator</strong></span> <span class='ocrx_word' id='word_1_96' title='bbox 933 1279 1001 1319; x_wconf 85' lang='lat' dir='ltr'><strong>cunr</strong></span> 
     </span>
     <span class='ocr_line' id='line_1_14' title="bbox 76 1342 1004 1425; baseline 0.003 -25"><span class='ocrx_word' id='word_1_97' title='bbox 76 1342 264 1425; x_wconf 77' lang='lat' dir='ltr'><strong>principibus</strong></span> <span class='ocrx_word' id='word_1_98' title='bbox 287 1353 339 1402; x_wconf 89' lang='lat' dir='ltr'><strong>ant</strong></span> <span class='ocrx_word' id='word_1_99' title='bbox 361 1348 519 1403; x_wconf 78' lang='lat' dir='ltr'><strong>senatores</strong></span> <span class='ocrx_word' id='word_1_100' title='bbox 542 1345 604 1402; x_wconf 85' lang='lat' dir='ltr'><strong>non</strong></span> <span class='ocrx_word' id='word_1_101' title='bbox 627 1351 697 1401; x_wconf 89' lang='lat' dir='ltr'><strong>sunt</strong></span> <span class='ocrx_word' id='word_1_102' title='bbox 716 1345 906 1424; x_wconf 86' lang='lat' dir='ltr'><strong>congregati,</strong></span> <span class='ocrx_word' id='word_1_103' title='bbox 928 1361 1004 1422; x_wconf 91' lang='lat' dir='ltr'><strong>quo·</strong></span> 
     </span>
     <span class='ocr_line' id='line_1_15' title="bbox 75 1424 1002 1506; baseline 0.004 -24"><span class='ocrx_word' id='word_1_104' title='bbox 75 1443 137 1483; x_wconf 89' lang='lat' dir='ltr'><strong>rum</strong></span> <span class='ocrx_word' id='word_1_105' title='bbox 156 1425 286 1486; x_wconf 89' lang='lat' dir='ltr'><strong>interest</strong></span> <span class='ocrx_word' id='word_1_106' title='bbox 308 1426 499 1506; x_wconf 87' lang='lat' dir='ltr'><strong>congregari,</strong></span> <span class='ocrx_word' id='word_1_107' title='bbox 517 1426 597 1485; x_wconf 89' lang='lat' dir='ltr'><strong>siout</strong></span> <span class='ocrx_word' id='word_1_108' title='bbox 618 1424 837 1506; x_wconf 86' lang='lat' dir='ltr'><strong>hicinsigniter</strong></span> <span class='ocrx_word' id='word_1_109' title='bbox 853 1434 884 1488; x_wconf 87' lang='lat' dir='ltr'><strong>et</strong></span> <span class='ocrx_word' id='word_1_110' title='bbox 898 1443 1002 1486; x_wconf 84' lang='lat' dir='ltr'><strong>crasse</strong></span> 
     </span>
     <span class='ocr_line' id='line_1_16' title="bbox 75 1505 641 1569; baseline 0.007 -4"><span class='ocrx_word' id='word_1_111' title='bbox 75 1505 184 1566; x_wconf 77' lang='lat' dir='ltr'><strong>delirat</strong></span> <span class='ocrx_word' id='word_1_112' title='bbox 206 1507 270 1568; x_wconf 88' lang='lat' dir='ltr'><strong>Leo</strong></span> <span class='ocrx_word' id='word_1_113' title='bbox 293 1526 361 1568; x_wconf 90' lang='lat' dir='ltr'><strong>oum</strong></span> <span class='ocrx_word' id='word_1_114' title='bbox 384 1511 447 1568; x_wconf 87' lang='lat' dir='ltr'><strong>suis</strong></span> <span class='ocrx_word' id='word_1_115' title='bbox 470 1507 641 1569; x_wconf 78' lang='lat' dir='ltr'><strong>leunculis.</strong></span> 
     </span>
    </p>

    <p class='ocr_par' dir='ltr' id='par_1_3' title="bbox 76 1588 1001 1835">
     <span class='ocr_line' id='line_1_17' title="bbox 156 1588 1000 1671; baseline 0.002 -21"><span class='ocrx_word' id='word_1_116' title='bbox 156 1589 275 1650; x_wconf 85' lang='lat' dir='ltr'><strong>Horum</strong></span> <span class='ocrx_word' id='word_1_117' title='bbox 298 1592 433 1652; x_wconf 90' lang='lat' dir='ltr'><strong>omnium</strong></span> <span class='ocrx_word' id='word_1_118' title='bbox 456 1592 605 1652; x_wconf 89' lang='lat' dir='ltr'><strong>rationem</strong></span> <span class='ocrx_word' id='word_1_119' title='bbox 629 1588 756 1650; x_wconf 90' lang='lat' dir='ltr'><strong>reddere</strong></span> <span class='ocrx_word' id='word_1_120' title='bbox 767 1599 890 1671; x_wconf 86' lang='lat' dir='ltr'><strong>paratus</strong></span> <span class='ocrx_word' id='word_1_121' title='bbox 904 1591 1000 1652; x_wconf 82' lang='lat' dir='ltr'><strong>offero</strong></span> 
     </span>
     <span class='ocr_line' id='line_1_18' title="bbox 76 1672 1001 1754; baseline 0.004 -24"><span class='ocrx_word' id='word_1_122' title='bbox 76 1689 122 1730; x_wconf 93' lang='lat' dir='ltr'><strong>me</strong></span> <span class='ocrx_word' id='word_1_123' title='bbox 145 1691 204 1752; x_wconf 92' lang='lat' dir='ltr'><strong>pro</strong></span> <span class='ocrx_word' id='word_1_124' title='bbox 225 1672 297 1733; x_wconf 88' lang='lat' dir='ltr'><strong>loeo</strong></span> <span class='ocrx_word' id='word_1_125' title='bbox 320 1683 351 1734; x_wconf 89' lang='lat' dir='ltr'><strong>et</strong></span> <span class='ocrx_word' id='word_1_126' title='bbox 371 1681 509 1754; x_wconf 87' lang='lat' dir='ltr'><strong>tempore</strong></span> <span class='ocrx_word' id='word_1_127' title='bbox 540 1674 580 1734; x_wconf 92' lang='lat' dir='ltr'><strong>ad</strong></span> <span class='ocrx_word' id='word_1_128' title='bbox 609 1672 848 1753; x_wconf 82' lang='lat' dir='ltr'><strong>comparendum</strong></span> <span class='ocrx_word' id='word_1_129' title='bbox 871 1685 901 1734; x_wconf 90' lang='lat' dir='ltr'><strong>et</strong></span> <span class='ocrx_word' id='word_1_130' title='bbox 922 1683 1001 1734; x_wconf 89' lang='lat' dir='ltr'><strong>stan·</strong></span> 
     </span>
     <span class='ocr_line' id='line_1_19' title="bbox 76 1753 824 1835; baseline 0.007 -22"><span class='ocrx_word' id='word_1_131' title='bbox 76 1753 144 1814; x_wconf 92' lang='lat' dir='ltr'><strong>dum</strong></span> <span class='ocrx_word' id='word_1_132' title='bbox 170 1762 202 1816; x_wconf 90' lang='lat' dir='ltr'><strong>et</strong></span> <span class='ocrx_word' id='word_1_133' title='bbox 223 1755 419 1833; x_wconf 89' lang='lat' dir='ltr'><strong>audiendum,</strong></span> <span class='ocrx_word' id='word_1_134' title='bbox 441 1758 509 1835; x_wconf 89' lang='lat' dir='ltr'><strong>quis</strong></span> <span class='ocrx_word' id='word_1_135' title='bbox 531 1756 722 1818; x_wconf 85' lang='lat' dir='ltr'><strong>contradicat</strong></span> <span class='ocrx_word' id='word_1_136' title='bbox 743 1757 824 1820; x_wconf 85' lang='lat' dir='ltr'><strong>mini.</strong></span> 
     </span>
    </p>

    <p class='ocr_par' dir='ltr' id='par_1_4' title="bbox 12 1836 1008 2417">
     <span class='ocr_line' id='line_1_20' title="bbox 156 1836 1008 1920; baseline -0.001 -22"><span class='ocrx_word' id='word_1_137' title='bbox 156 1836 313 1913; x_wconf 82' lang='lat' dir='ltr'><strong>Quocirca</strong></span> <span class='ocrx_word' id='word_1_138' title='bbox 335 1858 390 1899; x_wconf 93' lang='lat' dir='ltr'><strong>oro</strong></span> <span class='ocrx_word' id='word_1_139' title='bbox 412 1840 590 1920; x_wconf 76' lang='lat' dir='ltr'><strong>suppliciter</strong></span> <span class='ocrx_word' id='word_1_140' title='bbox 602 1839 846 1912; x_wconf 73' lang='lat' dir='ltr'><strong>serenissimum,</strong></span> <span class='ocrx_word' id='word_1_141' title='bbox 863 1838 1008 1898; x_wconf 75' lang='lat' dir='ltr'><strong>illustris2·</strong></span> 
     </span>
     <span class='ocr_line' id='line_1_21' title="bbox 74 1920 1000 2004; baseline 0.001 -25"><span class='ocrx_word' id='word_1_142' title='bbox 74 1920 182 1998; x_wconf 86' lang='lat' dir='ltr'><strong>simos,</strong></span> <span class='ocrx_word' id='word_1_143' title='bbox 204 1921 335 2000; x_wconf 86' lang='lat' dir='ltr'><strong>inclitos,</strong></span> <span class='ocrx_word' id='word_1_144' title='bbox 358 1940 538 2004; x_wconf 86' lang='lat' dir='ltr'><strong>generosos,</strong></span> <span class='ocrx_word' id='word_1_145' title='bbox 560 1921 853 1999; x_wconf 87' lang='lat' dir='ltr'><strong>nobiles,st1·snuos,</strong></span> <span class='ocrx_word' id='word_1_146' title='bbox 872 1920 1000 2002; x_wconf 88' lang='lat' dir='ltr'><strong>pruden-</strong></span> 
     </span>
     <span class='ocr_line' id='line_1_22' title="bbox 12 2001 1003 2085; baseline 0.001 -24"><span class='ocrx_word' id='word_1_147' title='bbox 12 2013 13 2020; x_wconf 73' lang='grc'>’</span> <span class='ocrx_word' id='word_1_148' title='bbox 74 2001 118 2062; x_wconf 88' lang='lat' dir='ltr'><strong>les</strong></span> <span class='ocrx_word' id='word_1_149' title='bbox 131 2004 576 2083; x_wconf 82' lang='lat' dir='ltr'><strong>virosetDominoa,Oarolum</strong></span> <span class='ocrx_word' id='word_1_150' title='bbox 590 2009 820 2085; x_wconf 74' lang='lat' dir='ltr'><strong>Imperatorem,</strong></span> <span class='ocrx_word' id='word_1_151' title='bbox 843 2003 1003 2064; x_wconf 78' lang='lat' dir='ltr'><strong>Electores</strong></span> 
     </span>
     <span class='ocr_line' id='line_1_23' title="bbox 12 2086 1000 2168; baseline 0.003 -24"><span class='ocrx_word' id='word_1_152' title='bbox 12 2143 13 2160; x_wconf 44' lang='lat'><strong>,</strong></span> <span class='ocrx_word' id='word_1_153' title='bbox 73 2087 205 2167; x_wconf 87' lang='lat' dir='ltr'><strong>tmperii,</strong></span> <span class='ocrx_word' id='word_1_154' title='bbox 229 2087 394 2168; x_wconf 78' lang='lat' dir='ltr'><strong>Principes,</strong></span> <span class='ocrx_word' id='word_1_155' title='bbox 417 2087 564 2166; x_wconf 80' lang='lat' dir='ltr'><strong>Comites,</strong></span> <span class='ocrx_word' id='word_1_156' title='bbox 578 2089 724 2164; x_wconf 77' lang='lat' dir='ltr'><strong>Berones,</strong></span> <span class='ocrx_word' id='word_1_157' title='bbox 747 2087 891 2165; x_wconf 84' lang='lat' dir='ltr'><strong>Nobiles,</strong></span> <span class='ocrx_word' id='word_1_158' title='bbox 907 2086 1000 2147; x_wconf 80' lang='lat' dir='ltr'><strong>Sena·</strong></span> 
     </span>
     <span class='ocr_line' id='line_1_24' title="bbox 74 2170 999 2250; baseline 0.002 -22"><span class='ocrx_word' id='word_1_159' title='bbox 74 2178 174 2247; x_wconf 84' lang='lat' dir='ltr'><strong>tores,</strong></span> <span class='ocrx_word' id='word_1_160' title='bbox 205 2177 236 2230; x_wconf 92' lang='lat' dir='ltr'><strong>et</strong></span> <span class='ocrx_word' id='word_1_161' title='bbox 257 2170 403 2250; x_wconf 91' lang='lat' dir='ltr'><strong>quidquid</strong></span> <span class='ocrx_word' id='word_1_162' title='bbox 426 2178 473 2232; x_wconf 90' lang='lat' dir='ltr'><strong>est</strong></span> <span class='ocrx_word' id='word_1_163' title='bbox 495 2170 657 2232; x_wconf 79' lang='lat' dir='ltr'><strong>Christiani</strong></span> <span class='ocrx_word' id='word_1_164' title='bbox 681 2172 876 2250; x_wconf 81' lang='lat' dir='ltr'><strong>magistratus</strong></span> <span class='ocrx_word' id='word_1_165' title='bbox 906 2171 999 2230; x_wconf 88' lang='lat' dir='ltr'><strong>totius</strong></span> 
     </span>
     <span class='ocr_line' id='line_1_25' title="bbox 75 2250 1001 2334; baseline 0.003 -24"><span class='ocrx_word' id='word_1_166' title='bbox 75 2250 276 2329; x_wconf 77' lang='lat' dir='ltr'><strong>Germaniae,</strong></span> <span class='ocrx_word' id='word_1_167' title='bbox 300 2253 394 2314; x_wconf 89' lang='lat' dir='ltr'><strong>velint</strong></span> <span class='ocrx_word' id='word_1_168' title='bbox 415 2273 471 2334; x_wconf 88' lang='lat' dir='ltr'><strong>pro</strong></span> <span class='ocrx_word' id='word_1_169' title='bbox 493 2253 671 2316; x_wconf 85' lang='lat' dir='ltr'><strong>redimenda</strong></span> <span class='ocrx_word' id='word_1_170' title='bbox 698 2254 851 2315; x_wconf 85' lang='lat' dir='ltr'><strong>catholiea</strong></span> <span class='ocrx_word' id='word_1_171' title='bbox 874 2254 1001 2314; x_wconf 80' lang='lat' dir='ltr'><strong>veritate</strong></span> 
     </span>
     <span class='ocr_line' id='line_1_26' title="bbox 74 2333 999 2417; baseline 0.002 -23"><span class='ocrx_word' id='word_1_172' title='bbox 74 2341 102 2394; x_wconf 87' lang='lat' dir='ltr'><strong>et</strong></span> <span class='ocrx_word' id='word_1_173' title='bbox 123 2335 228 2414; x_wconf 88' lang='lat' dir='ltr'><strong>gloria</strong></span> <span class='ocrx_word' id='word_1_174' title='bbox 238 2333 307 2414; x_wconf 89' lang='lat' dir='ltr'><strong>Dei,</strong></span> <span class='ocrx_word' id='word_1_175' title='bbox 329 2356 385 2416; x_wconf 88' lang='lat' dir='ltr'><strong>pro</strong></span> <span class='ocrx_word' id='word_1_176' title='bbox 409 2337 469 2398; x_wconf 89' lang='lat' dir='ltr'><strong>tide</strong></span> <span class='ocrx_word' id='word_1_177' title='bbox 491 2346 520 2396; x_wconf 89' lang='lat' dir='ltr'><strong>et</strong></span> <span class='ocrx_word' id='word_1_178' title='bbox 542 2337 672 2398; x_wconf 87' lang='lat' dir='ltr'><strong>ecelesia</strong></span> <span class='ocrx_word' id='word_1_179' title='bbox 692 2337 812 2417; x_wconf 79' lang='lat' dir='ltr'><strong>Christi,</strong></span> <span class='ocrx_word' id='word_1_180' title='bbox 835 2356 891 2417; x_wconf 90' lang='lat' dir='ltr'><strong>pro</strong></span> <span class='ocrx_word' id='word_1_181' title='bbox 914 2336 999 2396; x_wconf 87' lang='lat' dir='ltr'><strong>liber·</strong></span> 
     </span>
    </p>
   </div>
   <div class='ocr_carea' id='block_1_3' title="bbox 73 2419 1096 2500">
    <p class='ocr_par' dir='ltr' id='par_1_5' title="bbox 73 2419 1096 2500">
     <span class='ocr_line' id='line_1_27' title="bbox 73 2419 1096 2500; baseline 0.001 -23"><span class='ocrx_word' id='word_1_182' title='bbox 73 2425 133 2478; x_wconf 88' lang='lat' dir='ltr'><strong>tate</strong></span> <span class='ocrx_word' id='word_1_183' title='bbox 158 2427 190 2478; x_wconf 87' lang='lat' dir='ltr'><strong>et</strong></span> <span class='ocrx_word' id='word_1_184' title='bbox 212 2419 276 2478; x_wconf 88' lang='lat' dir='ltr'><strong>iure</strong></span> <span class='ocrx_word' id='word_1_185' title='bbox 298 2419 425 2500; x_wconf 83' lang='lat' dir='ltr'><strong>legitimi</strong></span> <span class='ocrx_word' id='word_1_186' title='bbox 447 2419 587 2492; x_wconf 84' lang='lat' dir='ltr'><strong>consilii,</strong></span> <span class='ocrx_word' id='word_1_187' title='bbox 614 2421 687 2480; x_wconf 92' lang='lat' dir='ltr'><strong>mihi</strong></span> <span class='ocrx_word' id='word_1_188' title='bbox 717 2437 865 2498; x_wconf 87' lang='lat' dir='ltr'><strong>meaeque</strong></span> <span class='ocrx_word' id='word_1_189' title='bbox 888 2419 1000 2499; x_wconf 78' lang='lat' dir='ltr'><strong>Appel-</strong></span> <span class='ocrx_word' id='word_1_190' title='bbox 1092 2448 1096 2454; x_wconf 96' lang='lat'>·</span> 
     </span>
    </p>
   </div>
   <div class='ocr_carea' id='block_1_4' title="bbox 73 2499 1001 3413">
    <p class='ocr_par' dir='ltr' id='par_1_6' title="bbox 73 2499 1001 3413">
     <span class='ocr_line' id='line_1_28' title="bbox 74 2499 999 2584; baseline 0.003 -26"><span class='ocrx_word' id='word_1_191' title='bbox 74 2500 181 2561; x_wconf 88' lang='lat' dir='ltr'><strong>lationi</strong></span> <span class='ocrx_word' id='word_1_192' title='bbox 205 2499 383 2581; x_wconf 85' lang='lat' dir='ltr'><strong>adhaerere,</strong></span> <span class='ocrx_word' id='word_1_193' title='bbox 405 2523 505 2584; x_wconf 87' lang='lat' dir='ltr'><strong>papae</strong></span> <span class='ocrx_word' id='word_1_194' title='bbox 526 2501 735 2564; x_wconf 86' lang='lat' dir='ltr'><strong>incredibilem</strong></span> <span class='ocrx_word' id='word_1_195' title='bbox 749 2504 899 2563; x_wconf 84' lang='lat' dir='ltr'><strong>insaniam</strong></span> <span class='ocrx_word' id='word_1_196' title='bbox 915 2521 999 2562; x_wconf 83' lang='lat' dir='ltr'><strong>aver·</strong></span> 
     </span>
     <span class='ocr_line' id='line_1_29' title="bbox 73 2585 998 2667; baseline 0.002 -25"><span class='ocrx_word' id='word_1_197' title='bbox 73 2585 143 2661; x_wconf 84' lang='lat' dir='ltr'><strong>sari,</strong></span> <span class='ocrx_word' id='word_1_198' title='bbox 168 2585 322 2664; x_wconf 85' lang='lat' dir='ltr'><strong>tyrannidi</strong></span> <span class='ocrx_word' id='word_1_199' title='bbox 344 2587 410 2646; x_wconf 89' lang='lat' dir='ltr'><strong>eius</strong></span> <span class='ocrx_word' id='word_1_200' title='bbox 431 2588 628 2667; x_wconf 78' lang='lat' dir='ltr'><strong>impiissimae</strong></span> <span class='ocrx_word' id='word_1_201' title='bbox 651 2587 801 2664; x_wconf 85' lang='lat' dir='ltr'><strong>resistere,</strong></span> <span class='ocrx_word' id='word_1_202' title='bbox 824 2593 877 2646; x_wconf 88' lang='lat' dir='ltr'><strong>aut</strong></span> <span class='ocrx_word' id='word_1_203' title='bbox 890 2587 998 2646; x_wconf 88' lang='lat' dir='ltr'><strong>saltem</strong></span> 
     </span>
     <span class='ocr_line' id='line_1_30' title="bbox 75 2668 999 2745; baseline 0.002 -19"><span class='ocrx_word' id='word_1_204' title='bbox 75 2668 245 2745; x_wconf 83' lang='lat' dir='ltr'><strong>quiescere,</strong></span> <span class='ocrx_word' id='word_1_205' title='bbox 267 2675 299 2729; x_wconf 91' lang='lat' dir='ltr'><strong>et</strong></span> <span class='ocrx_word' id='word_1_206' title='bbox 320 2668 427 2729; x_wconf 89' lang='lat' dir='ltr'><strong>Bullae</strong></span> <span class='ocrx_word' id='word_1_207' title='bbox 448 2670 598 2730; x_wconf 88' lang='lat' dir='ltr'><strong>eiusmodi</strong></span> <span class='ocrx_word' id='word_1_208' title='bbox 614 2670 843 2730; x_wconf 78' lang='lat' dir='ltr'><strong>exsecutionem</strong></span> <span class='ocrx_word' id='word_1_209' title='bbox 860 2670 999 2730; x_wconf 83' lang='lat' dir='ltr'><strong>omittere</strong></span> 
     </span>
     <span class='ocr_line' id='line_1_31' title="bbox 76 2749 1001 2832; baseline 0.001 -23"><span class='ocrx_word' id='word_1_210' title='bbox 76 2759 105 2810; x_wconf 89' lang='lat' dir='ltr'><strong>et</strong></span> <span class='ocrx_word' id='word_1_211' title='bbox 123 2749 257 2827; x_wconf 84' lang='lat' dir='ltr'><strong>differre,</strong></span> <span class='ocrx_word' id='word_1_212' title='bbox 280 2750 380 2812; x_wconf 84' lang='lat' dir='ltr'><strong>donec</strong></span> <span class='ocrx_word' id='word_1_213' title='bbox 393 2752 536 2831; x_wconf 89' lang='lat' dir='ltr'><strong>legitime·</strong></span> <span class='ocrx_word' id='word_1_214' title='bbox 550 2762 689 2830; x_wconf 85' lang='lat' dir='ltr'><strong>vocatus,</strong></span> <span class='ocrx_word' id='word_1_215' title='bbox 710 2769 765 2832; x_wconf 89' lang='lat' dir='ltr'><strong>per</strong></span> <span class='ocrx_word' id='word_1_216' title='bbox 787 2751 904 2831; x_wconf 89' lang='lat' dir='ltr'><strong>aequos</strong></span> <span class='ocrx_word' id='word_1_217' title='bbox 926 2752 1001 2812; x_wconf 92' lang='lat' dir='ltr'><strong>iudi-</strong></span> 
     </span>
     <span class='ocr_line' id='line_1_32' title="bbox 74 2833 1000 2916; baseline 0.001 -25"><span class='ocrx_word' id='word_1_218' title='bbox 74 2850 124 2892; x_wconf 89' lang='lat' dir='ltr'><strong>ces</strong></span> <span class='ocrx_word' id='word_1_219' title='bbox 152 2833 355 2914; x_wconf 80' lang='lat' dir='ltr'><strong>probatus1),</strong></span> <span class='ocrx_word' id='word_1_220' title='bbox 377 2844 407 2894; x_wconf 90' lang='lat' dir='ltr'><strong>et</strong></span> <span class='ocrx_word' id='word_1_221' title='bbox 429 2835 592 2916; x_wconf 72' lang='lat' dir='ltr'><strong>scripturis</strong></span> <span class='ocrx_word' id='word_1_222' title='bbox 619 2834 781 2915; x_wconf 81' lang='lat' dir='ltr'><strong>dignisque</strong></span> <span class='ocrx_word' id='word_1_223' title='bbox 808 2835 1000 2896; x_wconf 83' lang='lat' dir='ltr'><strong>documentis</strong></span> 
     </span>
     <span class='ocr_line' id='line_1_33' title="bbox 74 2917 998 2998; baseline 0.002 -23"><span class='ocrx_word' id='word_1_224' title='bbox 74 2917 234 2976; x_wconf 80' lang='lat' dir='ltr'><strong>conuictus</strong></span> <span class='ocrx_word' id='word_1_225' title='bbox 256 2918 353 2978; x_wconf 79' lang='lat' dir='ltr'><strong>tuero.</strong></span> <span class='ocrx_word' id='word_1_226' title='bbox 381 2918 412 2978; x_wconf 93' lang='lat' dir='ltr'><strong>ln</strong></span> <span class='ocrx_word' id='word_1_227' title='bbox 435 2935 497 2998; x_wconf 89' lang='lat' dir='ltr'><strong>quo</strong></span> <span class='ocrx_word' id='word_1_228' title='bbox 519 2919 585 2978; x_wconf 85' lang='lat' dir='ltr'><strong>sine</strong></span> <span class='ocrx_word' id='word_1_229' title='bbox 607 2917 699 2980; x_wconf 90' lang='lat' dir='ltr'><strong>dubio</strong></span> <span class='ocrx_word' id='word_1_230' title='bbox 723 2918 843 2980; x_wconf 86' lang='lat' dir='ltr'><strong>Ohristo</strong></span> <span class='ocrx_word' id='word_1_231' title='bbox 867 2937 930 2979; x_wconf 88' lang='lat' dir='ltr'><strong>rem</strong></span> <span class='ocrx_word' id='word_1_232' title='bbox 955 2918 998 2977; x_wconf 83' lang='lat' dir='ltr'><strong>ta·</strong></span> 
     </span>
     <span class='ocr_line' id='line_1_34' title="bbox 75 2999 996 3081; baseline 0.001 -23"><span class='ocrx_word' id='word_1_233' title='bbox 75 2999 174 3076; x_wconf 86' lang='lat' dir='ltr'><strong>cient,</strong></span> <span class='ocrx_word' id='word_1_234' title='bbox 206 3001 236 3060; x_wconf 92' lang='lat' dir='ltr'><strong>in</strong></span> <span class='ocrx_word' id='word_1_235' title='bbox 253 2999 302 3060; x_wconf 88' lang='lat' dir='ltr'><strong>die</strong></span> <span class='ocrx_word' id='word_1_236' title='bbox 325 3001 491 3062; x_wconf 80' lang='lat' dir='ltr'><strong>novissima</strong></span> <span class='ocrx_word' id='word_1_237' title='bbox 515 3002 757 3062; x_wconf 79' lang='lat' dir='ltr'><strong>cumulatissime</strong></span> <span class='ocrx_word' id='word_1_238' title='bbox 778 3003 877 3081; x_wconf 88' lang='lat' dir='ltr'><strong>gratia</strong></span> <span class='ocrx_word' id='word_1_239' title='bbox 899 3020 996 3062; x_wconf 85' lang='lat' dir='ltr'><strong>remu·</strong></span> 
     </span>
     <span class='ocr_line' id='line_1_35' title="bbox 75 3082 999 3165; baseline 0.004 -25"><span class='ocrx_word' id='word_1_240' title='bbox 75 3082 251 3144; x_wconf 79' lang='lat' dir='ltr'><strong>nerandam,</strong></span> <span class='ocrx_word' id='word_1_241' title='bbox 275 3082 364 3158; x_wconf 78' lang='lat' dir='ltr'><strong>Quod</strong></span> <span class='ocrx_word' id='word_1_242' title='bbox 387 3084 482 3162; x_wconf 85' lang='lat' dir='ltr'><strong>siqui</strong></span> <span class='ocrx_word' id='word_1_243' title='bbox 505 3083 585 3144; x_wconf 88' lang='lat' dir='ltr'><strong>hanc</strong></span> <span class='ocrx_word' id='word_1_244' title='bbox 608 3103 707 3144; x_wconf 87' lang='lat' dir='ltr'><strong>meam</strong></span> <span class='ocrx_word' id='word_1_245' title='bbox 724 3085 903 3165; x_wconf 86' lang='lat' dir='ltr'><strong>petitionem</strong></span> <span class='ocrx_word' id='word_1_246' title='bbox 926 3101 999 3144; x_wconf 89' lang='lat' dir='ltr'><strong>oon·</strong></span> 
     </span>
     <span class='ocr_line' id='line_1_36' title="bbox 75 3166 997 3248; baseline 0.003 -25"><span class='ocrx_word' id='word_1_247' title='bbox 75 3171 244 3225; x_wconf 85' lang='lat' dir='ltr'><strong>temnentes</strong></span> <span class='ocrx_word' id='word_1_248' title='bbox 264 3175 403 3246; x_wconf 86' lang='lat' dir='ltr'><strong>pergant,</strong></span> <span class='ocrx_word' id='word_1_249' title='bbox 424 3176 454 3226; x_wconf 92' lang='lat' dir='ltr'><strong>et</strong></span> <span class='ocrx_word' id='word_1_250' title='bbox 469 3185 568 3247; x_wconf 85' lang='lat' dir='ltr'><strong>papae</strong></span> <span class='ocrx_word' id='word_1_251' title='bbox 581 3168 675 3248; x_wconf 89' lang='lat' dir='ltr'><strong>impio</strong></span> <span class='ocrx_word' id='word_1_252' title='bbox 694 3166 809 3228; x_wconf 91' lang='lat' dir='ltr'><strong>homini</strong></span> <span class='ocrx_word' id='word_1_253' title='bbox 822 3168 891 3248; x_wconf 88' lang='lat' dir='ltr'><strong>plus</strong></span> <span class='ocrx_word' id='word_1_254' title='bbox 907 3186 997 3248; x_wconf 88' lang='lat' dir='ltr'><strong>quam</strong></span> 
     </span>
     <span class='ocr_line' id='line_1_37' title="bbox 76 3245 997 3331; baseline 0.005 -24"><span class='ocrx_word' id='word_1_255' title='bbox 76 3245 141 3308; x_wconf 89' lang='lat' dir='ltr'><strong>Deo</strong></span> <span class='ocrx_word' id='word_1_256' title='bbox 166 3247 327 3325; x_wconf 85' lang='lat' dir='ltr'><strong>obediant,</strong></span> <span class='ocrx_word' id='word_1_257' title='bbox 357 3250 428 3310; x_wconf 90' lang='lat' dir='ltr'><strong>volo</strong></span> <span class='ocrx_word' id='word_1_258' title='bbox 456 3249 502 3310; x_wconf 91' lang='lat' dir='ltr'><strong>his</strong></span> <span class='ocrx_word' id='word_1_259' title='bbox 525 3251 645 3331; x_wconf 88' lang='lat' dir='ltr'><strong>scriptis</strong></span> <span class='ocrx_word' id='word_1_260' title='bbox 669 3270 716 3312; x_wconf 88' lang='lat' dir='ltr'><strong>me</strong></span> <span class='ocrx_word' id='word_1_261' title='bbox 740 3259 920 3312; x_wconf 83' lang='lat' dir='ltr'><strong>excusatum</strong></span> <span class='ocrx_word' id='word_1_262' title='bbox 949 3269 997 3312; x_wconf 87' lang='lat' dir='ltr'><strong>co-</strong></span> 
     </span>
     <span class='ocr_line' id='line_1_38' title="bbox 77 3330 998 3413; baseline 0.007 -25"><span class='ocrx_word' id='word_1_263' title='bbox 77 3347 137 3388; x_wconf 84' lang='lat' dir='ltr'><strong>ram</strong></span> <span class='ocrx_word' id='word_1_264' title='bbox 161 3330 313 3408; x_wconf 91' lang='lat' dir='ltr'><strong>omuibus,</strong></span> <span class='ocrx_word' id='word_1_265' title='bbox 336 3341 366 3391; x_wconf 92' lang='lat' dir='ltr'><strong>et</strong></span> <span class='ocrx_word' id='word_1_266' title='bbox 388 3334 627 3413; x_wconf 83' lang='lat' dir='ltr'><strong>uniuscuiusque</strong></span> <span class='ocrx_word' id='word_1_267' title='bbox 649 3336 869 3394; x_wconf 84' lang='lat' dir='ltr'><strong>conscientiam</strong></span> <span class='ocrx_word' id='word_1_268' title='bbox 884 3333 944 3394; x_wconf 83' lang='lat' dir='ltr'><strong>lrao</strong></span> <span class='ocrx_word' id='word_1_269' title='bbox 964 3333 998 3394; x_wconf 86' lang='lat' dir='ltr'><strong>n·</strong></span> 
     </span>
    </p>
   </div>
   <div class='ocr_carea' id='block_1_5' title="bbox 77 3411 997 3508">
    <p class='ocr_par' dir='ltr' id='par_1_7' title="bbox 77 3411 997 3508">
     <span class='ocr_line' id='line_1_39' title="bbox 77 3411 997 3508; baseline 0.008 -37"><span class='ocrx_word' id='word_1_270' title='bbox 77 3411 134 3472; x_wconf 86' lang='lat' dir='ltr'><strong>deli</strong></span> <span class='ocrx_word' id='word_1_271' title='bbox 155 3413 349 3493; x_wconf 85' lang='lat' dir='ltr'><strong>fraternaque</strong></span> <span class='ocrx_word' id='word_1_272' title='bbox 373 3416 540 3477; x_wconf 88' lang='lat' dir='ltr'><strong>monitione</strong></span> <span class='ocrx_word' id='word_1_273' title='bbox 551 3418 738 3496; x_wconf 86' lang='lat' dir='ltr'><strong>requisitam,</strong></span> <span class='ocrx_word' id='word_1_274' title='bbox 758 3417 935 3508; x_wconf 83' lang='lat' dir='ltr'><strong>obstrictam</strong></span> <span class='ocrx_word' id='word_1_275' title='bbox 949 3436 997 3478; x_wconf 89' lang='lat' dir='ltr'><strong>su·</strong></span> 
     </span>
    </p>
   </div>
   <div class='ocr_carea' id='block_1_6' title="bbox 79 3685 892 3842">
    <p class='ocr_par' dir='ltr' id='par_1_8' title="bbox 79 3685 892 3842">
     <span class='ocr_line' id='line_1_40' title="bbox 129 3685 507 3753; baseline -0.005 -11"><span class='ocrx_word' id='word_1_276' title='bbox 129 3687 161 3753; x_wconf 84' lang='lat'><strong>1)</strong></span> <span class='ocrx_word' id='word_1_277' title='bbox 182 3685 214 3740; x_wconf 84' lang='lat' dir='ltr'><strong>lu</strong></span> <span class='ocrx_word' id='word_1_278' title='bbox 234 3685 277 3742; x_wconf 85' lang='lat' dir='ltr'><strong>ed.</strong></span> <span class='ocrx_word' id='word_1_279' title='bbox 295 3687 368 3743; x_wconf 77' lang='lat' dir='ltr'><strong>lam:</strong></span> <span class='ocrx_word' id='word_1_280' title='bbox 388 3687 507 3742; x_wconf 85' lang='lat' dir='ltr'><strong>auditus.</strong></span> 
     </span>
     <span class='ocr_line' id='line_1_41' title="bbox 79 3762 892 3842; baseline 0.002 -10"><span class='ocrx_word' id='word_1_281' title='bbox 79 3791 165 3832; x_wconf 76' lang='lat' dir='ltr'><strong>Lutherl</strong></span> <span class='ocrx_word' id='word_1_282' title='bbox 178 3803 228 3842; x_wconf 84' lang='lat' dir='ltr'><strong>opp.</strong></span> <span class='ocrx_word' id='word_1_283' title='bbox 245 3793 270 3835; x_wconf 86' lang='lat' dir='ltr'><strong>V.</strong></span> <span class='ocrx_word' id='word_1_284' title='bbox 286 3792 314 3832; x_wconf 81' lang='grc' dir='ltr'><strong>Δ.</strong></span> <span class='ocrx_word' id='word_1_285' title='bbox 329 3793 364 3835; x_wconf 79' lang='lat' dir='ltr'><strong>sd.</strong></span> <span class='ocrx_word' id='word_1_286' title='bbox 382 3793 422 3832; x_wconf 80' lang='lat' dir='ltr'><strong>ret.</strong></span> <span class='ocrx_word' id='word_1_287' title='bbox 438 3792 487 3834; x_wconf 84' lang='lat' dir='ltr'><strong>hist.</strong></span> <span class='ocrx_word' id='word_1_288' title='bbox 502 3793 517 3832; x_wconf 90' lang='lat' dir='ltr'><strong>l.</strong></span> <span class='ocrx_word' id='word_1_289' title='bbox 531 3803 552 3842; x_wconf 77' lang='lat' dir='ltr'><strong>p.</strong></span> <span class='ocrx_word' id='word_1_290' title='bbox 568 3791 617 3834; x_wconf 75' lang='lat' dir='ltr'><strong>rot.</strong></span> <span class='ocrx_word' id='word_1_291' title='bbox 632 3786 659 3833; x_wconf 75' lang='lat' dir='ltr'><strong>V.</strong></span> <span class='ocrx_word' id='word_1_292' title='bbox 874 3762 892 3826; x_wconf 76' lang='grc'>9</span> 
     </span>
    </p>
   </div>
   <div class='ocr_carea' id='block_1_7' title="bbox 0 0 1134 4002">
    <p class='ocr_par' dir='ltr' id='par_1_9' title="bbox 0 0 1134 4002">
     <span class='ocr_line' id='line_1_42' title="bbox 0 0 1134 4002; baseline 0 2"><span class='ocrx_word' id='word_1_293' title='bbox 0 0 1134 4002; x_wconf 95' lang='lat' dir='ltr'><strong> </strong></span> 
     </span>
    </p>
   </div>
  </div>
 </body>
</html>
