2262 4006
320 193 446 252 flabonis
464 192 646 251 Latomianae
664 198 715 252 ete.
843 264 845 269 ¹
926 191 989 258 413

64 350 140 412 dum
166 348 366 415 substantiam
388 348 466 412 *laeti
504 355 621 412 tanturn
657 347 737 410 effici
760 366 869 428 posse,
903 349 927 408 si
948 368 988 408 ex

62 433 138 494 totis
164 432 351 494 naturalibus
373 433 486 494 viribus
509 429 601 511 fiant,
635 440 669 492 ut
689 431 772 492 Deus
802 431 861 490 illis
884 450 988 492 neces·

62 519 149 578 sario
183 525 215 578 et
247 516 443 578 infallibiliter
478 519 607 596 gratiam
639 515 796 594 largiatur.
839 513 907 574 Hoc
942 522 989 574 est

63 599 174 660 lacere
195 599 277 680 quod
304 601 335 660 in
358 619 392 660 se
414 607 476 677 est,
516 619 584 658 cum
607 598 719 658 Paulus
752 607 782 657 et
815 605 887 676 post
918 618 987 658 eum

62 683 258 761 Augustinus
281 683 372 742 tantis
395 683 535 744 tonitruis
557 683 716 758 insonent,
744 680 899 742 hominem
922 682 988 740 sine

61 767 169 845 gratia
192 785 246 846 per
267 765 366 845 legem
389 783 451 827 non
485 765 543 824 uisi
565 765 701 844 peiorem
723 762 808 840 fieri,
832 762 913 842 quod
937 763 988 823 lex

61 851 142 913 iram
168 857 321 928 operetur,
344 857 374 910 et
396 850 561 929 intraverit,
583 855 616 906 ut
636 847 806 906 abundaret
817 853 988 928 peccatum,

60 932 108 992 ite
132 939 167 994 ut
189 931 279 992 huius
302 933 472 992 sententiae
494 931 656 1010 sacrilegio
675 929 849 990 universum
873 948 987 990 novum

61 1013 299 1077 Testamentum
322 1016 556 1091 evacuaverint,
586 1020 616 1073 et
639 1031 676 1072 eo
699 1031 755 1072 nos
777 1011 913 1072 infelices
936 1031 989 1074 no·

61 1097 150 1156 mine
172 1106 261 1158 tenus
278 1087 468 1160 Christianos
491 1097 698 1176 perduxerint,
721 1104 753 1156 ut
764 1091 885 1156 Christo
905 1115 988 1176 pr-or

62 1199 116 1239 sus
142 1180 228 1240 nullo
251 1199 307 1240 usu
330 1182 370 1242 sit
390 1198 478 1259 opus,
499 1181 556 1240 nisi
581 1187 614 1239 ιιι
635 1178 746 1238 doceat
768 1197 824 1238 nos
847 1179 957 1240 solum.

155 1263 235 1324 Nam
258 1271 291 1322 ιιι
313 1263 351 1324 de
372 1262 433 1322 fide
454 1263 592 1338 informi,
615 1263 781 1340 acquisita,
801 1262 938 1340 generali
960 1269 991 1322 et

63 1345 209 1425 speciali,
232 1347 338 1422 itidem
361 1345 517 1426 principiis
533 1343 604 1404 fidei
615 1344 735 1406 illorum
758 1344 808 1404 hio
828 1353 990 1426 nugentur,

63 1428 138 1508 quid
163 1447 242 1508 opus
265 1435 311 1490 est
333 1427 468 1490 referre?
489 1427 614 1488 Factum
638 1426 772 1508 tandem,
795 1435 836 1504 ut,
858 1429 914 1488 etsi
935 1429 990 1489 im·

63 1511 218 1592 possibile
239 1513 288 1594 sit,
311 1511 456 1575 mandata
466 1511 524 1572 Dei
537 1510 656 1590 impleri
677 1511 863 1592 sinegratia,
886 1511 989 1590 quoad

65 1597 269 1655 intentionem
292 1595 529 1675 praecipientis,
563 1601 665 1654 tamen
698 1596 727 1654 in
763 1613 856 1654 manu
885 1603 937 1654 tua
958 1603 989 1656 et

65 1697 197 1756 prorsus
218 1677 309 1740 facile
330 1685 377 1738 sst
397 1678 528 1758 gratiam
548 1677 695 1755 consequi
718 1675 861 1757 operibus
882 1696 988 1739 secun-

65 1761 138 1820 dum
162 1759 365 1823 substantiam
394 1759 466 1822 iacti
487 1763 618 1856 paratis,
650 1767 683 1819 ut
711 1761 771 1821 iam
794 1757 921 1823 liberum
945 1781 989 1820 ar·
1061 1763 1062 1772 ’

66 1843 191 1904 bitriurn
220 1862 283 1907 non
317 1843 410 1907 modo
432 1849 541 1923 regnet
560 1831 591 1904 in
624 1842 767 1923 operibus
789 1841 989 1926 substantiae,

64 1927 152 1986 sed
144 1947 175 1988 ιιι
188 1929 269 2023 ipsa
288 1928 381 1989 etiam
403 1928 573 1988 intentione
595 1927 827 2008 praecipientis,
849 1925 910 1988 hoo
931 1937 988 2007 est,

66 2009 194 2089 plane’
186 2029 217 2069 ιιι
239 2012 307 2090 ipsa
327 2011 427 2090 gratia
447 2009 523 2087 Dei,
555 2028 666 2105 nempe
687 2012 717 2070 in
740 2029 833 2072 manu
854 2011 919 2072 eius
942 2017 989 2072 est

65 2095 198 2172 gratiam
221 2093 324 2156 venire
346 2093 394 2154 vel
416 2093 614 2156 convenire.

151 2173 233 2238 Hinc
254 2175 337 2238 bona
353 2176 499 2252 moralia,
534 2177 616 2236 bona
650 2175 816 2252 neptrelia,
850 2184 880 2236 et
914 2175 990 2255 quiri

67 2258 192 2320 dicam?
215 2265 261 2320 tot
282 2260 432 2340 principia
453 2259 524 2321 fidei
545 2260 594 2318 isti
617 2258 744 2336 babent,
768 2267 843 2338 quot
864 2260 986 2323 Patrnm

68 2342 162 2418 dicta,
187 2348 263 2422 quot
275 2343 475 2404 conciliorum
499 2341 632 2420 decreta,
655 2349 730 2422 quot
742 2361 842 2423 papae
864 2341 989 2423 placite,

68 2436 145 2504 quot
156 2426 370 2506 Magistromm
388 2425 568 2505 uostralium
583 2425 776 2503 sentimenta,
799 2433 830 2486 ut
841 2427 986 2488 mundum

67 2527 178 2570 cernas
200 2510 326 2589 periisse
361 2509 474 2570 diluvio
504 2507 640 2587 quodem
659 2508 877 2590 principiorum
910 2510 987 2570 dun·

69 2599 155 2654 taxat
177 2591 267 2671 fidei,
290 2600 353 2653 tum
376 2611 455 2672 quae
476 2600 568 2687 putes
587 2599 675 2652 erunt
697 2591 841 2670 sequelae
864 2600 894 2653 et
916 2612 988 2654 con·

68 2675 224 2737 clusioner
245 2675 373 2736 eornm?
404 2675 443 2736 Et
469 2691 538 2736 cum
561 2676 620 2736 iste
641 2676 680 2735 sit
701 2672 813 2770 septies
837 2676 989 2758 sacrilega

69 2759 228 2838 theologia
248 2760 468 2838 recentiorum,
497 2765 530 2818 ut
550 2777 641 2820 nemo
664 2759 763 2838 possit
783 2777 914 2840 negare,
937 2760 987 2822 ad·
998 2799 1002 2808 ·

70 2841 129 2902 huc
152 2841 245 2905 audet
266 2860 302 2906 os
330 2841 410 2904 istud
432 2841 662 2906 Lovanieuse
655 2861 805 2922 impurum
842 2845 901 2904 et
893 2864 989 2927 impu-

71 2923 145 2986 dens
167 2933 268 2987 rostro
290 2933 433 3022 porrecto
456 2926 486 2985 in
509 2925 614 2986 orbem
637 2924 759 3004 lallare,
788 2925 896 2988 eadem
919 2947 989 2988 esse

72 3008 164 3070 docta
186 3007 224 3068 ab
246 3010 389 3088 antiquis,
412 3027 492 3089 quae
513 3007 769 3070 crecentioribus
791 3009 866 3088 istis,
889 3009 989 3072 adhuc

70 3093 171 3172 pergit
191 3091 380 3155 concordare
416 3099 613 3171 utrorumque
650 3091 733 3152 diota
757 3099 789 3152 et
809 3095 987 3170 sententias,
1063 3125 1068 3138 ·

72 3183 103 3234 nt
123 3174 277 3239 Christum
298 3194 368 3240 oum
390 3175 486 3238 Belial
509 3175 617 3254 societ,
639 3182 672 3236 et
691 3173 791 3236 lucem
813 3194 881 3238 enm
906 3184 988 3236 tene·

72 3258 131 3318 bris
153 3257 331 3322 confundat.

154 3340 320 3405 Videamus
351 3349 471 3420 autem,
505 3348 621 3422 quanta
653 3341 778 3404 oracula
811 3341 986 3423 Scripturas

74 3424 142 3486 huic
161 3423 310 3488 scandalo
344 3423 454 3490 cedere
475 3431 586 3486 coacta
606 3425 682 3505 sint,
716 3425 866 3488 theatrum
890 3432 986 3488 toturn

74 3507 181 3570 Paulus
203 3507 294 3570 Rom.
316 3509 351 3574 8:
384 3507 461 3568 Nam
496 3508 580 3589 quod
606 3507 795 3589 impossibile
823 3517 889 3570 erat
916 3507 987 3588 legi,

74 3592 185 3672 inquo
207 3590 417 3652 infirmabatur
438 3610 493 3672 per
515 3610 649 3673 carnem,
671 3591 754 3652 Deus
777 3593 857 3654 misit
878 3591 987 3651 Filium

75 3693 158 3738 suum
180 3676 210 3736 in
232 3675 460 3738 similitudinem
482 3675 723 3756 carnispeoaati,
745 3674 836 3736 etde
857 3681 986 3758 peceato
