2250 4008
135 161 199 231 itii
373 143 377 150 Ι
426 165 585 222 ὓοηῐιωίο
604 165 770 222 humanam

137 337 299 400 negemus,
332 322 396 381 sive
429 322 585 401 appellent
612 323 807 402 superstitem
835 319 919 382 iilam
941 335 1053 379 conen·

137 405 333 484 piscentiam,
366 402 586 482 infirmitatem,
608 423 756 485 poenam,
779 404 1053 485 imperfectionem,

137 489 253 565 vitium,
275 497 327 547 aut
348 505 473 566 quoquo
496 488 589 548 modo
612 487 727 549 soient.
757 487 822 549 Nos
844 486 903 546 iliis
926 485 1054 546 Panium

137 572 322 650 opponimus
339 571 512 650 apostolum
526 579 673 644 nostrum,
695 571 800 647 idest,
821 571 969 650 gentium,
994 577 1054 628 taur

136 654 320 734 locupletem
342 661 497 733 sutorem,
524 656 575 734 qui
607 670 667 715 nou
697 673 759 714 uno
775 654 860 713 ioco
881 660 1055 733 peceatum,

136 745 167 796 et
187 755 309 817 semper
328 745 505 816 peccatum,
537 756 691 816 nunqnam
713 755 865 818 poenam,
894 753 1055 814 nunquam

137 820 414 899 imperfectionem,
441 838 597 899 uunquam
620 819 826 881 infirmitatem
849 827 950 883 vocat,
996 816 1055 878 Ne·

137 919 197 982 que
225 905 305 963 enim
327 904 516 983 Augustino,
545 921 720 982 quanquam
754 905 889 964 omnium
923 920 1057 976 summo,

138 985 220 1045 licuit
241 1003 350 1046 vocem
373 986 457 1045 Pauli
481 996 606 1065 mutare,
628 994 659 1046 et
680 987 771 1047 aliam
794 987 940 1047 invenire.

222 1069 356 1128 Dicimus
378 1087 468 1148 ergo:
497 1067 528 1129 Si
557 1068 754 1150 probaverint
786 1069 834 1128 rei
858 1087 897 1128 ex
919 1067 1058 1128 absurdi·

139 1157 200 1211 tate
222 1152 402 1230 sententiae,
425 1151 474 1210 vei
496 1171 535 1210 ex
558 1153 788 1231 consequentis,
811 1160 973 1231 peccatum
996 1151 1058 1212 hoc

138 1252 198 1293 non
217 1252 286 1294 esse
307 1241 467 1314 peccatum
490 1253 572 1312 vere,
594 1234 738 1296 cedemus
760 1244 788 1294 et
811 1243 972 1315 peccatum
997 1235 1059 1295 boc

138 1315 208 1377 ioco
231 1336 292 1377 non
314 1325 486 1397 peccatum,
508 1318 563 1378 sed
585 1337 718 1398 poenam
732 1317 905 1397 siguificare
927 1335 1057 1378 cousen-

137 1402 264 1477 tiemus,
291 1401 407 1479 alioqui
434 1420 473 1460 ne
501 1402 619 1481 angelis
647 1401 769 1481 quidem
799 1401 838 1460 de
860 1400 949 1462 coelo
972 1399 1056 1461 aliud

138 1482 308 1544 dicentibus
339 1486 463 1546 cessuri.
507 1482 587 1559 Quid
615 1485 759 1564 quaeritis
792 1483 923 1564 amplius
946 1483 1057 1564 Sopbi-

138 1567 226 1627 stae?
255 1569 301 1626 Ac
324 1566 428 1627 Patres
457 1568 579 1646 quidem
601 1574 768 1628 excusatos
790 1566 909 1645 habeo,
930 1569 983 1646 qni
1008 1568 1055 1627 vei

137 1651 305 1712 tentatione
329 1650 376 1711 vel
399 1651 582 1711 necessitate
603 1649 706 1712 adacti
725 1650 842 1711 fortiter
863 1661 1056 1730 negaverunt

138 1737 298 1816 peccatum
321 1740 392 1813 poet
413 1732 598 1814 baptismum
620 1752 788 1815 remanere,
810 1735 882 1812 quia
904 1751 972 1794 cnm
998 1733 1058 1794 iilis

139 1816 326 1901 pugnabant,
348 1817 399 1895 qui
421 1818 550 1896 gratiam
574 1818 751 1898 simpliciter
772 1817 937 1898 negabant.
982 1815 1056 1877 ideo

140 1910 172 1962 nt
199 1901 290 1980 digne
318 1916 385 1959 eam
417 1899 682 1976 commendarent,
723 1907 921 1960 asseruerunt
952 1900 1058 1962 omnia

138 1994 267 2066 peccata
289 1983 408 2044 auferri.
451 1982 491 2048 Et
511 1982 663 2044 serviebat
677 2001 778 2043 sermo
799 2001 905 2044 eorum
928 1982 1056 2063 pulchre

136 2077 166 2129 et
188 2075 258 2148 epte
281 2068 428 2127 materiae
447 2071 498 2141 (ut
520 2066 639 2144 dicunt)
662 2066 829 2144 subiectae,
852 2085 922 2126 uem
946 2066 1055 2126 adver-

134 2153 206 2212 sarii
227 2150 266 2210 de
288 2155 417 2230 peccato
439 2157 587 2230 regnante
615 2149 842 2230 disceptabant,
870 2149 930 2210 hoc
960 2168 1054 2230 nega-

137 2235 210 2295 bant
230 2233 350 2310 auferri,
372 2232 402 2293 id
424 2233 508 2312 quod
530 2235 656 2313 impium
678 2240 740 2311 est,
757 2251 828 2294 vere
851 2234 932 2293 enim
956 2241 1054 2293 totum
1115 2279 1116 2284 1

137 2325 298 2399 peccatum
320 2316 468 2377 abolitum
491 2323 547 2393 est,
571 2326 603 2377 nt
623 2333 748 2399 prorsus
770 2315 843 2376 nihii
865 2325 975 2396 regnet
996 2335 1057 2376 am-

138 2402 227 2483 ptius.
271 2398 455 2480 Quanquam
478 2400 666 2480 Augustinus
693 2401 759 2479 ipse
788 2399 820 2459 in
848 2400 952 2459 multis
981 2399 1057 2460 locis

138 2485 230 2566 plane
254 2492 284 2544 et
304 2485 410 2544 vitium
433 2490 636 2564 etpeccatum
652 2483 797 2564 appellet,
820 2487 853 2542 nt
873 2489 921 2542 est
942 2483 973 2542 iu
996 2485 1058 2564 epi·

139 2569 220 2630 stola
241 2568 279 2628 ad
294 2566 524 2648 Hieronymum,
547 2566 597 2627 ubi
620 2567 701 2645 dicit,
724 2567 837 2626 nemini
857 2573 973 2627 tantam
989 2585 1057 2626 esse

139 2654 296 2712 caritatem
329 2651 360 2710 in
394 2650 453 2711 hac
484 2650 560 2729 tite,
594 2669 674 2733 qnae
705 2667 767 2710 nou
800 2651 905 2730 augeri
937 2648 1058 2710 debeat.

139 2736 241 2814 Atque
262 2734 303 2813 id,
326 2733 409 2813 quod
431 2734 549 2794 interim
573 2734 669 2808 deest,
689 2734 795 2794 vitium
818 2741 875 2810 eet,
897 2734 1008 2812 inquit,
1029 2743 1060 2792 et

140 2819 285 2897 sequitur,
307 2835 347 2877 ex
369 2835 431 2898 quo
444 2817 529 2894 vitio,
551 2835 613 2879 nou
635 2815 815 2878 iustificetur
836 2818 866 2876 in
890 2825 1058 2896 conspectu

140 2901 198 2960 Dei
220 2901 318 2960 omnis
351 2903 468 2962 vivens.
521 2899 570 2961 Ex
602 2919 663 2980 quo
696 2901 788 2979 vitio,
822 2901 846 2960 si
881 2899 1057 2978 dixerimus,

140 2987 211 3066 quia
232 2991 393 3064 peccatum
415 3003 478 3045 nou
498 2984 665 3061 babemus,
696 2985 755 3065 ipsi
788 3001 844 3044 nos
873 2982 1058 3059 seducimus,

140 3075 171 3128 et
193 3068 304 3127 veritas
327 3068 357 3126 iu
381 3066 469 3128 uobis
492 3086 553 3129 uon
578 3075 633 3129 est.
674 3067 805 3147 Exque
828 3068 902 3128 vitio
927 3085 990 3127 non
1013 3076 1057 3126 est

140 3155 236 3212 inetns
259 3152 288 3211 iu
313 3156 403 3228 terra,
425 3154 477 3230 qui
499 3151 578 3212 bene
596 3153 687 3212 faciat
708 3159 813 3212 etnou
825 3157 944 3234 peccet,
973 3149 1056 3210 Haec

140 3236 338 3315 Augustinus.
382 3233 439 3294 Hic
460 3234 545 3294 vides
567 3244 597 3296 et
619 3235 822 3315 Augustinnm
844 3233 926 3294 hanc
947 3235 1056 3294 autori-

141 3325 234 3378 tatem
257 3317 519 3396 sicintcilexissc,
543 3319 625 3397 quod
640 3318 833 3378 benefaciens
846 3323 963 3397 peccet,
986 3317 1056 3396 quia

142 3409 286 3478 operatur
305 3402 336 3458 iu
358 3402 485 3461 carimte
506 3401 642 3462 nondum
664 3401 738 3461 satis
760 3407 865 3474 aucta,
899 3416 992 3477 quam
1015 3400 1055 3458 vi·

141 3481 216 3539 tium
238 3489 345 3560 vocat,
378 3482 451 3542 nibil
473 3483 554 3542 aliud
582 3485 611 3542 in
635 3501 729 3564 opere
748 3483 809 3544 isto
832 3481 941 3542 deesse
962 3481 1054 3542 disse·

142 3579 238 3702 mtifl’i
263 3581 353 3641 quam
381 3565 503 3646 plenam
526 3567 694 3629 caritatem.
738 3565 853 3628 Suntne
874 3563 953 3626 baec
975 3565 1054 3626 clara

144 3657 217 3701 aas

882 3749 890 3780 i
