2262 4006
135 177 199 248 392
366 181 524 253 Responsio
541 181 575 238 D.
593 179 628 238 H.
646 182 674 237 L.
693 181 727 236 ed
744 181 846 238 librum

136 344 206 417 stet,
229 338 294 398 eius
318 337 444 399 verbum
463 339 649 418 exstinguet,
671 339 796 418 proprio
818 335 915 398 verbo
936 337 971 395 in
988 331 1071 392 illius

138 423 238 482 locum
269 422 389 501 posito,
418 421 500 501 quod
524 421 737 502 Apostolus*)
769 421 855 482 dicit:
886 418 1022 480 Sedebit
1044 417 1072 474 in

137 505 253 585 templo
267 504 334 580 Dei,
358 505 522 564 ostendens
548 526 581 564 ae
603 506 690 583 quasi
713 505 752 564 sit
764 505 866 582 Deus,
888 511 920 562 et
940 504 1073 563 iterum:

138 588 198 663 Qui
221 587 399 648 adversatur
421 595 449 646 et
473 589 628 649 extollitur
649 607 742 668 super
765 608 866 665 onrue,
889 585 975 666 quod
1002 582 1077 643 dici-

138 681 185 731 tur
207 671 310 752 Deus,
342 679 393 731 aut
423 673 505 750 quod
536 672 654 733 colitur.
704 671 771 731 Huc
799 672 947 751 pertinet,
987 666 1076 746 quod

138 756 296 816 veritatem
319 755 402 814 verbi
426 755 483 814 Dei
506 755 607 835 palam
631 755 787 815 damnavit
809 774 891 834 papa
914 753 1076 813 Constan-

138 840 197 898 tise
219 839 249 896 in
270 837 408 898 Iohanne
421 837 500 897 Huss
522 839 670 917 usquein
694 837 773 898 diem
791 845 991 918 praesentem
1006 853 1076 913 per·

137 941 282 982 severana
310 922 340 979 in
371 922 477 980 eadem
510 919 692 982 adversandi
721 935 750 981 et
780 919 945 982 damnandi
981 917 1077 998 perti·

138 1005 235 1066 nscia.
279 1003 347 1064 Non
379 1004 458 1063 enim
489 1005 635 1063 adversus
662 1023 825 1083 personam
849 1003 965 1064 Christi
991 1007 1077 1060 stare

139 1094 250 1167 potest,
274 1087 326 1146 sed
345 1086 446 1164 stabit,
468 1086 569 1160 idest,
593 1087 717 1146 deliniet
731 1087 917 1147 contrarium
931 1085 1077 1156 Christo,

141 1180 171 1230 et
193 1170 242 1229 hic
264 1177 311 1228 est
332 1169 400 1228 finis
424 1171 498 1232 eius.
542 1171 706 1229 Exstincto
735 1172 817 1230 enim
841 1169 934 1228 verbo
963 1175 1000 1227 et
1026 1185 1078 1224 va-

138 1260 218 1313 stata
239 1252 310 1324 fide,
335 1261 515 1332 vastataque
529 1253 684 1334 Scriptura
707 1264 736 1313 et
757 1252 935 1332 apostolicis
962 1251 1077 1322 literis,

137 1338 197 1396 ianr
221 1336 338 1415 angelis
361 1337 501 1415 superior
523 1337 638 1411 lactus,
661 1355 722 1396 non
745 1345 809 1398 erat
831 1335 1008 1415 quidquam
1035 1351 1078 1391 re·

139 1420 264 1498 liquum,
287 1420 345 1478 nisi
368 1428 401 1478 ut
422 1426 576 1479 saturatus
599 1429 629 1480 et
649 1421 837 1480 incrassatus
859 1420 950 1478 etiam
973 1418 1077 1476 insur-

139 1510 226 1581 geret
253 1501 399 1561 adversus
421 1502 585 1562 Dominum
616 1503 765 1562 et'Denm
796 1521 902 1579 suum,
934 1519 1077 1560 ausurus

139 1587 267 1662 altiora,
290 1587 314 1644 si
338 1584 414 1664 quid
435 1585 525 1644 altius
546 1595 636 1646 esset.
681 1587 722 1645 At
743 1605 811 1645 oum
838 1585 904 1645 Deo
928 1583 1012 1642 nihil
1039 1583 1078 1641 sit

140 1669 242 1744 altius,
265 1679 461 1744 neeesseest,
484 1678 517 1727 ut
538 1669 686 1729 hiosistat
709 1665 909 1745 abominatio,
931 1673 963 1727 et
977 1665 1078 1726 finem

140 1754 187 1813 sui
210 1753 353 1832 accipiat,
376 1759 408 1811 ut
429 1754 579 1830 seqnitur:

321 1885 369 1945 Et
397 1887 480 1947 sine
505 1905 614 1946 mann
643 1894 886 1948 conteretur.

221 2004 273 2065 Sic
295 2003 481 2084 Apostolus:
506 2004 601 2080 Quem
625 2003 785 2064 interficiet
807 2005 956 2064 Dominus
983 2001 1075 2061 Iesus

138 2089 244 2166 spiritu
275 2089 336 2146 oris
360 2089 423 2163 sui,
459 2097 488 2146 et
515 2089 652 2147 destruet
679 2088 881 2148 illustratione
914 2086 1075 2146 adventus

139 2171 184 2229 sui
208 2177 264 2232 eto.
309 2169 378 2230 Non
402 2189 476 2248 ergo
502 2191 613 2251 papam
648 2177 678 2231 et
711 2189 837 2251 regnum
874 2170 939 2229 eius
978 2167 1076 2242 (licet

137 2254 248 2314 misere
279 2253 310 2312 id
334 2252 488 2334 metuant)
523 2253 591 2313 laiei
624 2255 802 2330 vastabunt,
837 2253 954 2332 indigni
987 2252 1074 2310 eninr

139 2343 209 2395 sunt
238 2336 295 2396 hac
330 2336 489 2396 mitissima
512 2337 660 2413 vindicta,
694 2336 747 2396 sed
777 2336 887 2397 Christi
920 2334 1073 2394 adventui

139 2426 347 2497 reservantur,
378 2421 462 2479 cuius
491 2420 595 2480 hostes
624 2421 759 2480 omnium
783 2419 964 2479 atrocissimi
1000 2426 1074 2476 sunt

139 2511 169 2562 et
196 2504 325 2562 luerunt.
374 2500 425 2562 sio
457 2504 535 2562 enirn
565 2504 664 2583 perire
693 2503 800 2580 debet,
838 2504 888 2581 qui
917 2501 1073 2562 adversus

139 2587 243 2645 omnia
264 2587 432 2664 consurgit,
456 2603 515 2646 non
542 2605 644 2662 manu,
667 2586 720 2646 sed
744 2586 848 2667 spiritu
872 2593 1015 2659 satanae,
1041 2591 1074 2642 ut

138 2669 261 2748 spiritus
290 2669 427 2748 spiritum
452 2668 589 2747 occidat,
618 2679 649 2728 st
679 2669 789 2736 veritas
813 2668 915 2727 dolum
939 2667 1071 2726 revelet.

139 2750 303 2810 Revelasse
327 2752 406 2810 enim
431 2751 623 2812 mendacium
647 2752 833 2812 destruxisse
854 2758 911 2811 est.

222 2836 251 2892 ln
275 2833 335 2893 line
358 2833 396 2894 ad
411 2840 441 2894 te
455 2843 600 2912 revertor,
623 2837 662 2894 mi
675 2835 825 2914 Vinoilae,
849 2835 923 2893 satis
941 2831 1069 2892 abunde

141 2918 192 2996 (ut
214 2918 327 2991 oredo]
351 2916 521 2978 (lothariuis
545 2919 621 2977 meis
644 2919 819 2993 obsecutus,
844 2935 905 2995 quo
928 2915 1067 2989 videant,

139 3019 199 3060 non
235 3000 339 3079 negari
371 3021 390 3060 a
416 3020 465 3059 me
499 3019 589 3080 quam
623 3002 752 3080 plurima
781 3002 810 3060 in
835 2999 999 3080 scripturis
1031 2999 1068 3058 de

137 3085 196 3143 isto
225 3085 360 3162 ipsorum
384 3086 520 3163 principe
549 3097 578 3144 et
601 3086 702 3164 capite
733 3083 801 3145 dici.
851 3082 943 3158 Quod
974 3083 1065 3141 etism

138 3187 175 3226 eo
209 3165 351 3225 libentius
379 3166 452 3240 feci,
487 3167 567 3245 quod
602 3168 788 3226 meminerim
824 3169 856 3226 in
879 3165 1065 3244 Captivitate

140 3249 328 3327 babylonica
356 3268 405 3307 me
426 3251 603 3327 promisisse
631 3251 755 3310 alteram
787 3248 941 3328 quandam
966 3248 1064 3308 Revo-

138 3333 266 3391 oationis
297 3338 431 3410 partem,
464 3333 583 3408 qualem
614 3341 775 3394 exactores
807 3333 856 3392 isti
888 3331 1063 3392 Palinodias
1128 3351 1129 3390 3

138 3414 276 3473 indomiti
304 3423 334 3473 et
362 3415 487 3492 inquieti
516 3418 655 3495 papistae
694 3415 842 3476 hactenus
871 3433 933 3475 non
965 3413 1063 3474 audie·
1127 3403 1129 3482 l

194 3672 223 3736 *l
243 3675 269 3730 2.
289 3676 384 3729 Thess.
404 3677 430 3732 2.
