2258 4002
287 178 324 241 uu
342 177 496 245 conabum
514 192 530 240 s
547 178 643 239 muno
656 175 691 239 X,
923 172 984 244 titt

61 341 157 394 terum
182 351 290 398 eorum
312 331 545 412 quomodolibet
566 329 853 409 attentatis‚=laotis.
870 338 901 400 et
922 347 985 402 mo

60 417 138 496 litis,
162 416 365 494 attentandis,
387 415 534 476 faciendis
547 424 577 476 et
589 414 766 475 moliendis:
787 414 966 492 ipsorumque

61 499 200 560 nullitate
224 503 305 575 (suis
325 499 444 562 honore
466 508 497 560 et
524 499 694 564 reverentia
723 515 844 576 semper
871 497 965 564 saluis

59 590 206 662 tanquam
235 583 346 662 iniquis
369 589 399 645 et
420 583 555 661 iniustis,
577 599 660 640 mere
683 581 849 660 tyrannicis
872 589 903 640 et
924 582 986 648 vio-

59 666 164 744 lentis,
187 685 246 726 nee
266 685 329 726 uon
358 663 532 744 aquolibet
559 665 660 728 futuro
677 665 873 745 gravamine,
902 661 985 741 quod

59 747 131 808 mibi
157 768 199 810 ex
221 767 259 809 eo
282 749 387 811 venire
407 751 537 828 poterit,
565 756 628 809 tam
649 766 705 826 pro
728 764 782 809 me
805 764 897 824 quam
928 765 985 828 pro

60 829 204 892 omnibus
226 840 257 892 et
283 831 410 910 singulis
433 833 504 890 mibi
538 829 775 890 adhaerentibus
814 838 845 896 et
875 829 986 893 adhae-

58 933 127 977 rere
150 915 326 976 volentibus
348 915 387 977 ad
409 915 542 976 futurum
564 914 727 974 eonsilium
745 913 889 993 legitime,
907 932 944 972 ae
955 915 986 973 in

62 998 131 1060 loeo
155 1005 233 1078 tuto,
256 998 294 1058 ad
316 1015 407 1076 quem
427 1016 487 1077 ego
510 997 560 1056 vel
580 1005 762 1077 procurator
788 1016 844 1075 per
866 1017 917 1059 me
937 995 986 1058 de'·

58 1081 217 1161 putandus
239 1081 333 1143 libere
356 1081 440 1143 adire
461 1088 582 1160 potero,
605 1081 653 1142 vel
674 1081 803 1159 poterit,
838 1089 868 1138 et
896 1079 935 1142 ud
954 1080 986 1143 il·

60 1168 121 1227 lum
145 1165 196 1224 vel
216 1163 255 1224 ad
276 1163 365 1240 illos,
386 1163 432 1239 adl
448 1181 537 1242 quem
561 1182 615 1224 seu
637 1182 715 1242 quos
736 1163 775 1227 de
796 1165 886 1241 inte„
898 1165 988 1243 privi-
1096 1187 1098 1198 =

59 1247 155 1327 legio,
178 1247 411 1325 consuetudine,
433 1247 482 1306 vel
504 1247 581 1311 alias
605 1248 678 1306 mihi
699 1264 871 1325 prouocare
892 1257 987 1327 etap-

58 1332 177 1410 pellare
200 1330 283 1407 lieet,
304 1348 443 1410 provoee
466 1337 497 1390 et
517 1329 640 1412 appello
654 1331 684 1390 in
700 1331 747 1391 ms
759 1331 893 1412 seriptis,
913 1349 987 1410 apo·

60 1415 223 1492 stolosque
243 1414 354 1493 punto,
377 1414 524 1490 seeundo,
534 1415 634 1496 tertio,
646 1414 809 1491 instanter,
825 1416 986 1484 instantius

60 1505 89 1558 et
109 1497 335 1559 instantissime
357 1496 429 1559 mibi
453 1496 518 1558 dari
536 1505 621 1577 peto,
643 1497 670 1563 si
692 1498 761 1575 quis
782 1498 829 1574 sit,
852 1497 987 1575 quimibi
1064 1503 1067 1508 '

61 1581 133 1642 dare
155 1579 215 1640 hos
239 1580 369 1642 voluerit
391 1585 424 1642 et
442 1583 585 1659 potuerit,
607 1582 839 1659 etpraesertim
859 1599 878 1644 a
900 1581 987 1646 vebia

61 1663 190 1725 domino
211 1661 340 1724 Notario
363 1664 602 1741 testimoniales,
633 1673 663 1727 et
684 1670 838 1752 protestor
860 1663 987 1743 depro-

61 1746 221 1824 sequendo
236 1745 317 1807 hane
339 1764 439 1806 meam
448 1747 696 1826 Appellationem
719 1765 775 1825 per
797 1747 877 1811 viam
899 1747 987 1814 uult·

62 1834 142 1906 tatis,
166 1829 297 1908 abusus,
319 1829 487 1909 iniquitatis
509 1835 542 1890 et
562 1830 745 1907 iniustitiae,
765 1836 798 1897 et
818 1828 904 1907 abus,
917 1848 987 1909 pro-

62 1922 92 1970 ut
123 1912 235 1971 melius
263 1918 392 1991 potero,
414 1912 541 1991 optione
571 1913 643 1974 mihi
666 1919 826 1982 reservata
845 1912 987 1990 addendi,

63 1995 239 2072 minuendi,
260 1994 416 2074 mutandi,
437 1996 627 2077 eorrigendi,
650 2005 684 2061 et
701 1997 735 2062 'uu
756 1995 864 2060 melius
895 1997 987 2061 reior-

64 2079 170 2138 mandi
195 2078 341 2156 omnique
364 2078 426 2141 aliu
447 2079 519 2138 iuris
543 2077 692 2143 beneficio
714 2077 834 2148 miblan
850 2080 988 2146 miltiadi

62 2162 260 2228 haerentibus
282 2172 313 2222 et
343 2161 510 2223 adhaerere
539 2161 721 2224 nolenttbus.
743 2179 864 2242 semper
890 2162 988 2232 salso.

62 2244 130 2320 Qua
154 2243 279 2322 quidem
308 2244 455 2305 schedula
483 2261 587 2306 oerum
616 2264 667 2312 ma
693 2253 724 2306 et
752 2245 885 2309 testibus.
909 2244 989 2316 inira

62 2329 203 2407 soniPtis,
234 2335 267 2388 ut
286 2329 500 2407 praemittitur,
515 2329 705 2408 interposita,
726 2337 913 2408 protestans
934 2329 990 2394 tuit

65 2421 93 2472 et
113 2409 346 2491 protestabatur
367 2429 515 2490 expresse
537 2430 571 2472 sa
592 2431 647 2492 per
673 2429 708 2476 se
736 2411 783 2480 vol
810 2421 989 2491 prueuratn·

64 2514 126 2556 ram
152 2513 216 2556 nou
238 2511 332 2574 posse
354 2493 393 2556 ad
415 2513 484 2555 eum
507 2499 665 2573 assedere,
688 2514 707 2558 a
728 2513 790 2574 quo
802 2497 918 2562 exstitit
939 2515 990 2575 ape

63 2577 226 2660 pullatum,
246 2584 348 2640 tamen
370 2588 497 2658 propter
518 2584 632 2645 metum
650 2578 848 2658 plurimorum
877 2579 935 2646 sibi
961 2586 992 2646 al

66 2662 147 2722 vitae
169 2679 245 2722 suae
266 2661 485 2740 insidiantium,
500 2663 732 2740 uestraeque
749 2661 994 2741 appellantium

65 2753 190 2824 propter
213 2744 329 2804 viarum
353 2745 537 2822 discrimina,
559 2746 693 2823 ideoque
713 2748 801 2825 petiit
821 2743 878 2811 sibi
901 2766 919 2809 a
943 2765 991 2814 me

64 2827 193 2888 Notario
215 2827 339 2908 publieo
361 2846 431 2888 oum
453 2827 557 2888 debita
583 2829 729 2890 instantia
757 2829 917 2912 apostolos
948 2838 990 2889 ta·

65 2911 118 2990 les,
143 2911 250 2990 quales
272 2909 330 2970 sibi
352 2910 391 2972 de
412 2911 477 2972 iure
501 2911 684 2974 deberentur
704 2913 768 2970 dari
792 2917 886 2989 atque
918 2930 989 2975 eon·

67 2995 143 3057 aedi.
186 2993 244 3055 Oui
264 2993 388 3074 quidem
410 2991 525 3076 petenti
548 2993 619 3056 dedi
641 2994 802 3086 apostolos
815 2997 901 3074 tales,
918 3014 989 3075 qua·

66 3075 109 3136 les
132 3076 191 3136 sibi
213 3076 378 3156 debentur,
407 3079 455 3138 vel
481 3079 590 3140 saltem
612 3078 834 3140 testimoniales
855 3097 990 3160 praeser-

68 3161 118 3220 tim
141 3161 345 3221 instrumento
369 3163 494 3241 publioo
523 3170 637 3226 extumo
665 3162 849 3225 exarandus.
893 3161 990 3247 Super

69 3243 177 3322 quibus
201 3243 343 3304 omnibus
365 3252 396 3304 et
417 3246 544 3328 singulis
565 3248 652 3326 petiit
675 3267 693 3308 a
716 3265 765 3306 me
788 3245 916 3308 Notario
944 3245 991 3306 in-

69 3327 112 3386 lra
125 3328 239 3408 seripto
254 3347 349 3388 unum
372 3329 421 3388 vel
442 3331 531 3410 plura
552 3327 663 3390 aonfiei
681 3338 773 3410 atque
794 3327 859 3389 fieri
894 3327 989 3416 publi·

70 3429 137 3471 enm
153 3412 203 3472 vel
216 3410 340 3492 publiea
354 3414 586 3473 instrumentum
611 3413 660 3473 vel
673 3415 884 3474 instrumenta.
913 3417 991 3472 Aeta

72 3503 139 3554 sunt
160 3495 238 3554 haee
258 3496 824 3576 VuittembergaeBrandenburgensis
847 3494 991 3572 dioeesis,

73 3578 127 3639 sub
149 3595 242 3658 anno,
263 3579 441 3659 indietione,
464 3582 523 3660 die,
546 3600 650 3641 meuse
672 3588 702 3641 et
723 3576 990 3660 pontificatuffiqui·

73 3660 128 3721 bus
157 3680 263 3743 supra:
291 3673 441 3748 regnante
462 3665 534 3727 divo
549 3663 758 3726 lll'aximiliano
780 3661 988 3721 Romanorum
