2254 4008
315 191 351 253 D.
370 195 404 250 H„
422 195 503 253 nutu.
522 193 707 252 Praeiudinrn.
934 190 978 261 69

63 357 102 413 ost
122 351 326 432 evangelium,
349 357 380 412 ut
401 370 510 414 rocem
526 351 637 414 Christi
649 356 795 412 sonarent
805 349 978 431 pontilioes,

61 443 89 498 al
106 435 160 514 ipsi
190 454 263 496 suas
296 453 389 496 vooee
420 445 547 522 sonant,
580 435 676 496 audiri
710 435 841 514 denique
862 434 977 499 volunt.

48 516 223 598 'Apostolus
249 537 371 598 quoque
393 518 475 596 dieit,
497 537 565 580 sese
589 520 713 579 missum
736 537 805 578 esse
825 535 888 579 non
905 516 979 597 bsp-

61 603 152 674 lirare,
176 601 231 661 sed
255 602 481 680 evangelisare,
511 604 614 682 itaque
641 619 732 662 nemo
756 607 802 661 est
824 599 977 662 obnoxius

59 681 199 764 pontifiois
225 684 448 758 traditionibus,
471 703 528 744 neo
550 691 673 766 oportet
696 704 766 745 eum
790 683 897 759 audiri,
919 684 978 746 nisi

59 768 118 826 dum
140 767 335 848 evangelium
365 774 396 827 et
417 767 567 829 Christum
591 768 698 845 dooet,
720 786 778 828 neo
805 767 889 828 aliud
911 767 978 847 ipse

59 850 160 910 dooere
183 850 286 927 debet,
310 869 401 930 quam
424 850 515 912 fidem
538 851 733 914 liberrimam.
777 851 853 911 Oum
873 856 976 911 autem

58 933 182 994 Christus
207 933 304 994 dieat:
335 934 394 1009 Qui
416 954 472 994 ros
494 933 592 1011 aridii,
625 954 674 994 me
695 933 796 1006 audit,
831 953 885 993 our
912 951 976 994 non

59 1017 133 1099 l'spa
154 1034 280 1095 quoque
302 1017 387 1078 audit
408 1017 510 1078 alios?
530 1017 599 1078 Non
614 1018 693 1078 enim
706 1016 866 1078 eoliPetro
889 1015 977 1076 dioit:

58 1099 106 1175 Qui
126 1105 157 1159 te
180 1099 275 1162 audit.
329 1101 469 1179 Denique
500 1099 550 1159 ubi
579 1109 625 1161 est
653 1120 726 1160 vera
753 1098 847 1178 fides,
881 1099 923 1160 ibi
946 1106 977 1160 et

57 1181 172 1242 verbnm
196 1181 266 1242 fidei
290 1203 357 1244 ense
380 1184 586 1244 neeessariam
608 1190 663 1244 est.
714 1182 775 1243 Gur
797 1201 870 1263 ergo
892 1201 976 1262 papa

56 1263 177 1324 infidelis
202 1285 264 1326 uon
288 1266 372 1326 audit
388 1266 574 1346 quandoque
597 1286 718 1326 servum
743 1285 830 1326 suum
844 1265 976 1344 fidelem,

56 1347 211 1409 habentem
238 1348 362 1409 verbum
385 1348 479 1410 fidei?
502 1349 653 1427 Caecitas,
676 1350 809 1410 oaeoitas
831 1349 862 1410 in
877 1349 976 1428 ponti·

56 1430 154 1491 fluibus
177 1439 298 1511 regnat.

126 1513 187 1574 Alii
213 1534 287 1575 vero
307 1516 401 1576 mullo
414 1516 665 1596 impudentiores,
688 1534 728 1576 ex
742 1513 795 1575 illo
806 1515 912 1578 Malta.
927 1517 975 1592 16,

57 1617 148 1677 papae
185 1604 333 1678 arrogant
368 1605 551 1678 potestatem
588 1599 690 1679 legum
729 1597 975 1659 condendarum:

56 1678 263 1760 Quodcunque
285 1681 429 1761 ligaveris
452 1688 520 1759 eto,
543 1700 611 1742 oum
633 1681 673 1741 ibi
688 1680 825 1741 Christus
850 1680 888 1741 de
904 1699 974 1760 peo-

56 1765 120 1822 oatis
143 1763 277 1844 ligandis
309 1772 339 1824 et
361 1765 550 1825 remittendis
573 1770 659 1845 agat,
692 1783 754 1825 non
784 1764 822 1824 de
844 1764 975 1824 eooleaia

55 1851 110 1905 toto
133 1846 321 1926 captivanda
343 1859 371 1906 el
398 1847 515 1926 legibus
543 1845 753 1928 opprimenda.
796 1847 843 1907 lta
870 1847 975 1907 omnia

56 1930 109 2007 agit
130 1931 190 1989 ista
214 1931 351 2010 tyrannis
375 1929 451 1990 fletis
480 1934 542 1990 suis
565 1929 681 2007 verbis,
709 1931 796 1990 tortis
824 1947 879 2009 per
911 1930 973 1989 vim

54 2029 84 2070 ao
103 2010 279 2092 depravatis
301 2012 401 2073 verbis
427 2014 490 2076 Dei.
535 2013 603 2074 Hoo
625 2032 700 2072 sane
721 2011 881 2089 confiteor,
904 2031 973 2072 esse

55 2094 238 2173 tyrannidem
269 2097 359 2155 istam
390 2096 583 2156 maledietam
605 2096 760 2156 serendam
785 2095 974 2176 Christianis,

12 2173 14 2236 l
54 2179 124 2238 siout
146 2178 317 2260 quamlibet
339 2179 429 2239 sliam
446 2180 622 2240 violentiam
646 2179 734 2239 huius
752 2179 866 2254 mundi,
888 2179 975 2238 iuxta

12 2601 14 2668 l

12 2293 13 2300 κ
53 2259 117 2320 illud
161 2261 334 2339 Christi:*)
373 2261 431 2338 Qui
464 2270 494 2322 te
526 2263 708 2341 percusserit
742 2263 771 2321 in
817 2261 973 2322 maxillam

54 2341 221 2424 dexteram,
253 2343 367 2424 praebe
399 2345 644 2424 metallorum,
682 2345 736 2404 sed
765 2345 826 2405 hoo
852 2363 974 2423 queror,

55 2425 127 2504 quod
162 2428 249 2506 impii
277 2426 439 2507 pontilioes
471 2447 505 2488 se
532 2428 572 2498 id
590 2429 655 2488 iure
684 2446 777 2508 posse
812 2433 842 2488 et
872 2427 974 2488 faeere

54 2509 178 2588 inolent,
236 2516 266 2570 et
299 2512 342 2570 rei
382 2510 572 2572 Christianae
611 2529 681 2570 sese
723 2509 883 2571 consulere
916 2510 975 2570 bae

57 2590 208 2671 babylone
236 2611 293 2654 sua
334 2600 548 2675 praesumunt,
592 2593 673 2654 bauo
714 2593 813 2674 ipsam
858 2593 975 2673 opinio·

57 2693 116 2734 nem
153 2675 296 2736 omnibus
332 2677 561 2756 persuadentes.
613 2676 644 2738 Si
673 2677 753 2736 enim
785 2675 976 2736 oonsoienlia
1059 2725 1061 2739 .

55 2757 211 2836 impietatis
234 2765 265 2820 et
287 2760 456 2839 tyrannidis
479 2779 516 2822 ea
536 2759 682 2836 lacerent,
704 2766 834 2820 autnon
857 2765 975 2840 palere-

57 2859 113 2900 nur
135 2843 196 2901 vim
218 2860 339 2919 eorum,
362 2844 479 2903 interea
500 2843 597 2903 seouri
620 2861 865 2922 numeraremus,
895 2859 974 2920 quae

56 2921 87 2981 ad
109 2924 351 2985 mortificandam
373 2927 466 2985 vitam
489 2926 569 2987 bano
600 2932 630 2986 et
650 2925 839 3006 implendum
861 2923 974 3006 baptis-

12 3053 13 3066 ,
57 3023 130 3066 num
152 3008 270 3084 valent,
292 3008 411 3088 integra
433 3009 522 3071 nobis
544 3009 651 3070 reliota
672 3008 862 3070 oonsoientia
883 3007 973 3087 glori-

57 3089 118 3147 andi
142 3089 179 3150 de
201 3091 310 3149 iniuria
331 3090 424 3151 illata.
468 3094 509 3152 At
530 3110 612 3153 nuno
624 3092 731 3152 volunt
753 3093 798 3152 sio
816 3091 974 3151 oonsoien·

57 3171 121 3231 tium
143 3173 289 3233 libertatis
312 3181 435 3234 nostrae
457 3174 632 3255 illaqueari,
658 3183 690 3234 ut
711 3173 871 3234 credamus
894 3171 973 3233 bene

58 3271 123 3313 ase
143 3257 223 3336 geri,
259 3274 338 3334 qnae
365 3265 489 3336 gerunt,
522 3277 580 3318 neo
607 3258 699 3318 linere
726 3277 764 3317 ea
791 3253 972 3337 reprehendi

58 3343 104 3396 aut
123 3338 223 3418 inique
246 3346 334 3419 gesta
356 3339 517 3418 querulari,
540 3349 570 3401 el
593 3359 662 3400 oum
684 3340 745 3401 sint
766 3340 846 3420 lupi,
876 3336 972 3398 videri

59 3420 155 3480 volunt
176 3428 326 3502 pastores,
350 3439 417 3482 oum
432 3424 501 3496 sint
512 3423 689 3502 antichristi,
712 3423 817 3483 volunt
828 3420 972 3482 honorari

62 3589 467 3603 —-—-—--———-----

110 3691 138 3761 'J
158 3689 249 3749 Manu.
271 3691 296 3748 5.
