2262 4006
135 168 198 239 338
351 174 507 245 murno
527 175 560 230 n.
579 172 614 232 r.
632 175 663 254 ι,ἰ
681 173 716 230 su
734 167 834 230 riarum

138 337 289 390 mortuum
312 335 343 389 et
365 327 403 389 de
426 331 552 389 mortuis
574 347 612 389 ao
632 327 793 392 damnatis.
836 329 935 406 Quem
958 325 1055 408 eight

135 413 249 473 Lumen
279 413 352 472 illud
382 421 509 472 naturae
530 413 657 473 scilieet·
668 411 882 491 Aristotelem,
910 415 961 492 qui
986 407 1058 470 vere·

136 492 328 572 ἀπολλύων,
350 495 380 554 id
404 503 459 572 est,
478 495 608 575 perdens
631 505 660 555 et
683 503 818 556 vastator
841 495 1004 572 ecclesiae,
1027 493 1056 552 ln

139 577 395 639 Universitutibus
408 587 523 660 regnat.
567 577 674 658 Reque
697 579 776 637 enirn
799 577 909 664 (ligulis
923 579 989 638 'erat
1006 590 1060 638 no·
1126 651 1127 656 η

138 663 245 721 minari
267 665 297 722 iu
320 661 415 720 sacris
436 661 531 720 literis
553 679 608 721 suo
636 664 766 721 nomine.
811 661 952 722 Dihimus
976 661 1058 720 cuith

139 745 280 824 angelum
304 743 477 823 significare
501 744 657 804 doctorem
679 746 709 803 in
739 744 879 808 ecclesia.
923 740 964 804 Et
992 741 1057 802 cu-
1122 820 1123 829 ἵ

136 837 199 887 tum
230 837 292 902 est,
325 827 519 887 Aristotelem
551 837 701 887 mortuum
731 836 761 886 et
786 828 964 888 damnatum
987 825 1059 887 este

136 911 294 972 doctorem
318 910 408 970 hodie
430 912 565 970 omnium
590 906 825 970 Universitatum
848 911 947 992 magis
965 913 1058 988 quarti

136 992 299 1054 Ohristum.
348 992 427 1068 Quia
456 995 619 1052 autoritate
646 999 676 1052 et
703 993 804 1053 studio
830 991 970 1054 'l'liolhae
998 987 1060 1052 cle-

138 1085 227 1136 vatus
250 1083 367 1155 regnat,
389 1079 574 1135 resuscitans
596 1074 721 1135 liberunt
744 1073 911 1154 arbitriur‘n‚
941 1075 1060 1136 docens

137 1161 263 1219 virtutes
288 1159 420 1220 morales
443 1167 472 1218 et
502 1159 728 1238 philosophiam
749 1159 929 1236 naturalem,
954 1143 986 1219 (tl
1011 1159 1059 1218 tri-

136 1261 210 1322 ceps
231 1242 347 1301 scilicet
369 1241 529 1318 Cerberus,
551 1243 613 1302 imo
636 1244 769 1322 tricopor
792 1241 919 1304 (lerion.

217 1324 299 1384 Ecce
310 1328 439 1404 primunr
452 1325 526 1402 Vae,
541 1323 623 1403 quod
637 1326 674 1383 de
684 1323 824 1385 Romano
844 1321 993 1405 pontifice
1006 1321 1057 1384 tut

136 1406 187 1466 het
209 1408 356 1481 eeclesia,
389 1427 444 1488 per
466 1407 663 1467 ministerluin
687 1405 717 1469 S.
739 1407 893 1486 Thomas,
925 1403 1058 1486 quhrum

135 1507 203 1550 curn
225 1491 331 1549 lirisset
353 1491 430 1550 haec
451 1493 584 1550 maxime
611 1490 773 1570 prohibere
795 1499 825 1550 et
847 1489 1057 1570 exstinguere,

135 1575 195 1654 ipsi
216 1575 350 1634 maxime
374 1582 537 1634 erexerunt
558 1583 589 1632 et
610 1571 829 1634 stabiliverunt.
873 1575 943 1653 Dio,
966 1573 1055 1634 uarie

135 1658 211 1716 aime
234 1658 348 1736 lector,
370 1675 408 1717 au
431 1675 491 1716 nou
515 1657 593 1717 istae
619 1655 713 1716 iacies
742 1659 803 1716 sirit
830 1655 922 1717 hodie
950 1657 980 1716 lu
1012 1661 1058 1716 ec
1086 1671 1088 1678 ’

135 1740 229 1802 alesia
251 1741 362 1819 puppis
387 1739 487 1818 (quod
510 1741 611 1816 aiunt)
636 1748 667 1799 et
687 1737 799 1819 prora?
841 1739 953 1800 Nonne
981 1737 1059 1800 llaec

135 1831 215 1904 sunt,
239 1830 271 1882 ut
293 1823 469 1902 philosophi
492 1822 610 1895 dicunt,
633 1824 761 1882 materia
784 1830 815 1882 et
837 1823 992 1883 obleututn
1017 1821 1058 1882 iu·

135 1908 176 1966 ris
212 1903 382 1965 &conicit
425 1903 504 1980 Quid
539 1906 659 1964 discunt
691 1905 827 1965 infelicet
858 1905 1058 1982 Canusinae,

135 1989 193 2048 nisi
215 1990 322 2048 harum
346 1989 490 2048 facierum
514 2009 568 2068 per
586 1990 726 2048 hohrines
739 1991 849 2068 impios
864 1989 1058 2048 lhvhntaruth

135 2079 165 2130 et
187 2079 367 2133 statutarum
391 2073 627 2149 observantiam,
650 2089 729 2151 quae
751 2086 876 2152 prorsus
905 2071 982 2131 nihil
1009 2078 1059 2131 ne-

134 2173 194 2232 que
217 2155 254 2214 ad
280 2155 387 2230 Deum,
411 2155 569 2233 nequead
594 2155 755 2215 ecclesiam
787 2151 941 2236 pertinet?
985 2154 1060 2214 Rut-

134 2255 196 2312 sus,
219 2237 284 2314 dic,
318 2239 344 2296 si
367 2257 459 2296 unum
494 2256 572 2317 opus
605 2238 718 2298 bonum
741 2239 771 2298 in
806 2238 851 2298 hle
874 2235 1056 2316 inveniatur,

135 2319 219 2399 quod
243 2320 326 2379 Deus
348 2323 549 2400 praeceperit.
591 2320 673 2400 Lege
694 2322 741 2381 ius
755 2325 852 2382 toturn
865 2319 1054 2381 canonicum

134 2413 164 2462 et
186 2403 297 2482 profer,
320 2404 443 2482 quando
466 2403 623 2464 Romanus
646 2411 699 2464 aut
720 2403 798 2464 alius
821 2405 988 2484 episcopus
1018 2405 1055 2464 ad

135 2486 297 2565 Evangelii
325 2484 458 2546 ollicium
488 2487 632 2566 urgetur?
674 2486 786 2548 Omnia
814 2487 852 2548 de
875 2485 1055 2548 iurisdietio-

134 2571 232 2646 nibus,
245 2569 318 2629 nihil
331 2569 369 2629 de
392 2570 485 2630 verbo
510 2570 566 2630 Dei
589 2570 740 2648 statuitur,
763 2589 831 2630 eum
847 2572 949 2648 tarhen
976 2569 1055 2630 nullo

133 2671 257 2732 prorsus
279 2671 312 2711 re
334 2671 412 2733 opus
435 2655 488 2727 sit,
512 2671 603 2732 quarn
637 2654 731 2714 verbo
754 2653 811 2713 Dei
845 2655 875 2712 iu
913 2653 1054 2714 ecelesia.

135 2737 175 2794 At
195 2735 256 2796 hoc
277 2737 447 2815 capellanis,
466 2744 496 2795 et
518 2737 708 2812 terminariis,
731 2743 762 2796 et
783 2753 843 2815 quo
866 2739 935 2816 quis
952 2737 1055 2797 indoc

135 2819 194 2877 tior
216 2828 245 2876 et
266 2819 370 2879 rudior
393 2828 449 2895 est,
471 2819 658 2900 relinquitur.

216 2900 313 2962 Ovae
326 2903 388 2978 tibi,
408 2921 498 2982 pape,
517 2921 573 2962 rae
589 2902 676 2963 vobis
689 2900 913 2978 cardinalibus,
931 2923 991 2964 vae
1007 2922 1055 2964 vo·

135 2982 180 3043 bis
213 2985 377 3064 episcopis,
410 3005 467 3044 vae
500 2986 589 3048 vobis
617 2986 839 3062 sacerdotibus,
877 3005 935 3046 vae
967 2987 1055 3047 vobis

135 3067 292 3126 monachis
325 3077 356 3126 et
388 3070 442 3128 toti
475 3068 574 3128 ordini
603 3069 823 3130 ecclesiastico.
868 3067 944 3144 Quis
967 3069 1054 3131 tobis

134 3151 317 3210 monstrabit
342 3150 448 3230 fugere
469 3170 488 3210 a
511 3159 636 3212 ventura
660 3160 690 3212 et
711 3153 846 3212 instante·
866 3151 932 3212 ira?
976 3149 1054 3228 Quid

79 3285 84 3290 ,
124 3233 357 3313 ¹respondebitis
379 3253 434 3312 pro
458 3233 559 3294 oliicio
582 3233 674 3310 verbi,
686 3234 768 3314 quod
791 3232 925 3294 subiistis
940 3241 970 3295 et
995 3240 1052 3296 nort

133 3315 303 3394 implestis?
346 3316 489 3394 Nunquid
516 3318 567 3376 ille
600 3319 733 3397 triplices
761 3326 911 3395 coronas,
945 3319 1051 3398 pileos,

132 3397 258 3473 intutas,
290 3399 439 3476 annulos,
468 3416 591 3475 aurum,
623 3419 787 3480 purpuram
811 3408 842 3460 et
863 3418 972 3461 omnes
994 3403 1049 3462 iarn

133 3475 230 3537 dictas
252 3480 345 3540 facies
368 3481 566 3560 acceptabit?
605 3482 673 3543 Stat
700 3485 853 3544 sententia
882 3482 961 3560 lixa,
992 3503 1049 3544 uon

132 3561 256 3636 respicit
289 3563 320 3620 in
355 3561 654 3626 faciemnominum.
699 3565 850 3640 Quocirca
892 3561 1054 3627 eonsilium

135 3637 245 3700 Ohrirtl
265 3643 379 3721 audian
401 3646 453 3723 qui
474 3647 586 3725 potest,
609 3648 660 3708 ubi
683 3647 775 3710 docet
798 3649 883 3710 Matr.
907 3643 963 3713 24:
1001 3649 1048 3710 Fu·
