2252 4006
274 217 392 273 Exustio
411 217 570 272 Antichrist.
586 206 779 274 discretalium.
927 215 990 284 265

151 370 300 432 Postridie
322 373 388 432 eius
411 372 469 432 diei
492 372 610 433 Ductor
631 371 794 449 Martinus,
817 393 885 433 cum
911 373 991 433 Psal-

66 457 175 515 tsrium
197 454 379 535 praelegert,
402 455 623 535 praemonebat
644 474 751 516 omues
774 455 938 531 auditores,
962 463 993 516 ut

55 537 122 598 'sibi
147 546 290 598 caverent
312 558 330 599 a
361 539 518 618 papisticis
540 539 672 598 statutis.
715 539 825 600 Parum
844 559 912 599 esse
933 539 1007 616 hoc,

69 619 300 700 deflagrationis
322 619 531 700 negotiumli,
555 641 595 680 ex
616 639 648 680 re
671 621 746 700 iore,
770 628 897 703 utpeps
920 641 991 718 quo-

66 721 136 781 que,
159 704 294 780 houset,
317 703 548 799 sedespapqlis
563 713 823 782 concremaretur,
845 707 993 786 gravique

66 784 234 882 supercilio
257 749 421 866 aihrmans,
445 789 500 846 nisi
512 787 652 865 ,inquit
676 797 740 846 mm
764 788 855 848 corde
879 788 993 847 dissen-

65 869 148 927 tiatis
171 887 192 927 a
212 887 308 948 regno
331 870 443 949 papali,
465 889 526 928 non
542 871 671 948 potestis
689 872 811 950 assequi
825 881 991 932 vestrarum

64 951 391 1012 animarumsalutem.
434 952 583 1030 Adeoque
606 951 756 1012 diversum
775 973 842 1013 esse
865 965 991 1034 regnum

64 1053 168 1113 papae
192 1055 210 1094 a
230 1053 326 1114 regno
350 1035 458 1095 Christi
479 1042 510 1094 et
531 1035 594 1094 vita
616 1034 804 1112 Christiana,
838 1046 870 1096 ut
902 1037 993 1097 tutius

63 1116 145 1176 foret
168 1120 199 1176 in
222 1135 325 1177 eremo
349 1117 470 1195 agendo
493 1117 607 1178 nulium
631 1122 756 1178 ommno
772 1117 876 1188 videre
897 1119 992 1178 homi-

63 1219 156 1275 nem,
192 1219 282 1279 quam
312 1202 425 1260 versari
459 1202 489 1260 in
527 1218 621 1280 regnu
660 1201 718 1260 ism
752 1201 992 1263 antichristiano,

64 1282 186 1342 Caveat
206 1283 297 1362 igitur
318 1283 393 1361 sibi,
422 1284 558 1362 quisquis
581 1285 701 1343 animae
723 1303 798 1344 suae
821 1285 993 1344 consultum

64 1364 148 1440 velit,
174 1383 212 1424 ne
235 1365 431 1427 assentiendo
449 1366 601 1446 papastris
616 1365 766 1426 Christum
782 1375 891 1446 neget3
912 1367 994 1426 ideo·

64 1465 127 1526 que
151 1455 208 1507 aut
230 1447 279 1507 hic
303 1456 355 1508 aut
378 1451 439 1508 vita
461 1451 560 1508 sutura
582 1450 770 1529 pereundum
790 1451 862 1509 'esse
886 1453 994 1529 cuique

65 1529 102 1590 ad
122 1547 215 1589 saera
228 1529 398 1591 hodiernae
411 1531 561 1592 ecciesiae
573 1533 728 1611 aspiranti,
742 1535 792 1611 qui
806 1533 875 1592 huic
889 1552 994 1614 opera·

64 1614 141 1672 tiuni
168 1614 278 1673 erroris
301 1614 513 1674 contradicere
534 1633 595 1674 non
619 1615 720 1696 audet,
742 1617 787 1676 sin
801 1625 900 1675 autem
923 1634 995 1675 con-

66 1867 119 1904 nue
141 1855 216 1906 vires
236 1852 359 1905 nondum
380 1853 525 1918 emiserat,
555 1853 689 1922 siquidem
711 1861 796 1919 erant,
816 1856 862 1923 qut
882 1853 997 1906 scandu-

65 1925 125 1976 lare
145 1929 250 1978 tectum
270 1924 370 1978 ἁιιιιιιιι
392 1923 535 1978 cuiusdam
555 1927 613 1978 sive
631 1926 759 1979 officinae
778 1926 917 1978 latericias
936 1941 998 1994 spo·

64 1997 169 2048 tientes
186 1998 215 2048 in
234 1997 326 2065 iguem
346 1995 493 2049 scandulas
512 1996 610 2050 sedulo
630 1999 824 2065 suggerebant.
864 1997 913 2050 Ubi
931 1997 995 2050 buc

67 2070 179 2120 cinator
199 2067 345 2122 classicum
365 2069 472 2136 cecinit,
493 2067 765 2136 conglomerantibus
777 2072 885 2122 interim
906 2081 996 2122 essee

67 2140 208 2191 tatoribus
229 2139 379 2207 relictoque
399 2139 524 2207 plaustro
549 2155 684 2208 personae
708 2143 777 2192 istae
805 2157 904 2209 pyram
929 2157 992 2193 curu

68 2210 181 2262 vexiliis
201 2209 359 2262 Baliaribus
375 2210 489 2278 (eodem
510 2213 572 2276 ritu,
592 2226 648 2279 quo
668 2213 725 2263 tieri
743 2213 815 2266 solet
832 2215 860 2264 in
880 2211 996 2264 domini·

66 2298 115 2333 cae
143 2283 356 2336 resurrectionis
385 2282 495 2350 vigilia)
514 2283 665 2335 ambibant.
704 2284 805 2336 Partim
833 2283 997 2336 audiebatur

65 2356 165 2406 tritum
184 2352 254 2404 iilud
273 2355 423 2406 canticum:
443 2353 481 2406 Te
499 2353 589 2408 Deum
609 2353 769 2420 laudamus,
789 2357 903 2422 partim:
925 2354 947 2408 0
967 2363 996 2407 tu

66 2441 176 2493 pauper
194 2423 288 2490 tudae,
320 2427 476 2493 partimque
496 2427 617 2494 requiem
649 2434 788 2480 aeternam
818 2442 849 2478 ac
878 2430 900 2478 si
924 2429 997 2478 insta

67 2496 229 2564 perdendae
257 2498 312 2548 iarn
332 2496 428 2550 Buliee
448 2497 637 2562 delubrorum,
666 2503 694 2550 et
723 2500 860 2552 canticum
879 2502 996 2566 quisque

66 2585 150 2620 sunm
171 2570 263 2635 coepit
280 2567 452 2635 depromere.
490 2569 597 2622 interae
625 2571 723 2638 auriga
752 2575 914 2638 suggestum
940 2569 998 2622 illic

68 2651 198 2707 paratum
221 2639 382 2694 conscendit
400 2639 575 2694 audientibus
595 2644 699 2693 cunctis
718 2658 749 2694 ac
769 2640 996 2695 cachinnantibus

69 2711 179 2762 Rullum
199 2713 382 2779 interpretans
402 2711 543 2764 recitabat.
582 2719 671 2780 Atque
691 2721 753 2780 post
769 2711 877 2766 Bullam
899 2713 996 2765 librum

68 2783 166 2851 tegens
186 2779 412 2834 Ochsot'ardicum
435 2797 489 2834 non
511 2785 570 2835 sine
588 2785 645 2836 risu
665 2785 838 2844 auditorffum
863 2787 927 2836 item
949 2783 996 2836 Ec-

68 2858 178 2906 cianum
200 2861 227 2906 et
245 2852 315 2906 alios
327 2854 485 2919 nonnullos,
505 2868 575 2922 qnos
594 2871 685 2908 evase
702 2857 909 2924 depromebant.
929 2855 998 2907 Tan·

68 2927 132 2978 dem
153 2939 283 2978 nummos
302 2925 457 2977 aditissum
479 2928 742 2980 concremandorum
764 2931 886 2980 sontium
908 2943 998 2980 emen·

69 2998 165 3050 dicans
186 2996 328 3050 descendit
347 2996 382 3050 de
399 3003 534 3066 suggesto
553 3005 580 3050 et
592 2999 682 3052 buttes
702 3007 729 3052 et
744 2999 830 3052 libros
850 3016 911 3050 eum
933 3014 997 3052 vase

69 3077 96 3121 et
117 3067 223 3123 vexillo
242 3070 358 3121 coniecit
388 3071 538 3138 inignem
575 3070 644 3121 Tum
665 3071 775 3138 quidem
806 3070 866 3124 aliis
898 3085 996 3139 pyrum

68 3140 268 3210 proruentibus
276 3140 348 3204 tutia
356 3139 491 3193 librorum
507 3157 568 3192 cum
588 3142 689 3194 favillis
701 3143 869 3212 surgebant'
863 3159 891 3194 ιιι
902 3143 998 3208 altum,

71 3212 132 3264 eliis
153 3211 224 3264 haec
243 3211 327 3279 Papae
349 3226 379 3264 ae
397 3215 529 3280 papastris
550 3213 677 3265 missitant
698 3215 918 3278 vociferantibus,
939 3213 998 3265 ahie

70 3284 121 3334 atie
139 3289 222 3350 atque
240 3281 291 3332 alia
310 3284 470 3335 canentibus
491 3290 517 3335 et
536 3286 621 3335 ctnerr
632 3284 820 3338 illudentibus
856 3291 894 3336 Ac
914 3285 998 3336 finitis

71 3355 126 3408 illis
147 3354 274 3408 abierunt
293 3355 408 3438 quisque
428 3353 540 3409 domum
562 3370 647 3408 suam.

141 3423 278 3478 Postridie
299 3427 358 3478 sius
378 3423 478 3478 dieiD
490 3427 629 3494 uarunm,
649 3441 732 3496 quum
747 3425 902 3479 Psalteriurn
925 3441 998 3495 prae·

71 3496 178 3566 legeret
196 3491 271 3565 (qni.
281 3503 371 3549 munau
392 3497 592 3565 pomeridianas
617 3500 757 3550 exustioni
778 3512 832 3550 non
853 3499 998 3565 interfuit),

72 3569 268 3636 praemonebat
285 3583 382 3620 omnes
400 3568 538 3622 auditores
557 3573 606 3622 stc,

143 3641 177 3706 1)
199 3639 228 3692 In
248 3639 290 3694 ed.
309 3642 379 3710 orig.
396 3639 489 3694 deest:
508 3641 659 3709 negotium.
