2258 4002
341 173 380 228 n¹
395 173 430 229 u.
449 172 530 230 auu.
547 171 768 232 nolanum.»
820 201 826 234 2
948 169 1010 238 117

82 327 170 390 nibus
193 329 273 404 suis,
296 330 450 410 promissa
471 327 611 390 exaltant
631 327 805 390 humiliatos
827 328 1010 400 remissioni-

82 411 137 473 bus
160 413 233 476 suis.
940 484 943 489 ,
980 461 996 484 ⁴,

163 495 292 576 Proprie
314 501 416 555 tamen
439 513 476 554 ea
499 501 693 556 sacramenta
708 495 811 556 vocari
833 495 932 555 visum
954 501 1010 574 est,

81 598 161 658 quae
184 579 315 640 annexis
338 579 434 658 signis
471 578 623 659 promissa
655 574 734 640 sunt.
783 577 910 659 Cetera,
959 579 1031 640 uia·

79 663 176 741 signis
199 662 326 742 alligata
346 680 408 722 non
433 667 518 742 sunt,
540 661 622 722 nuda
644 663 795 743 promissa
815 667 896 724 sunt.
938 597 1008 744 buo

79 744 122 823 fit,
146 751 181 806 ut
202 747 229 806 si
252 744 348 824 rigide
372 745 455 824 loqui
477 745 634 820 volumus,
662 750 781 806 tantum
803 744 865 806 duo
883 752 957 826 ⁴aum
978 745 1009 824 ip

79 828 214 890 ecelesia
236 828 292 888 Dei
321 834 530 907 sacramenta,
563 826 731 909 baptismus
754 834 784 890 et
806 829 909 908 panis,
927 849 1008 914 ,cunr

77 913 106 972 in
129 912 179 972 his
202 912 277 974 solis
306 919 336 972 et
363 913 534 972 institutum
564 911 707 972 divinitus
730 913 851 990 signum
882 918 912 973 et
940 932 1009 992 pro·

77 995 259 1056 missionem
282 996 470 1056 remissionis
499 1001 695 1074 peccatorum
718 995 886 1058 videamus.
928 995 1008 1076 Nam

76 1079 291 1159 poenitentiae
323 1087 566 1155 sacramentum,
599 1079 681 1156 quod
714 1098 773 1158 ego
808 1079 855 1140 his
888 1077 1008 1142 duobus

76 1163 241 1239 accensui,
273 1163 361 1241 signo
391 1161 501 1222 visibili
531 1168 561 1221 et
588 1160 732 1223 divinitus
753 1163 891 1223 instituto
915 1168 1008 1240 caret,

1 1245 2 1266 ¹
75 1253 106 1305 et
127 1245 214 1305 alind
237 1264 299 1305 non
323 1264 392 1305 esse
414 1245 492 1323 dixi,
523 1263 613 1324 quam
643 1245 724 1305 viam
753 1264 790 1306 ac
810 1245 946 1322 {reditum
969 1243 1008 1306 ad

1 1335 2 1386 i
76 1328 274 1408 baptismum.
325 1327 385 1388 Sed
421 1347 478 1389 neo
512 1327 695 1390 scholastici
730 1327 834 1390 dicere
868 1333 1007 1409 possunt,

75 1431 166 1472 suam
205 1411 414 1472 definitionem
450 1429 543 1491 posse
581 1412 745 1472 convenire
789 1412 1006 1492 poenitentiae,

74 1496 128 1573 qui
163 1501 194 1556 et
221 1495 279 1574 ipsi
309 1502 502 1554 sacramento
531 1496 651 1574 signum
680 1493 798 1555 visibile
816 1494 1006 1573 asscribunt,

1 1639 2 1662 ,
73 1577 161 1656 quod
183 1578 312 1638 formam
334 1574 454 1656 ingerat
475 1578 616 1638 sensibus
638 1578 702 1638 eius
725 1578 783 1656 rei,
816 1596 908 1656 quam
929 1579 1006 1639 invi·

74 1661 206 1722 sibiliter
228 1667 380 1740 operatur.
425 1660 466 1720 At
488 1661 676 1740 poenitentia
698 1679 752 1721 seu
773 1658 927 1722 absolutio
945 1661 1007 1722 tale

1 1753 2 1760 ’
75 1745 200 1826 signum
223 1742 453 1820 nullumhabet,
476 1762 570 1822 quare
593 1744 695 1823 stipsi
712 1749 861 1824 cogentur
882 1743 1007 1824 propria

1 1833 2 1842 ’
74 1827 256 1888 delinitione
290 1832 342 1886 aut
364 1845 478 1905 negare
500 1827 719 1905 poenitentiam
742 1845 810 1888 esse
832 1846 1005 1890 sacramen-

75 1917 155 1988 tum,
178 1915 209 1970 et
230 1911 274 1969 sic
294 1929 455 1970 numerum
478 1929 583 1971 eorum
613 1911 808 1989 imminuere,
839 1910 1005 1972 sataliam

74 1999 341 2054 sacramentorum
365 1993 473 2053 afferre
496 1991 715 2056 definitionem.

163 2077 337 2155 Baptismus
367 2082 485 2152 autem,
520 2094 611 2154 quem
640 2077 695 2138 toti
729 2076 810 2137 vitae
836 2073 1006 2157 tribuimus,

74 2165 163 2221 recte
185 2177 241 2239 pro
264 2157 405 2219 omnibns
428 2159 628 2220 sacramentis
649 2161 722 2220 satis
746 2160 816 2237 erit,
845 2157 955 2238 quihus
975 2159 1006 2220 in

76 2245 143 2304 vita
165 2243 208 2303 uti
237 2241 413 2303 debeamus.
462 2242 552 2302 Panis
581 2249 682 2303 autem
712 2262 783 2304 vere
812 2243 1005 2304 morientium

1 2395 2 2410 ,
75 2333 106 2388 et
129 2325 344 2387 excedentium
367 2332 603 2401 sacramentum,
624 2325 773 2405 siquidem
795 2326 826 2386 in
850 2343 887 2385 eo
910 2331 1006 2388 trans-

74 2411 152 2471 itum
165 2409 275 2470 Christi
298 2427 338 2469 ex
359 2408 419 2469 hoc
441 2408 555 2469 mundo
569 2405 826 2489 memoramur1),
850 2414 882 2468 ut
903 2408 1003 2488 ipsum

76 2493 242 2569 imitemur,
265 2498 296 2552 et
319 2492 363 2551 sic
384 2490 597 2554 distribuamus
621 2491 699 2553 haec
721 2491 781 2552 duo
802 2497 1006 2570 sacramenta,

80 2583 113 2636 ut
135 2574 305 2655 baptismus
326 2575 413 2636 initio
436 2581 466 2634 et
487 2575 580 2635 totius
604 2576 684 2636 vitae
707 2575 823 2651 cursui,
845 2573 933 2654 panis
955 2567 1005 2636 ah·

79 2665 139 2719 tem
163 2657 293 2718 termino
328 2663 358 2716 et
385 2657 474 2717 morti
502 2656 676 2737 deputetur:
699 2664 792 2736 atque
814 2656 1005 2719 Christianus
1062 2736 1063 2739 Ἴ

78 2748 207 2820 utroque
231 2744 411 2800 exerceatur
432 2740 462 2799 in
484 2739 545 2800 hoo
568 2741 770 2821 corpusculo,
794 2740 894 2801 donec
915 2740 1006 2820 plene

78 2824 248 2904 baptisatus
272 2827 303 2883 et
325 2821 486 2884 roboratus
498 2827 633 2884 transeat
645 2843 684 2884 ex
697 2824 757 2886 hoc
768 2823 892 2895 mundo,
916 2830 1005 2884 natus

79 2910 106 2967 in
121 2912 278 2968 aeternam
291 2924 403 2966 novam
423 2907 527 2983 vitam,
550 2905 787 2968 manducaturus
800 2925 868 2966 cum
883 2904 1004 2966 Christo

78 2992 111 3050 in·
129 3008 227 3070 regno
244 2988 341 3050 Patris
363 2989 420 3065 sui,
441 2989 520 3051 siout
540 2990 570 3050 in
594 3007 693 3050 coena
713 2989 863 3070 promisit,
885 2987 1004 3049 dicens:

78 3073 176 3133 Amen
200 3071 271 3133 dico
293 3070 391 3149 vobis,
414 3091 432 3132 a
455 3071 547 3133 modo
571 3091 632 3133 non
655 3070 758 3134 bibam
778 3070 818 3133 de
839 3071 901 3133 hoc
922 3071 1004 3152 geni·

78 3157 158 3216 mine
181 3155 262 3233 vitis,
284 3153 385 3214 donec
405 3154 566 3233 impleatur
588 3155 617 3215 in
640 3174 736 3235 regno
759 3154 833 3230 Dei;
856 3159 1004 3235 utsperts

77 3238 216 3299 videatur
247 3244 471 3296 sacramentum
502 3237 590 3317 panis
622 3238 662 3298 ad
685 3238 816 3298 futuram
839 3239 932 3312 vitam
955 3255 1003 3296 ae

78 3319 262 3402 captandam
284 3320 460 3396 instituisse,
482 3326 555 3380 tunc
578 3321 658 3380 enim
680 3339 713 3382 re
734 3321 889 3399 utriusque
903 3335 1003 3379 sacra·

78 3404 171 3465 arenti
192 3402 319 3482 impleta
341 3401 473 3462 cessabit
495 3401 664 3483 baptismus
687 3409 716 3464 et
737 3404 834 3483 panis.

133 3672 166 3742 1)
185 3672 217 3726 ln
236 3671 278 3732 ed.
297 3671 371 3728 lent
390 3685 589 3730 memoramus.
