2258 4002
125 174 187 240 148
354 176 494 230 Adversus
514 178 713 232 exsecrabilem
731 176 837 230 Bullam

124 331 307 406 haereticos,
330 330 408 391 alios
431 350 592 408 erroneos,
621 333 698 392 alios
721 332 922 391 scandalosos
946 330 1051 390 decre·

124 415 220 474 vistis.
265 413 335 488 Quo
357 415 480 493 respicit
501 413 551 472 hic
574 414 738 474 articulus?
760 415 798 474 ed
817 413 991 473 haeresim?
1014 413 1051 473 ed

123 495 279 556 errorem?
317 495 355 554 ad
386 497 585 556 scandalum?
619 506 671 556 aut
703 515 763 575 quo
793 516 848 557 vos
871 497 1052 576 respexistis

122 598 190 639 eum
205 579 406 638 damnantes?
428 580 466 640 ad
480 579 665 658 scripturam
680 579 839 638 sanctam?
863 580 900 640 ad
924 587 1050 638 sanctos

123 661 249 721 Patres?
271 661 309 721 ad
330 659 444 722 fidem?
467 663 504 722 ad
523 662 708 722 ecclesiam?
731 661 809 736 Quin
835 661 960 722 dicitis?
983 680 1052 720 nec-

123 745 194 805 dum
218 747 298 804 enim
320 763 375 804 vos
398 745 548 823 probandi
571 747 696 824 negotio
720 745 869 824 molesto,
898 743 952 804 sed
976 743 1052 802 indi-

124 827 213 888 candi
250 827 348 887 solum
382 827 516 887 debitum
552 828 731 907 expostulo,
767 835 799 887 ut
830 831 943 904 sciam,
981 827 1052 904 quid

124 911 200 971 desit
229 911 309 970 mihi.
360 910 460 970 Vultis
491 911 620 970 infantes
643 912 745 991 pueri,
778 915 812 970 ut
840 930 899 991 ego
930 909 1052 970 dicam?

123 993 200 1053 Dico
223 1013 307 1074 ergo.

205 1075 263 1135 Hic
290 1076 434 1137 articulus
457 1083 614 1157 respectus
639 1077 716 1136 duos
745 1075 852 1151 habet,
881 1075 981 1135 alt-ero
1011 1094 1054 1134 re-

123 1160 215 1238 spicit
228 1158 267 1218 ad
283 1161 419 1239 papistas
443 1159 638 1219 damnatores
661 1179 744 1235 suos,
767 1161 845 1218 inter
866 1177 945 1237 quos
971 1157 1054 1217 videt

123 1242 201 1302 alios
224 1245 393 1321 respective
417 1242 526 1316 mulos,
549 1243 626 1301 alios
651 1261 761 1321 equos,
784 1243 894 1320 quibus
917 1259 982 1300 non
1008 1247 1054 1299 est

124 1322 305 1401 intellectus,
328 1333 361 1384 nt
383 1327 432 1403 qui
458 1344 581 1404 prorsus
604 1326 676 1386 nihil
700 1325 873 1404 intelligant
895 1333 926 1384 et
948 1333 1052 1383 tamen

124 1408 228 1468 omnia
249 1407 403 1468 damnent.
448 1407 552 1468 Altero
575 1409 697 1487 respicit
720 1407 758 1466 ad
781 1426 900 1467 sacram
918 1407 1054 1486 Scriptu-

122 1510 198 1570 ram,
222 1509 300 1568 quae
322 1489 413 1550 docet
434 1489 523 1551 Rom.
549 1491 601 1552 14:
628 1509 729 1568 omne,
752 1490 832 1569 quod
857 1509 919 1550 non
944 1496 1054 1548 estex

123 1571 193 1646 fide,
215 1582 374 1653 peccatum
400 1593 477 1634 esse.
520 1573 569 1632 Ex
592 1593 652 1653 quo
676 1575 825 1652 sequitur,
856 1581 1054 1632 sacramenta

68 1723 70 1736 1
122 1674 223 1714 novae
263 1656 338 1736 legis
374 1675 436 1716 non
480 1656 553 1715 dare
589 1658 716 1734 gratiam
754 1655 937 1730 incredulis,
984 1674 1053 1713 cum

121 1738 316 1798 incredulitas
361 1740 400 1797 sit
449 1740 615 1798 maximum
660 1747 843 1818 peccatum,
894 1747 925 1798 et
971 1737 1055 1798 obex

122 1822 343 1899 crassissimus,
376 1821 429 1881 sed
466 1821 563 1881 solum
603 1822 804 1880 credentibus.
855 1819 929 1882 Sola
971 1821 1054 1880 enlm

122 1903 197 1963 fides
221 1923 282 1963 non
312 1905 399 1984 ponit
427 1903 563 1979 obicem,
592 1905 701 1964 cetera
724 1906 827 1966 omnia
856 1912 926 1964 sunt
958 1904 1053 1978 obex,

123 1987 242 2046 etiamsi
266 1985 384 2046 obicem
414 1987 495 2046 illum
520 2007 580 2048 non
604 1995 737 2067 ponant,
770 1986 860 2066 quem
891 1987 1054 2066 sophistae

122 2071 277 2130 somniant
300 2069 337 2128 de
364 2070 474 2130 actuali
497 2077 613 2130 tantum
643 2071 803 2150 proposito
831 2071 949 2130 externi
982 2087 1054 2150 pec-

122 2155 192 2215 cati.
237 2151 393 2212 Confiteor
415 2172 488 2232 ergo
512 2153 670 2212 articulum
699 2173 760 2214 non
785 2173 853 2212 esse
875 2173 979 2212 meum
1004 2171 1052 2212 so-

121 2235 194 2312 lum,
217 2235 271 2294 sed
294 2237 429 2295 veritatis
448 2237 618 2296 catholicae
641 2237 884 2298 etOhristianae.
927 2235 1051 2295 Bullam

122 2337 195 2377 vero
218 2317 437 2378 damnatricem
461 2322 526 2378 eius
551 2338 619 2378 esse
641 2317 688 2378 bis
703 2320 899 2395 haereticam,
921 2319 1051 2398 impiam
1121 2351 1122 2394 3

124 2407 155 2460 et
175 2399 385 2481 blasphemam
416 2422 483 2461 cum
512 2401 667 2478 omnibus,
696 2405 746 2481 qui
777 2421 843 2461 eam
872 2410 1052 2480 sequuntur,
1121 2399 1122 2464 l

123 2484 173 2562 qni
197 2483 339 2562 neglecto
361 2494 490 2563 peccato
508 2485 727 2544 incredulitatis
750 2485 904 2544 insaniunt
927 2483 1050 2544 obicem

123 2565 199 2644 tolli,
221 2569 246 2626 si
269 2567 362 2627 homo
385 2587 514 2647 peccare
537 2568 671 2646 desinat,
701 2567 820 2628 etiamsi
849 2567 921 2626 nihil
948 2569 1051 2626 incre·

124 2649 210 2709 dulus
233 2649 305 2710 boni
328 2654 457 2730 cogitet,
488 2671 591 2711 verum
623 2649 700 2710 haec
722 2651 811 2712 latius
834 2656 865 2710 et
886 2651 914 2709 in
940 2649 1051 2710 libellis

124 2734 199 2792 meis
221 2732 366 2812 probavi,
389 2744 418 2793 et
442 2733 599 2814 probabo,
622 2736 646 2793 si
669 2734 800 2794 Romani
823 2733 872 2792 isti
894 2733 1052 2794 lallatores

124 2833 180 2875 ena
201 2817 303 2875 ausint
324 2816 490 2896 aliquando
513 2817 655 2898 probare,
679 2836 728 2877 me
751 2817 944 2878 confutaturi.

478 2981 694 3044 Secundus:

184 3095 224 3170 In¹
241 3127 336 3189 puero
359 3115 429 3190 post
452 3109 634 3190 baptismum
659 3129 773 3190 negare
796 3129 957 3169 remanens
981 3127 1049 3170 esse

184 3200 345 3333 pepcatnm
381 3201 427 3252 est
456 3193 581 3253 Paulum
613 3201 644 3254 et
672 3194 822 3252 Christum
860 3192 948 3252 simul
980 3211 1050 3252 con·

187 3294 318 3336 cucarc.

206 3391 350 3451 Ethunc
371 3392 538 3470 exigerem,
560 3401 593 3452 ut
614 3393 783 3471 probarent
797 3400 881 3454 recte
902 3393 1049 3468 damnari,

126 3472 151 3528 si
174 3472 289 3530 domini
313 3474 372 3530 mei
395 3491 469 3550 prae
490 3473 679 3553 respectibus
707 3475 769 3534 suis
792 3493 853 3536 non
876 3485 978 3536 essent
1000 3495 1050 3536 cx·

127 3555 259 3626 caecati,
287 3561 320 3611 ut
341 3573 399 3612 nec
421 3555 481 3613 hoc
503 3559 727 3638 perspicerent,
751 3576 812 3636 quo
835 3559 960 3618 nomine
982 3577 1048 3617 eum

126 3631 221 3690 velint
243 3632 424 3710 damnatum
449 3635 563 3697 haberi.
605 3637 718 3698 Nescio
741 3641 838 3720 enim,
868 3641 1048 3702 haereticus·
