2254 4008
125 153 186 227 [ῃ
397 159 435 214 oa
454 157 652 229 Capu-Rubri
669 158 811 218 deterso

140 310 254 375 audere
275 330 332 374 suo
355 313 492 391 periculo
515 311 597 393 quod
611 313 742 376 voluerit
762 314 801 374 eit
821 309 1068 394 permittendum.

141 395 243 477 Opera
277 395 357 454 enim
390 397 541 474 quaedam
575 398 698 477 spiritus
725 399 755 456 in
778 397 883 476 pausis
908 401 1068 475 »operatum
1125 469 1126 472 Ἴ

141 479 271 558 quaein
295 480 470 559 exemplum
495 489 547 542 eut
569 481 691 542 vivendi
719 480 843 541 modum
872 495 1068 558 nequaquem

140 569 211 624 sunt
233 560 383 623 vocanda.

224 643 284 706 Sed
307 651 337 704 et
359 645 555 706 vehementer
575 655 694 722 metuo,
723 666 762 706 ne
785 647 906 706 votivae
928 645 1013 720 istae,
1029 644 1071 702 vi·

112 753 114 759 ’
141 729 232 789 vendi
255 729 389 791 rationes
412 729 624 808 religiosorum
653 731 712 789 sint
741 729 778 788 de
802 747 929 788 numero
952 743 1072 804 eorum,

141 812 180 873 de
202 811 311 892 quibus
334 813 493 890 apostolus
517 812 730 892 praedixit:*)
757 813 852 872 Erunt
866 811 1015 872 docentes
1039 812 1070 869 in

141 895 296 976 hypoerisi
321 895 529 969 mendacium,
556 895 752 976 prohibentes
781 895 896 956 nubere
924 901 953 953 et
975 893 1071 954 absti-

143 999 214 1039 nere
239 998 257 1036 a
285 977 376 1054 oibis,
411 998 488 1057 quos
509 979 592 1039 Deus
627 980 742 1039 oreavit
769 978 809 1039 ad
838 977 1071 1058 pereipiendum

142 1081 211 1122 oum
234 1061 397 1140 gratiarum
411 1064 541 1142 notione.
572 1061 637 1122 Neo
650 1062 722 1121 mibi
739 1063 899 1140 quisquam
921 1060 1073 1122 obiecerit

143 1144 172 1206 S.
182 1143 378 1218 Bernardum,
392 1145 598 1220 Francisonm,
610 1146 815 1218 Dominioum,
828 1152 859 1204 et
872 1143 987 1204 similes
1002 1143 1072 1202 reli-

143 1230 268 1307 gionum
282 1227 330 1286 vel
341 1235 463 1288 autores
477 1229 525 1288 vel
538 1235 688 1290 auotoree.
720 1227 874 1288 Terribilis
898 1233 928 1287 et
949 1226 1072 1288 mirabi-

143 1311 179 1370 lie
203 1319 249 1370 est
272 1310 353 1370 Deus
376 1312 405 1368 in
420 1312 564 1372 'oonsiliis
593 1312 655 1370 suis
687 1331 779 1390 snper
800 1309 879 1370 lilios
900 1310 1071 1385 hominum,

98 1417 105 1426 ·
143 1395 243 1473 potuit
267 1393 441 1469 Danielem,
465 1396 631 1474 Ananiam,
655 1395 806 1469 Ananiam,
829 1393 935 1453 Missel
959 1394 988 1451 in
1013 1393 1073 1452 Ba-

144 1477 281 1556 bylonioi
304 1477 388 1555 regni
414 1477 545 1554 (idest,
576 1479 606 1538 in
636 1475 736 1538 media
768 1475 944 1557 impietate)
976 1475 1073 1536 admi-

144 1559 323 1620 nistratione
353 1579 476 1620 servare
509 1565 649 1637 sanetus,
682 1579 735 1620 our
767 1579 828 1620 non
862 1561 1015 1639 potuisset
1041 1565 1073 1618 et

143 1643 200 1703 hos
233 1644 262 1702 in
298 1643 473 1722 periculoso
507 1647 588 1704 vitae
620 1662 733 1722 genere
765 1641 974 1717 eanotifiaare,
1017 1647 1073 1702 aut

143 1726 289 1805 singulari
314 1745 407 1805 opere
421 1727 542 1806 spiritus
555 1726 735 1806 gubernare,
759 1725 840 1804 quod
853 1733 955 1786 tamen
969 1744 1073 1784 exem-

142 1811 226 1889 plum
248 1808 314 1868 aliis
336 1809 402 1868 fieri
424 1810 542 1871 nollet?
575 1811 614 1870 Et
636 1818 749 1869 oertum
771 1815 835 1883 est,
867 1808 981 1868 nullum
1005 1807 1073 1867 illo-

143 1913 209 1953 rum
238 1911 293 1971 per
321 1900 395 1952 vota
423 1913 479 1953 sua
509 1900 542 1953 et
568 1893 747 1972 religionem
777 1891 870 1952 fuisse
901 1891 1071 1965 ‘salvatum

144 1975 198 2036 sed
221 1994 274 2053 per
297 1974 388 2034 fidem
413 1976 520 2053 solam,
542 1977 572 2034 in
597 1995 657 2054 qua
678 1994 786 2036 omnes
808 1975 977 2050 salvantur,
999 1993 1074 2033 oon·

144 2065 191 2118 tra
212 2076 303 2135 quarn
331 2059 465 2118 maxime
488 2061 622 2121 omnium
651 2065 790 2138 pugnant
817 2058 978 2137 speciosae
999 2056 1074 2116 illae

144 2141 304 2200 servitutes
328 2147 477 2203 votorum.

228 2221 288 2282 sed
310 2223 446 2284 abundet
467 2225 516 2284 hie
538 2243 629 2286 sensu
653 2225 782 2302 quisque
804 2242 875 2296 sun,
905 2241 965 2302 ego
989 2221 1074 2301 quod

145 2306 234 2383 ooepi
257 2324 436 2384 prosequar,
458 2327 526 2368 eum
539 2326 594 2387 pro
617 2307 756 2368 libertate
768 2306 916 2368 ecelesiae
929 2313 958 2365 et
973 2305 1076 2384 gloria

145 2389 287 2466 baptismi
311 2409 392 2449 nune
415 2389 535 2468 loquar,
567 2392 598 2450 in
620 2389 754 2450 medium
778 2389 939 2450 eonsulere
962 2388 1073 2464 debeo,

146 2469 228 2550 quod
257 2472 361 2550 spiritu
386 2474 531 2550 magistro
567 2473 758 2534 intellexero.
803 2472 905 2547 Quare
943 2471 1073 2532 oonsulo

146 2555 276 2634 primurn
299 2557 491 2634 magnatibus
514 2556 722 2633 ecelesiarum,
746 2555 895 2620 utomnia
916 2555 976 2614 ista
998 2561 1074 2614 vota

146 2656 200 2696 sen
224 2638 301 2696 vitae
335 2640 523 2699 votariorum
558 2638 682 2712 tollant,
717 2638 763 2698 vel
794 2657 855 2697 non
889 2637 1021 2716 probent
1044 2645 1077 2696 et

147 2719 308 2783 extollant.
353 2723 448 2791 Autsi
471 2722 530 2782 hoo
552 2741 614 2782 non
630 2721 765 2794 fecerint,
789 2719 905 2780 suadeo
921 2719 1074 2797 omnibus,

147 2803 198 2881 qui
221 2803 327 2862 volunt
350 2806 485 2864 seourius
509 2805 586 2864 salvi
607 2804 688 2882 fieri,
719 2812 750 2862 ut
772 2803 830 2863 sibi
860 2803 898 2863 ab
932 2802 1074 2863 omnibus

148 2886 243 2961 votis,
266 2880 452 2966 'praesertim
477 2889 595 2966 magnis
628 2893 659 2946 et
692 2887 856 2966 perpetuis,
891 2892 1073 2964 temperent,

148 2968 517 3030 maximeadoteseentes
541 2974 571 3030 et
592 2971 729 3032 iuvenes.
772 2969 840 3030 Hoo
861 2968 991 3031 oonsulo
1015 2971 1075 3048 pri·

148 3071 240 3123 mum,
263 3051 344 3131 ideo,
369 3053 451 3131 quod
474 3054 534 3114 hoe
556 3055 637 3112 vitae
658 3072 771 3132 genus,
793 3058 825 3112 ut
847 3050 926 3127 dixi,
958 3051 1074 3111 nullum

124 3133 240 3194 ⁴habet
262 3136 291 3193 in
316 3134 477 3214 Sor-iptnnis
505 3135 711 3196 testimonium
741 3141 772 3194 et
800 3135 991 3214 exemplum,
1016 3133 1075 3194 sed

149 3217 222 3278 solis
251 3218 409 3278 hominum
440 3217 617 3298 pontificum
642 3218 730 3278 bullis
749 3225 782 3288 et
813 3235 884 3282 vere
912 3217 1001 3278 bullis
1030 3225 1077 3278 est

149 3300 303 3360 inflatum:
343 3301 452 3362 deinde
482 3301 563 3380 quod
595 3301 730 3380 proolive
757 3301 797 3360 eit
827 3301 857 3358 in
886 3299 1074 3380 hypoorisim

150 3393 275 3463 propter
297 3403 383 3445 suam
407 3385 541 3464 speeiem
564 3391 595 3444 et
621 3384 879 3463 singularitetem,
909 3382 990 3444 unde
1019 3403 1077 3443 na-

129 3467 244 3526 soitur
266 3467 408 3546 superbia
431 3475 461 3526 et
483 3472 678 3546 contemptus
701 3467 871 3528 eommunis
884 3465 1077 3528 Christianae

147 3676 150 3682 .
210 3649 239 3716 *t
257 3650 285 3706 1.
304 3604 424 3706 mmou‘.
444 3648 471 3704 4.
