2262 4006
225 159 231 168 ’
300 129 442 236 ἱωϋιοεὶὶ
460 177 570 260 Gathar,
588 196 613 235 a.
634 179 712 238 1521.
913 177 980 244 385

49 353 84 392 se
108 333 199 412 feeit,
233 335 299 414 ipse
323 334 368 394 bis
401 336 514 415 septies
546 334 729 395 incredulus.
773 333 812 394 Et
841 333 980 396 laudatur

49 427 156 476 tamen
180 419 289 497 impius
309 419 338 476 in
360 419 397 477 iis
419 417 577 478 desideriis
599 419 671 477 suis.
714 417 760 477 En
784 416 856 496 quid
879 419 917 477 sit
939 419 978 478 ad

48 519 177 558 sensum
202 520 288 560 suum
309 519 401 579 agere
424 503 536 564 omnia.
581 501 628 560 An
652 508 753 580 potest
776 499 887 578 aliquid
907 502 979 562 abo·

49 582 227 642 minabilius
251 585 387 662 eogitari,
412 602 502 662 quam
527 592 559 643 ut
580 583 711 644 eeclesia
735 581 848 663 Spiritu
871 593 978 644 saneto

49 667 160 724 vivens
197 677 226 725 et
263 686 357 746 agens
394 667 484 727 cedat
520 686 644 726 sensum
678 686 767 726 suum
804 666 976 732 bominibus

47 748 228 828 sacrilegis,
250 751 351 828 impiis
374 757 404 808 et
424 750 571 826 indoctis,
601 749 695 810 solius
719 749 887 829 tyrannidis
911 752 975 810 vio·

46 830 147 890 lentia
171 832 456 911 praesumentibus?
491 833 529 892 Et
558 841 659 892 tamen
690 833 750 892 boo
779 852 834 912 pro
858 853 977 894 summo

46 912 121 972 fidei
151 915 279 977 articulo
307 914 399 976 bodie
430 917 576 991 iaetatur,
610 925 640 974 et
673 935 762 975 nemo
797 916 979 976 haeretieior

46 996 242 1076 haereticus,
274 1017 365 1078 quam
396 1001 449 1077 qui
476 1000 535 1060 hoe
564 999 611 1058 vel
635 999 723 1077 signo
747 998 885 1058 dubitare
906 1019 974 1059 sese

47 1080 206 1141 ostendat.
256 1081 335 1142 Vere
365 1081 499 1142 Satanae
530 1101 657 1158 reguum
691 1081 730 1140 ad
763 1080 854 1141 finem
890 1101 976 1142 suum

48 1164 144 1222 venit.
189 1164 267 1224 Dum
295 1166 376 1226 enim
404 1164 579 1245 imprudens
609 1183 665 1225 sua
694 1165 787 1224 nimio
819 1163 918 1224 firmat
948 1175 977 1226 et

49 1258 156 1324 urget,
179 1247 215 1306 tit
236 1248 338 1307 divino
364 1247 491 1325 iudicia,
515 1255 547 1308 ut
569 1267 602 1306 se
625 1249 723 1327 ipsum
749 1247 877 1326 prodat,
911 1257 975 1308 tan·
1004 1259 1005 1262 ’

47 1347 142 1407 quam
168 1330 269 1391 malae
290 1330 361 1390 tidei
383 1339 546 1410 patronus,
576 1349 637 1390 non
669 1331 730 1390 alia
750 1349 784 1390 re
806 1349 897 1410 quarn
920 1332 978 1391 bao

48 1414 118 1491 ipsa
142 1415 236 1474 nimia
257 1415 401 1474 instantia
423 1421 454 1474 et
474 1433 556 1492 aura,
579 1413 649 1474 dum
672 1414 701 1472 in
719 1413 809 1473 rebus
832 1414 915 1474 nihili
934 1417 979 1474 sio

48 1495 230 1574 magnificat
251 1497 409 1574 haereses,
449 1499 500 1576 qui
534 1504 635 1556 tamen
667 1497 786 1576 patiens
819 1504 916 1576 taoet,
952 1500 978 1556 si

49 1580 117 1656 quis
148 1580 242 1640 etiam
264 1579 361 1639 Deum
389 1587 531 1660 negaret,
561 1587 613 1638 aut
642 1580 782 1640 omnibus
810 1581 975 1640 sceleribus

49 1661 188 1740 perditus
210 1663 258 1739 sit,
279 1664 358 1722 siout
381 1663 517 1722 videmus
542 1665 571 1722 in
594 1665 667 1742 ipsis
690 1661 897 1722 Pontificibus.
945 1664 975 1723 Si

50 1746 132 1804 euim
169 1746 274 1825 spiritu
304 1746 362 1806 Dei
397 1755 574 1824 agerentur,
607 1746 736 1826 primum
775 1753 805 1806 et
835 1748 977 1824 maxime,

49 1846 128 1906 quae
144 1828 202 1888 Dei
225 1836 304 1908 sunt,
329 1837 519 1908 quaererent.
548 1829 636 1889 Nune
658 1829 731 1906 quia
752 1847 808 1888 sua
830 1839 979 1908 quaeruut

49 1911 225 1972 divinorum
236 1913 477 1993 incuriosissimi,
500 1931 561 1992 quo
575 1913 680 1992 spiritu
693 1912 836 1990 ferantur,
854 1911 975 1973 abunde

50 1995 124 2054 satis
149 2004 286 2076 apparet.
1001 2047 1004 2052 .

136 2076 240 2152 Quare
262 2079 323 2138 boo
344 2078 488 2138 facierum
512 2086 543 2138 et
563 2078 808 2157 propositionum
842 2098 914 2158 rege
938 2080 975 2138 ad

52 2181 140 2221 suurn
165 2181 287 2222 sensum
311 2162 413 2222 omnia
435 2161 582 2241 faciente,
614 2161 687 2220 nibil
718 2180 789 2220 vero
818 2161 855 2220 ad
879 2162 977 2241 Serip-

52 2254 138 2307 turae
160 2245 305 2306 iudioium
327 2244 520 2321 admittente,
555 2262 683 2304 neeesse
715 2252 761 2302 est
783 2247 924 2304 evacuari
948 2253 978 2304 et

52 2330 165 2388 vastari
188 2327 325 2401 Paulum,
357 2329 406 2388 ubi
436 2334 458 2390 l.
484 2327 553 2388 Cor.
580 2328 623 2389 14.
649 2327 735 2386 dioit:
765 2326 854 2402 Quod
884 2330 909 2387 si
932 2349 977 2387 se·

52 2409 134 2470 denti
170 2411 336 2471 revelatum
371 2411 476 2486 fuerit,
519 2411 602 2489 prior
637 2416 756 2487 taceat,
793 2420 822 2469 et
854 2412 976 2470 ilerum:

54 2493 138 2554 Unus
169 2502 222 2554 aut
256 2493 316 2554 duo
350 2493 548 2572 prophetent,
583 2495 673 2552 ceteri
709 2492 852 2554 iudicent.
897 2493 976 2569 Quid

52 2576 156 2657 papa?
185 2576 413 2655 nulli,·iuquit‚
435 2576 552 2636 sedenti
582 2576 733 2636 revelatur
754 2577 886 2655 aliquid,
922 2578 976 2637 sed
1029 2573 1037 2589 '

54 2679 110 2738 ego
134 2661 218 2739 prior
243 2660 327 2720 solus
351 2660 475 2737 loquar,
508 2661 599 2718 ceteri
627 2659 767 2735 audiant,
801 2661 976 2720 etiterum:

55 2741 155 2802 Ceteri
178 2763 239 2804 nou
261 2742 410 2817 iudicent,
442 2742 494 2802 sed
520 2762 578 2820 ego
600 2742 810 2822 prophetabo,
833 2749 864 2802 et
885 2745 976 2804 aeteri

54 2826 232 2888 iudicentur.
275 2825 340 2886 Nos
364 2845 468 2884 sumus
492 2827 645 2905 magister,
668 2825 818 2904 propheta
840 2834 870 2885 et
896 2828 975 2886 vias-

55 2909 114 2969 rius
139 2909 206 2970 Dei.
249 2908 362 2969 Nostra
384 2915 431 2968 est
453 2908 567 2987 lingua,
588 2927 642 2968 seu
665 2917 697 2966 ut
718 2908 798 2972 Psal.
824 2908 910 2984 12²)
935 2909 976 2969 di·

56 2994 139 3068 eitur,
163 2993 298 3072 linguam
320 2999 456 3051 nostram
480 2990 753 3070 magnificabimus,
775 2991 856 3051 labia
872 3003 977 3054 nostra

56 3083 158 3136 nostra
187 3083 272 3150 sunt,
305 3076 372 3153 quis
404 3085 507 3134 noster
532 3075 679 3134 Dominus
711 3073 778 3134 est?
815 3074 865 3134 Sia
895 3079 975 3134 euim
1049 3104 1052 3111 ·

57 3159 220 3238 sacrilegus
243 3159 310 3238 plus
333 3177 424 3234 quam
447 3158 680 3237 superbissimus
703 3157 844 3237 Pelagius
867 3161 896 3218 in
919 3179 975 3219 suo

57 3240 183 3302 Deereto
207 3239 292 3302 dicit:
325 3240 381 3302 Ubi
406 3250 451 3299 est
474 3243 645 3316 maioritas,
674 3241 714 3300 ibi
738 3241 902 3302 mandandi
924 3262 975 3302 au-

59 3325 171 3403 toritas,
194 3332 314 3384 oeteros
339 3333 441 3384 manet
458 3323 619 3384 obediendi
642 3325 817 3386 necessitas.
862 3324 928 3404 Dio,
950 3328 976 3384 si

59 3416 152 3486 potes,
175 3427 213 3468 au
236 3407 315 3468 ullus
337 3426 443 3486 regum
467 3406 505 3467 ab
533 3409 619 3467 initio
644 3407 747 3466 mundi
775 3417 859 3466 tauto
884 3407 974 3487 fastu,

68 3701 74 3716 ·
110 3673 422 3744 1)1neu.0rig.:11.

85 3780 172 3822 aunon
186 3790 236 3830 opp.
251 3779 278 3821 v.
293 3780 320 3820 a
335 3779 654 3828 muneraverit.
768 3749 806 3810 ts
