2262 4006
139 189 201 259 348
361 191 517 264 Responsio
536 192 569 249 D.
587 191 621 248 tl.
640 191 668 248 L.
688 192 722 248 sd
741 191 842 248 librum

137 349 211 412 siae.
254 349 288 409 ln
310 349 357 410 his
379 347 520 410 omnibns
546 354 647 410 tamen
669 348 805 410 iormaut
825 347 974 428 sibiipsis
992 365 1060 408 eon-

138 433 296 493 soientium
320 438 464 512 tanquam
489 432 562 493 boni
584 432 672 511 laeti,
703 450 771 491 oum
796 430 870 491 nihil
892 430 931 490 sit
954 431 1062 510 minus,

136 535 239 575 rursus
262 518 480 576 conscientiam
503 517 634 597 peceati,
657 516 682 574 si
704 515 874 592 omiserint,
897 533 968 574 oum
992 513 1063 573 nihil

137 599 177 658 sit
198 600 306 661 minus.
350 599 430 659 Vere
453 613 527 679 ergo
541 599 691 661 violenter
701 597 858 671 formatas,
880 597 935 656 sed
961 604 1062 656 tamen

62 687 64 692 '
136 701 243 742 revera
265 682 365 743 laesas
389 689 419 743 et
441 684 551 744 noxias
579 681 694 742 habent
721 681 937 742 conscientias.
984 678 1064 754 Qua-

137 765 173 824 lis
197 767 277 825 enirn
301 786 371 842 rex,
401 765 469 825 talis
490 773 522 824 et
543 765 610 842 lex,
642 764 741 842 qualis
764 763 829 840 lex,
853 763 915 822 tale
938 768 972 822 et
991 781 1064 843 peo-

137 857 237 908 oatum
261 855 292 908 et
313 850 471 923 meritum,
498 849 566 910 talis
595 854 626 906 et
654 847 858 924 conscientia,
891 846 952 930 pisi
982 845 1064 924 quod

140 930 190 1011 (ut
211 930 292 1004 dixi)
324 951 342 992 e
371 930 463 992 stulto
494 938 525 991 et
552 948 632 992 vano
661 937 790 1010 peooato
821 927 928 988 verum'
957 946 1065 1009 pesca-

134 1019 197 1073 tum
221 1013 269 1090 flt,
303 1034 405 1075 errore
431 1015 654 1091 eonscientiae,
688 1019 780 1092 atque
806 1012 866 1072 hoo
888 1017 939 1071 est
961 1017 1064 1070 eante·

137 1117 213 1157 rrum
237 1117 310 1160 erus.

520 1261 676 1340 Sequitur:

134 1379 181 1441 Et
212 1379 469 1441 roborabitur
496 1379 682 1440 eilioaoia
710 1379 816 1456 eius,
853 1386 891 1438 et
921 1396 1000 1438 non
1031 1377 1064 1438 in

452 1462 639 1552 esiio'aoia
668 1481 745 1524 sua.

217 1597 258 1657 Ei
287 1598 348 1658 hoo
381 1599 501 1676 insigne
529 1605 577 1658 est
608 1597 728 1658 tertium
760 1594 942 1656 monstrifici
978 1594 1064 1654 huius

135 1681 221 1753 regni
245 1680 386 1741 omnihus
409 1681 475 1741 aliis
498 1681 670 1760 dissimilis,
694 1678 776 1759 qnod
800 1678 899 1738 aliena
925 1677 1065 1738 eiiioaoia

136 1761 246 1822 ellioax
270 1771 322 1823 est.
370 1763 445 1841 Quis
474 1765 556 1844 enim
585 1764 700 1825 audivit
728 1763 789 1822 tale
812 1759 883 1840 quid
913 1763 945 1820 in
971 1763 1063 1822 omni·

134 1844 191 1904 bus
214 1847 340 1926 regnis?
384 1849 544 1927 Imperium
567 1848 740 1908 Romanum
771 1846 832 1904 suis
857 1843 975 1904 viribus
1001 1863 1064 1924 par·

134 1935 196 1988 tum
220 1936 249 1989 et
271 1938 393 1990 suetum
417 1936 472 1992 est.
516 1930 670 2011 Soriptura
684 1934 750 1990 tota
771 1945 868 2007 equos
892 1935 923 1986 et
938 1946 1061 1988 earnem

134 2013 286 2090 vituperat
308 2013 441 2094 Aegypti
471 2013 650 2073 stallorum
683 2029 864 2090 regnorum,
897 2011 927 2069 in
954 2010 1061 2090 quibus

135 2093 239 2154 ludaei
269 2095 411 2157 lidebant.
457 2097 551 2156 Porro
575 2095 685 2157 Christi
708 2102 834 2174 regnum
859 2093 923 2152 suis
949 2093 1060 2154 viribus

134 2178 177 2236 ita
199 2185 336 2253 constat,
359 2187 391 2239 nt
413 2179 527 2239 nullum
551 2180 631 2240 aliud
657 2195 764 2258 aeque,
788 2177 899 2234 veritas
923 2177 1006 2236 enim
1029 2196 1059 2236 se

134 2260 201 2340 ipsa
224 2260 309 2322 fortis
339 2269 395 2324 est.
438 2261 543 2322 Solum
567 2263 627 2322 hoo
653 2279 791 2341 regnum.
816 2258 924 2318 alienis
948 2258 1058 2320 viribus

133 2341 303 2408 roboratur.
347 2344 497 2406 Eliioaeia
519 2351 620 2405 autern
634 2346 703 2405 hoe
736 2342 805 2403 looo
827 2360 864 2400 ea
887 2343 983 2402 virtus
1006 2351 1057 2418 est,

134 2443 224 2505 quam
262 2427 436 2508 philosophi
466 2429 561 2488 nostri
600 2430 659 2488 vim
694 2426 902 2486 exsecutivam
937 2436 1057 2499 vooaot,

134 2509 212 2568 hseo
234 2518 279 2569 est
306 2511 401 2571 virtus
431 2510 597 2588 efficiendi,
634 2510 715 2590 quod
738 2507 963 2588 praestitueris,
999 2525 1055 2569 uon

134 2593 226 2652 animi
241 2595 344 2670 virtus,
357 2594 410 2654 sed
424 2592 637 2656 membrorum.
662 2589 867 2654 SioEzeohies
878 2591 908 2652 4.
918 2591 994 2670 Reg.
1005 2595 1056 2656 19:

134 2673 199 2734 Filii
223 2677 431 2737 veneruntad
455 2685 593 2756 partum,
623 2685 654 2736 et
682 2677 777 2736 vires·
793 2692 853 2733 non
878 2672 972 2734 habet
995 2695 1056 2754 par·

134 2759 263 2834 turieus3
299 2766 328 2819 et
364 2758 441 2819 Gen.
471 2761 525 2822 31:
563 2760 649 2820 Totis
686 2758 798 2818 viribus
835 2757 948 2816 servivi
982 2759 1056 2837 patri

134 2841 392 2918 vest103et10b.
416 2840 512 2924 301):
541 2840 677 2916 Quorum
701 2843 794 2902 virtus
818 2857 966 2899 manuum
988 2841 1055 2900 mihi

136 2930 200 2982 eret
221 2942 278 3003 pro
300 2925 411 3003 nihilo,
439 2925 556 3002 idest,
585 2926 668 3004 quod
690 2926 747 3005 ipsi
778 2923 880 2982 lasere
907 2931 1055 3002 poterant,

134 3004 276 3067 hebraice
289 3007 376 3068 Koah
385 3007 416 3090 ²)
442 3007 570 3081 dioilun·
585 3008 753 3088 Apostolus
766 3023 877 3087 graece
888 2998 1055 3090 ἐνεργείαν

136 3097 244 3168 voest,
277 3092 424 3168 interpres
449 3091 559 3151 latinus
582 3091 809 3171 operationem,
842 3087 910 3150 Gal.
934 3092 970 3151 2:
1001 3089 1052 3166 Qui

134 3180 277 3252 operatus
300 3179 346 3234 est
369 3175 476 3250 Petro,
512 3181 657 3254 operatus
688 3182 734 3234 est
763 3179 793 3232 et
820 3168 909 3251 mihi,
941 3172 972 3232 id
1003 3181 1052 3251 est,

132 3254 213 3332 ieoit,
235 3265 268 3316 ut
290 3256 401 3316 eiiioax
424 3262 506 3316 esset
527 3255 651 3316 verbum
675 3275 794 3334 meum,
816 3263 846 3313 et
868 3264 1053 3316 converteret

136 3344 242 3414 gentes
264 3339 424 3398 audientes
441 3357 496 3420 me
519 3344 576 3398 eto.
626 3371 629 3404 3
883 3360 886 3366 ³

191 3651 223 3714 1)
243 3650 273 3702 in
293 3654 334 3709 aa.
353 3656 423 3724 ang.
441 3654 541 3709 rasse:
560 3657 604 3736 ao.
642 3657 671 3724 a)
691 3641 779 3712 usai
796 3653 863 3737 pta.
