2254 4008
317 185 703 243 autumaremus..
921 165 973 250 '45

7 297 9 318 ἱ
67 360 123 402 rum
150 345 180 401 et
207 347 363 402 aeternam
391 341 485 402 vitam
516 341 584 420 quis
607 359 671 403 non
693 345 851 422 stupescat
872 340 975 420 potius

7 483 9 522 l

7 423 9 444 ³
67 443 146 503 quam
170 431 265 504 optet,
287 425 313 484 si
335 423 427 504 digne
448 430 593 504 pensetur
615 423 793 505 magnitudo
815 422 977 500 bonorum,

67 526 135 586 quaa
154 525 210 586 per
233 526 269 568 ea
292 507 438 568 veniunt?
465 506 578 568 habere
599 507 715 568 scilicet
737 507 835 566 Deum
860 509 977 585 patrem

7 623 8 628 κ
64 609 122 652 esse
147 587 242 650 filium
270 588 412 651 heredem
450 591 585 650 omnium
613 589 763 651 bonorum
797 589 863 649 Dei.
914 588 975 650 Ad·

65 691 156 732 versus
178 673 259 733 hanc
288 674 443 754 geminam
476 673 754 752 pusillanimitatem
786 678 909 752 oportet
943 679 976 732 ut

7 785 8 816 r
64 755 175 816 verbum
199 755 309 816 christi
332 756 555 836 apprehendas,
576 757 739 836 ipsumque
752 755 846 815 multo
868 755 976 815 fortius

7 1867 9 1916 l

64 839 212 917 intuearis,
244 857 336 918 quam
365 841 427 901 has
457 841 662 920 cogitationes
690 839 871 898 infirmitatis
894 845 975 898 tuae.

64 923 162 1000 llagua
184 924 266 982 enim
291 929 361 982 sunt
382 941 478 1002 opera
489 923 623 1000 Domini,
646 923 798 1000 exquisita
820 923 848 980 in
868 939 975 981 omnes

64 1005 224 1066 voluntates
246 1006 328 1081 eius,
361 1007 412 1082 qui
443 1011 554 1084 potens
585 1013 633 1065 est
663 1005 736 1065 dare
763 1023 854 1082 supra
884 1022 974 1082 quam

63 1088 181 1166 petimus
202 1096 255 1148 aut
275 1087 482 1168 intelligimus.
527 1087 591 1149 Nisi
619 1089 698 1149 euim
721 1097 902 1167 superarent
924 1105 976 1147 no·

63 1174 143 1230 stam
179 1170 377 1250 dignitatern,
415 1179 549 1232 nostram
586 1173 806 1251 capacitatem,
839 1179 976 1230 nostrum

66 1253 186 1332 denique
210 1271 332 1314 omnem
354 1271 488 1331 sensum,
510 1254 613 1314 diviua
638 1274 697 1314 uon
722 1261 833 1314 esseut.
876 1252 927 1313 ste
948 1260 979 1312 et

63 1335 187 1396 christus
211 1355 269 1396 nos
291 1338 407 1398 animat
429 1335 595 1416 dicens:*)
627 1336 728 1397 Nolite
757 1337 862 1396 timere
885 1336 976 1416 pusil-

62 1419 99 1478 lus
118 1438 211 1498 grex,
234 1420 351 1499 placuit
371 1421 451 1480 enim
474 1419 554 1480 Patri
577 1428 679 1482 vestro
703 1419 775 1480 dare
799 1420 887 1478 vobis
909 1439 976 1499 reg-

62 1520 130 1565 num.
173 1501 261 1562 Haec
288 1503 358 1582 ipsa
384 1503 464 1564 enim
493 1502 692 1564 exuberantia
719 1502 978 1582 incompreheusi-

62 1585 118 1646 bilis
139 1585 198 1646 Dei
220 1587 251 1646 in
275 1604 333 1647 nos
362 1604 417 1667 per
439 1585 592 1646 Christum
613 1585 710 1647 effusa
732 1586 819 1660 facit,
849 1593 880 1645 ut
907 1605 976 1645 auru

62 1687 151 1728 rursus
174 1687 268 1748 super
290 1670 394 1730 omnia
415 1669 627 1730 ardentissime
648 1668 828 1749 diligamus,
858 1687 977 1728 summa

62 1750 161 1811 fiducia
174 1753 205 1810 in
218 1770 289 1812 eum
301 1752 442 1830 feramur,
466 1754 569 1812 omnia
580 1760 822 1828 contemnamus,
845 1752 977 1832 prompti

60 1835 142 1894 simus
164 1836 272 1894 omnia
292 1854 349 1916 pro
371 1853 409 1896 eo
433 1837 508 1915 pati,
532 1835 611 1896 unde
639 1843 670 1896 et
691 1842 774 1896 recte
795 1835 864 1894 fons
886 1834 978 1894 dilea-

8 1995 9 2004 ἵ
62 1918 141 1978 tionis
163 1917 225 1978 hoo
247 1925 471 1980 sacramentum
495 1925 542 1978 est
563 1919 759 1999 appellatum.

132 2000 167 2061 Iu
191 2019 253 2079 qua
275 2020 308 2062 re
332 2001 506 2081 exemplum
535 2001 587 2062 tibi
617 2021 705 2062 sume
732 2021 771 2061 ex
792 2000 977 2080 hominibus,

61 2085 80 2142 si
106 2084 185 2144 enim
216 2085 359 2163 cuiquam
390 2084 549 2160 mendico,
587 2093 640 2146 aut
674 2087 764 2146 etiarn
793 2085 921 2164 indigno
948 2094 979 2145 at

62 2167 132 2226 malo
154 2185 257 2245 servo,
281 2167 399 2248 legaret
421 2167 740 2229 ditissimusdomlnus
765 2168 845 2227 mille
857 2187 977 2244 aureos,

63 2256 134 2310 certe
157 2269 228 2310 cum
250 2249 362 2312 fiducie
383 2268 439 2312 eos
467 2250 638 2331 postularet
667 2258 697 2312 et
719 2253 889 2330 acciperet,
920 2269 978 2312 nec

62 2331 239 2412 indignitatis
261 2352 346 2412 suae,
370 2352 428 2394 nec
439 2335 656 2414 magnitudinis
680 2337 852 2394 testamenti
874 2333 978 2395 habita

63 2418 178 2480 ratione.
224 2415 315 2491 Quod
345 2418 370 2476 si
392 2419 460 2496 quis
484 2419 511 2478 ei
533 2419 678 2478 resistens
707 2417 854 2479 obiiceret
882 2417 977 2498 indig-

62 2500 176 2560 uit-atem
215 2518 301 2560 suam
334 2506 366 2560 et
402 2500 642 2580 magnitudinem
675 2501 865 2575 testamenti,
904 2500 977 2579 quid

64 2591 141 2660 putas
165 2581 302 2644 dicturus
324 2582 391 2644 est?
412 2584 545 2645 seilicet:
578 2583 658 2659 Quid
680 2584 719 2644 ad
748 2583 798 2644 te?
833 2602 894 2643 non
918 2603 976 2663 ego

65 2667 159 2726 merito
183 2683 265 2744 meo,
287 2684 346 2726 noc
366 2667 431 2726 iura
453 2667 514 2727 ullo
533 2668 803 2748 proprioaccipio,
825 2666 907 2745 quod
931 2685 979 2727 ac-

64 2748 152 2826 cipio?
174 2745 247 2810 Scio
271 2767 320 2810 me
341 2747 510 2828 indignum,
531 2756 562 2811 et
586 2753 701 2811 maiora
724 2751 863 2830 accipere
885 2768 976 2828 quam

65 2851 187 2910 merear,
221 2832 284 2892 imo
307 2834 460 2893 contraria
482 2835 588 2895 marui.
630 2834 690 2896 Sed
717 2836 782 2895 iure
806 2835 979 2893 testamenti

65 2923 89 2974 et
107 2915 225 2976 alienae
248 2913 393 2976 bonitatis
415 2923 498 2997 peto,
522 2916 604 2996 quod
627 2924 716 2997 peto,
737 2918 762 2976 si
777 2917 826 2993 ¹illi
849 2935 910 2976 non
924 2917 979 2976 luit

66 2998 212 3078 indignum
235 3004 320 3060 tanta
341 3006 404 3060 tam
417 2999 544 3081 indiguo
567 3000 680 3082 legare,
705 3019 758 3060 cur
779 3019 839 3080 ago
853 3008 979 3080 propter

65 3080 267 3161 indignitatem
310 3080 409 3143 meam
448 3089 642 3144 contemnam
678 3083 861 3163 acceptaret
905 3084 977 3161 quin

67 3164 115 3224 hac
134 3167 201 3244 ipsa
224 3183 319 3226 causa
343 3166 440 3245 magis
462 3167 631 3246 amplector
658 3170 821 3246 gratuitam
852 3174 883 3226 at
907 3166 979 3226 alie·

7 3317 8 3332 ἶ
67 3267 127 3306 nam
147 3249 288 3328 gratiam,
309 3266 370 3328 qua
392 3267 451 3328 ego
472 3268 537 3309 sum
561 3250 723 3330 indignior.
766 3249 882 3310 Eadem
896 3249 979 3328 cogi·

7 3355 8 3366 κ
72 3332 174 3392 latione
214 3333 325 3392 armari
361 3340 484 3412 oportet
517 3341 547 3392 et
584 3335 731 3412 cuiusque
760 3333 980 3393 conscientiam

7 3427 8 3436 ¹
69 3412 199 3476 adversus
222 3433 330 3476 omnes
352 3415 513 3496 scrupulos
535 3423 567 3476 et
588 3436 708 3478 morsus
731 3434 814 3491 suos,
837 3417 875 3476 ad
900 3415 979 3476 hanc

70 3493 164 3558 lltrristi
197 3498 433 3578 promissionem
465 3499 635 3560 indubitata
673 3499 733 3560 fide
767 3499 975 3577 obtinendam,

72 3615 229 3628 *un—...-

7 3749 8 3752 ¹
115 3686 141 3754 Ι’)
157 3685 218 3739 truc.
238 3686 281 3740 12:
