2262 4006
148 207 211 275 312
377 211 533 282 Responsio
551 211 584 268 D.
603 213 637 269 ll.
657 213 686 269 h.
704 211 739 267 ad
756 209 856 272 librum

148 366 330 428 suffocatum
354 386 409 446 per
429 367 534 428 orbem
564 375 661 430 toturn
692 370 849 431 conticuit.
892 367 966 430 Iden
988 370 1063 430 enim

149 449 285 512 Christus
314 450 388 511 nihil
416 458 499 512 tanta
526 453 673 513 instantia
703 454 806 534 exegit
838 453 878 514 ab
909 453 1066 533 apostolia,

148 553 239 612 quam
268 540 301 594 ut
330 534 584 614 evangelisarent.
636 535 687 597 Sin
715 537 844 598 aPetro
875 539 906 597 in
936 554 1066 616 persona

148 619 283 698 omnium
305 624 463 695 pastorum
486 620 603 698 exegit,
626 627 659 679 ut
680 628 820 699 pasceret
842 639 936 696 oves,
958 618 989 678 id
1013 626 1067 697 est,

147 700 349 780 Evangelium
373 701 496 762 doceret
523 704 594 762 vive
616 721 703 764 voce.
747 702 836 779 Quod
867 701 995 764 verbum
1017 702 1069 765 Ga·

148 784 283 844 therinus
312 803 385 844 vere
407 783 640 845 Catharinaliter
667 788 795 865 exponit
817 804 878 847 non
906 784 945 846 de
966 786 1070 848 Evan-

148 868 246 948 gelio,
274 867 328 926 sed
359 866 398 927 de
418 875 572 948 potestate
600 869 777 931 dominante
799 869 865 930 sine
886 869 1068 948 Evangelio,

148 950 434 1028 iterumiaeicna1)
459 971 475 1010 a
496 951 625 1032 simplici
658 971 749 1012 sensu
773 951 935 1013 verborum
959 951 1068 1014 Christi

148 1033 356 1114 quotuplicem
380 1034 477 1094 visum
500 1037 528 1095 ei
553 1035 656 1114 luerit,
683 1037 756 1114 quia
777 1035 894 1097 sciebat
917 1036 1069 1116 evangeli·

147 1117 235 1178 sandi
258 1117 511 1198 significationem
540 1119 637 1197 (quae
665 1118 732 1179 sola
759 1119 791 1178 in
820 1136 858 1179 eo
882 1118 980 1180 verbo
1005 1124 1065 1191 est)

148 1219 209 1261 non
232 1219 325 1280 posse
347 1203 512 1262 convenire
539 1208 587 1263 tot
613 1201 866 1282 occupationibus
888 1201 995 1262 mundi
1018 1219 1068 1281 op·

149 1302 258 1363 presso
281 1281 436 1358 Pontifici,
469 1283 539 1345 ideo
561 1284 706 1364 fingenda
726 1285 782 1344 fuit
802 1285 863 1345 alia
885 1283 1067 1364 significatio

148 1365 186 1427 da
208 1367 355 1447 regimine
378 1366 562 1444 dominante,
584 1369 663 1428 sicut
684 1371 712 1430 2.
728 1368 790 1430 Pet.
803 1369 832 1432 2.
854 1368 1019 1448 praedixit,
1040 1376 1069 1428 et

148 1449 225 1510 fictis
252 1448 392 1522 verbis²t
428 1451 459 1510 in
489 1451 617 1510 avaritie
645 1450 684 1511 de
711 1450 799 1511 vobis
821 1450 1067 1532 negotiabuntur.

147 1533 194 1594 De
216 1552 276 1612 qua
297 1553 331 1593 re
352 1551 434 1593 nunc
455 1534 660 1613 supersedeo,
682 1533 804 1595 abunde
827 1534 903 1594 alias
926 1540 1066 1594 tractata.

231 1616 464 1677 Contemnenda
494 1636 569 1697 ergo
607 1624 678 1677 sunt
704 1618 894 1697 papietarum
928 1617 984 1676 illa
1016 1616 1067 1696 fig·

149 1707 269 1775 manta,
291 1697 374 1778 quod
397 1699 478 1759 aliud
505 1701 544 1760 sit
562 1698 777 1761 iurisdictionis
785 1699 835 1778 ³),
861 1699 944 1761 aliud
965 1699 1069 1760 irater·

147 1801 206 1842 nae
228 1782 361 1842 caritatis
385 1782 528 1846 officium.
571 1783 773 1863 Evangelium
804 1789 834 1844 et
863 1783 997 1844 eeclesia
1020 1802 1068 1843 ne-

148 1866 248 1926 sciunt
272 1864 513 1942 iurisdictiones,
542 1885 621 1945 quae
649 1873 719 1926 sunt
740 1885 801 1927 non
831 1867 889 1925 nisi
909 1865 1067 1927 hominum

149 1949 327 2028 tyrannicae
358 1949 559 2009 inventiones.
613 1948 717 2010 Solem
750 1950 808 2010 scit
841 1948 1001 2009 ceritatem
1040 1957 1070 2008 et

150 2033 342 2107 servitutem,
375 2049 436 2091 non
470 2038 654 2110 potestatem
687 2039 717 2092 et
750 2031 954 2112 tyrannidem.
999 2031 1069 2092 ideo

148 2116 198 2192 qui
212 2115 412 2194 Evangelium
427 2113 528 2193 docet,
550 2115 600 2174 ille
613 2134 694 2194 pape
716 2122 771 2194 est,
792 2115 874 2176 Petri
890 2133 1070 2191 successor,

148 2197 199 2275 qui
228 2216 289 2256 non
320 2196 427 2273 docet,
461 2197 550 2257 ludas
572 2205 633 2273 est,
668 2198 779 2259 Christi
807 2197 944 2258 traditor.
988 2197 1069 2258 Nihil

147 2280 227 2339 enim
262 2279 343 2341 aliud
377 2283 559 2340 commentis
590 2279 807 2341 iurisdictionis
838 2281 901 2361 agit
933 2287 1070 2357 satanas,

148 2381 239 2441 quam
273 2370 307 2421 ut
338 2362 475 2442 tyrannis
505 2362 564 2423 illis
592 2364 803 2442 impunitatem
835 2364 1004 2443 peccandi,
1040 2373 1069 2424 et

147 2445 303 2506 licentiam
316 2445 570 2525 autoritatemqne
581 2445 728 2527 praebeat
741 2445 956 2526 exstinguendi
971 2446 1069 2506 Evan-

147 2529 227 2609 gelii.
270 2528 334 2608 lpsi
359 2528 440 2589 anim
472 2548 510 2588 ne
534 2530 670 2608 cogitant
698 2527 821 2607 quidem
843 2530 1066 2609 cvangelisare,

148 2618 178 2672 et
200 2617 301 2671 tamen
324 2611 401 2672 alios
428 2630 490 2671 non
519 2612 621 2672 sinunt
642 2613 868 2692 evangelisare,
898 2622 932 2672 ut
954 2613 1068 2694 optime

147 2693 283 2754 Christus
311 2693 348 2754 de
378 2694 421 2754 sis
452 2693 626 2769 dixerit*):
669 2695 734 2756 Vns
756 2714 818 2756 non
840 2696 1007 2773 introistis,
1039 2703 1068 2756 et

147 2777 334 2837 introeuntes
348 2776 556 2857 prohibuistis,
577 2778 644 2838 Vae
664 2777 734 2838 illis.

229 2859 290 2919 lsta
312 2861 415 2938 signa,
443 2861 620 2939 praesertim
643 2860 820 2942 Evangelii,
848 2859 980 2941 figurata
1002 2879 1068 2921 asse

148 2941 287 3002 videntur
308 2942 381 3003 olim
405 2943 573 3022 intemplo
597 2943 785 3021 Salomonis,
807 2943 860 3004 ubi
881 2943 942 3005 duo
966 2945 1067 3023 capita

148 3025 294 3101 vectium,
317 3025 426 3104 quibus
448 3045 520 3086 arca
541 3027 736 3106 portabatur,
757 3027 832 3088 ioris
853 3025 1067 3106 prominebant

146 3117 217 3168 ante
240 3109 412 3185 oraculum,
434 3107 627 3188 significante
649 3111 772 3189 spiritu,
801 3129 864 3170 non
885 3109 945 3168 nisi
967 3109 1065 3170 vocali

147 3199 178 3251 et
198 3191 321 3270 publiea
347 3209 425 3252 voce
446 3191 608 3272 Evangelii
630 3194 715 3271 sciri,
745 3192 795 3253 ubi
823 3193 861 3251 sit
883 3191 1067 3252 ecclesiast

148 3276 324 3352 mysterium
349 3275 434 3354 regni
458 3275 624 3336 coelorum.
669 3275 709 3336 Ut
730 3276 810 3336 enim
833 3276 964 3336 vectium
990 3275 1066 3354 capi·

148 3355 226 3415 tibus
243 3355 326 3418 velut
346 3356 466 3416 indiciis
489 3375 562 3418 arca
583 3358 673 3418 etiam
703 3357 885 3419 abscondita
904 3359 936 3417 in
960 3364 1064 3418 saneto

160 3508 485 3526 ,ὀὴ-ουκ,-

202 3564 233 3630 1)
263 3563 295 3616 In
321 3565 363 3618 ad.
394 3569 477 3636 orig.:
510 3569 618 3620 facient.
652 3567 696 3630 ’2)
722 3567 806 3622 Ibid.:
836 3568 946 3621 alletia
970 3566 1065 3621 verbis

150 3631 180 3695 3)
201 3633 233 3765 {r}
252 3635 459 3764 ῗὲιπὲιὶξὲιιὶο
475 3645 501 3692 et
512 3639 588 3692 alibi:
607 3638 796 3704 iurisditionis,
810 3637 1008 3702 ¹iurisditionas
1020 3645 1064 3692 etc.
