2250 4008
132 179 196 246 430
423 181 584 237 &atum
602 182 768 237 utbortaue

131 335 265 416 epietola
285 343 398 413 exotat,
418 337 559 396 nimirum
576 337 677 398 efflet·
694 355 765 398 meo
783 336 908 398 iudicio.
929 335 1049 415 iusuper

132 420 289 478 universae
312 421 442 479 iustitiae
463 420 635 480 immundae
659 420 698 481 ad
721 421 872 499 populum
894 419 1049 479 Romanae

132 502 319 580 captivitati·
341 501 433 561 trabit
454 502 571 580 absque
593 502 800 583 synecdoche.

214 582 267 644 Sia
287 582 374 644 loona
395 585 468 644 itte:
502 585 602 645 Omne
630 593 723 666 caput
754 602 897 645 moerent
920 590 981 643 ete.
1004 583 1050 642 du·

131 667 203 746 plici
226 684 320 727 cauae
351 685 412 726 noo
441 667 534 727 babet
561 668 794 746 synecdochen,
830 669 952 748 primo,
986 666 1052 744 quie

133 750 323 826 universalia,
344 748 456 820 deinde
476 752 561 830 quod
584 752 728 830 negativa
749 750 887 810 additor:
919 748 991 808 Nou
1011 757 1051 807 cet

132 834 162 890 in
184 851 222 892 eo
245 833 360 892 sonitu
382 841 441 893 eto.
472 831 522 909 Et,
546 833 702 893 utPaulua
719 833 848 893 Roman.
862 835 892 896 9.
916 831 1052 912 exponit,

130 913 170 974 ad
194 913 322 974 ludaeos
344 915 422 975 ictos
436 912 467 996 ¹)
493 917 634 995 pertinet,
656 925 728 994 poet
742 915 897 976 Christum
922 913 1052 985 relictos,

132 999 163 1056 in
186 994 295 1075 quibus
318 1016 390 1058 vere
412 1016 504 1057 omne
525 1007 617 1077 caput
639 1017 790 1075 moerent,
815 1005 846 1058 et
869 1016 934 1056 nou
959 1003 1008 1056 eat
1026 997 1052 1054 in

132 1097 172 1139 eo
193 1081 326 1153 canitae,
348 1081 403 1140 ced
425 1087 457 1141 et
477 1079 590 1140 Christi
612 1089 751 1161 tempore
773 1083 833 1142 iam
857 1081 939 1140 talea
961 1087 1052 1139 erant.

132 1161 279 1240 Loquitur
313 1164 394 1225 enim
428 1165 458 1221 in
492 1181 564 1241 cos,
598 1165 650 1243 qui
684 1173 771 1224 extra
798 1163 957 1224 Obrietum
987 1166 1053 1221 tune

132 1245 254 1304 fuerunt
285 1255 317 1303 et
348 1255 592 1324 permanserunt
648 1246 694 1306 lta
730 1246 804 1307 iilud
838 1247 993 1306 Ieremiae
1006 1242 1053 1316 ⁸):

132 1325 248 1387 Omnes
270 1327 394 1388 student
416 1329 562 1388 avaritiae
584 1348 604 1387 a
626 1329 752 1389 minimo
774 1347 874 1407 utque
897 1327 939 1388 ad
963 1328 1053 1385 maxi·

133 1428 233 1483 urum,
263 1417 347 1470 certe
368 1412 407 1470 ad
435 1429 547 1492 corpus
570 1413 718 1472 avaritiae
739 1413 891 1492 pertinet,
922 1409 1053 1470 excluaie

132 1493 200 1572 piis.
243 1490 328 1552 Sicut
356 1502 387 1554 et
413 1493 487 1553 iliud
510 1493 611 1554 Penii:
643 1493 759 1555 Omnes
789 1512 869 1573 quoe
901 1512 960 1552 aua
988 1499 1055 1551 aunt

133 1585 297 1654 quaeruut,
326 1575 364 1635 ad
387 1594 475 1637 cuam
498 1579 656 1637 materiam
679 1585 710 1636 ct
732 1577 887 1637 obiectum
913 1576 1053 1654 pertinet.

133 1657 258 1736 Alioqui
286 1676 355 1718 oum
378 1658 491 1720 Paulus
513 1658 622 1723 Roma.
644 1662 673 1723 3.
703 1677 810 1719 omues
833 1658 980 1719 homines
1002 1659 1054 1716 cub

133 1747 263 1820 peccato
280 1740 459 1818 concludat,
488 1751 519 1800 et
540 1742 650 1805 Romu.
673 1745 703 1806 3.
742 1759 850 1802 omnes
872 1742 975 1821 gloria
1000 1739 1054 1800 Dei

134 1841 250 1884 vaouor
272 1842 341 1883 eree
362 1823 452 1902 dicit,
474 1843 508 1887 ae
533 1827 631 1904 iprum
654 1842 792 1904 quoque,
814 1823 996 1901 Abraham,
1029 1831 1055 1882 et

134 1924 241 1968 omnes
262 1908 331 1986 pioe
352 1906 548 1983 involvisset,
569 1907 624 1968 aed
647 1905 829 1986 loquebatur
850 1909 881 1966 in
905 1925 984 1982 eos,
1006 1907 1053 1984 qui

135 1991 200 2048 eine
230 1988 291 2048 flde
320 2007 394 2049 vera
419 1989 562 2068 agebant.
614 1991 732 2068 itaquo,
770 1997 802 2051 ut
830 1991 912 2067 dixi,
944 1990 1055 2068 ineptia

135 2070 285 2150 exemplis
315 2069 391 2131 iudit
416 2071 580 2146 Lutomue,
617 2074 696 2132 mata
724 2074 917 2134 couscientia
946 2073 1055 2132 erroris

135 2159 283 2231 vexatur,
307 2155 434 2234 cupiens
455 2154 588 2220 evadere
615 2163 645 2214 et
667 2174 728 2215 non
751 2164 872 2235 potens.
919 2152 1054 2214 Evidene

135 2237 216 2300 enim
245 2245 457 2317 argumentum
487 2245 553 2313 eet,
584 2256 653 2298 eum
683 2257 752 2298 erse
785 2239 914 2299 veritate
941 2237 1055 2296 invicte

135 2320 325 2398 convictum,
357 2321 408 2399 qui
441 2327 487 2380 tot
510 2321 600 2380 uriaer
622 2321 801 2380 diverticula
823 2327 939 2382 ettam
965 2321 1055 2380 anxie

136 2404 264 2482 quaerit.
312 2401 339 2462 Ο
368 2404 504 2463 veritatis
534 2404 724 2464 conscientie
752 2421 814 2464 non
843 2405 889 2462 cic
924 2402 1055 2482 trepidet

135 2494 188 2548 eut
208 2486 322 2564 variat,
344 2504 414 2546 aero
436 2487 495 2547 iata
516 2497 703 2564 quaeruntur
723 2487 860 2547 remedia
880 2487 988 2548 miseri
1011 2503 1054 2544 ao·

157 2569 263 2630 bintae.

135 2588 154 2649 p
194 2718 197 2724 ,
217 2651 275 2712 Hic
295 2657 398 2712 autem
420 2659 466 2712 eet
487 2650 585 2731 figura
607 2651 804 2732 synecdoche
825 2655 854 2712 iu
869 2653 1054 2732 Evangelio:

136 2732 187 2794 Sic
208 2736 264 2795 erit
285 2734 378 2796 Filius
401 2733 532 2794 hominia
562 2733 656 2794 tribue
684 2734 791 2796 diebus
813 2743 844 2795 et
865 2735 962 2796 tribue
987 2752 1054 2796 uoc
1113 2791 1114 2816 i

136 2813 216 2879 tibur
238 2817 268 2876 in
291 2817 385 2882 eorde
407 2824 562 2895 terro03et
572 2817 710 2878 similiter
721 2819 864 2893 latrones,
887 2820 940 2898 qui
963 2819 1055 2878 cruci·

135 2897 188 2960 flxi
211 2906 298 2959 erant
319 2918 448 2980 comeo,
462 2900 716 2980 blasphemabant
738 2920 825 2976 euru3
845 2909 876 2961 et
892 2901 1056 2962 evidentia·

136 2982 212 3043 eime
233 2981 315 3044 Paal.
337 2980 435 3058 78²):
458 2983 499 3044 Et
520 2991 714 3044 tentaverunt
732 2985 840 3064 Deum,
862 2991 897 3046 ut
916 2991 1055 3070 peterent

135 3084 222 3132 eroes
253 3065 412 3127 animabua
443 3069 516 3130 suia.
558 3067 627 3128 Hoc
653 3069 689 3127 -in
722 3069 903 3148 vituperium
939 3069 1055 3142 dieitur,
1112 3073 1113 3088 ¹

136 3151 223 3229 quati
257 3149 350 3210 totius
382 3150 487 3231 popuii
518 3150 623 3212 lsrael.
675 3151 790 3212 Contra
822 3150 902 3212 Psoi.
936 3153 996 3216 105
1009 3149 1052 3228 ³):

136 3233 320 3312 Petierunts
342 3242 373 3294 et
405 3236 488 3295 venit
522 3236 663 3296 coturnix
684 3241 742 3299 etc.
786 3233 854 3296 Hoc
880 3237 911 3295 in
936 3234 1053 3296 leudem

139 3417 555 3433 m·-

212 3507 237 3566 ¹]
265 3503 296 3555 Iu
325 3504 367 3558 cd.
394 3502 470 3559 Jen.:
503 3505 574 3558 illoc.
630 3505 663 3573 2)
688 3506 719 3558 [n
748 3506 791 3559 od.
821 3509 906 3577 origo
939 3511 984 3562 Pr.
1016 3511 1052 3566 77.
1110 3443 1112 3599 Ι

139 3568 171 3633 3)
192 3570 276 3625 Ibit:
296 3573 338 3625 Pe.
362 3575 423 3629 104.
1110 3599 1111 3602 ¹

211 3638 239 3704 r)
259 3639 354 3696 uam.
373 3643 398 3700 c.
436 3645 485 3710 ··)
506 3644 598 3704 uoto.
620 3645 661 3702 12.
680 3647 776 3702 uoto.
794 3648 837 3704 27.
