2250 4008
327 175 455 228 Rationis
476 172 725 228 nuceranae.
928 161 991 232 δῶ
1087 219 1089 224 ,

12 405 15 440 ²
71 327 321 474 *wfflml
336 327 504 472 uoundpp
525 328 700 472 irptariorem
715 325 882 424 honrinem,
903 324 993 470 vigeo

13 573 14 576 Ἴ
72 431 419 576 dreisznrepugrlarltgaiuul
439 417 474 556 ld
496 413 994 576 eit'pdfflaaniiicidztelssmldlgi

12 601 14 606 ·
73 581 182 640 mentm
205 597 293 640 meae
317 577 364 659 (id
388 585 444 659 eat,
467 580 640 659 impunitati
662 581 767 650 meae)
786 584 816 638 et
839 578 993 656 captivans

15 663 16 673 ’
73 671 132 723 tem
157 681 206 722 me
232 659 280 744 (id
313 669 373 740 est,
408 681 509 743 poena
531 663 715 737 trahentem)
725 663 756 722 in
766 660 995 740 legempaeceti
1086 707 1087 710 ,

12 739 16 780 l
73 744 191 823 (idest,
212 744 415 826 inpoenam),
434 765 514 825 quaa
536 748 633 808 estin
657 745 799 807 membris
818 744 903 805 meis.
948 743 994 804 ln·

12 825 17 855 ²
72 829 233 973 illiti
248 827 369 992 limiti
382 829 521 992 quiid?
543 828 993 990 llltlttttltfflti

133 981 136 988 .
375 955 384 986 i

73 993 178 1057 Iesum
203 993 355 1056 Christum
366 996 532 1056 Dominum
555 1003 704 1059 nostrum.
746 996 841 1075 Igitur
854 1011 913 1074 ego
927 995 995 1074 ipae

12 1079 17 1120 l
74 1079 175 1138 servio
199 1084 299 1138 mente
320 1078 382 1158 legi
403 1079 461 1140 Dei
485 1077 528 1160 (id
552 1087 608 1159 est,
630 1079 770 1140 subditus
786 1078 996 1158 snmimpuni'·

12 1165 14 1200 ⁵
74 1163 154 1238 tati),
179 1179 269 1222 earne
283 1169 389 1222 eutem
407 1162 467 1241 legi
481 1163 600 1242 peccati
617 1163 666 1244 (id
688 1169 744 1239 est,
766 1160 903 1223 subditus
925 1181 993 1222 aum

14 1279 18 1288 =
73 1247 222 1324 poenae).
264 1243 346 1306 Nihil
368 1264 442 1324 ergo
466 1245 671 1308 damnationis
694 1253 742 1307 est
762 1253 821 1307 etc.

12 1337 15 1370 l
124 1377 126 1384 .
155 1327 213 1389 Flet
234 1327 295 1388 hoc
305 1327 434 1388 Paulum
447 1328 612 1408 elucidare,
634 1336 667 1390 ut
688 1328 849 1392 dembene
870 1335 903 1388 et
916 1328 996 1388 'vere

12 1419 17 1455 t
74 1411 118 1470 sie
138 1409 224 1471 uicit
246 1411 288 1472 At
309 1409 414 1472 Patres
437 1412 482 1472 sic
503 1412 656 1489 dixerunt,
677 1412 731 1474 sed
753 1410 891 1490 nunquid
912 1430 996 1491 praa·

74 1500 222 1574 ceperunt
235 1500 289 1554 ant
301 1496 478 1574 praecipere
493 1502 658 1576 potnerunt
670 1497 714 1557 sic
728 1493 890 1556 dicendum
907 1509 924 1554 e
958 1493 997 1554 e?

12 1587 18 1623 l
74 1577 188 1638 Nonne
210 1575 415 1638 obediendum
436 1586 483 1640 est
505 1580 602 1659 magis
624 1580 707 1657 Deo,
744 1599 836 1659 quam
868 1577 909 1638 ho
942 1577 995 1639 ini-

12 1671 16 1706 t
77 1659 155 1720 bus?
179 1660 290 1720 Paulus
313 1662 462 1741 praecipit
485 1668 515 1722 et
535 1662 743 1742 praecipiendi
764 1663 811 1722 ins
824 1659 942 1738 habuit,
962 1666 995 1720 ut

12 1753 18 1794 l
73 1743 187 1804 vitares
209 1741 353 1824 profanas
377 1763 487 1806 vocum
508 1747 678 1824 novitates,
706 1752 736 1806 et
757 1744 940 1824 loquereris,
961 1748 996 1804 ut

12 1839 17 1876 Ξ
74 1828 141 1906 ipae
163 1825 312 1905 loquitur,
336 1833 367 1888 et
388 1829 483 1888 sacris
508 1847 617 1890 vocum
641 1826 871 1908 antiqnitetibus
893 1825 996 1886 inhae-

73 1926 165 1971 reres,
210 1908 288 1984 Quid
312 1912 392 1970 enim
412 1911 598 1990 profanum?
624 1931 728 1974 nonne
757 1910 840 1990 quod
861 1928 923 1970 non
948 1915 995 1994 eat

12 2007 16 2043 r
74 1991 219 2054 aeonum?
249 1992 291 2052 At
311 1991 476 2054 humanum
498 2014 561 2056 non
583 2002 631 2056 est
651 2013 788 2068 sacrum,
810 1991 920 2054 deinde
941 2011 995 2052 no·

12 2117 15 2126 “
75 2074 993 2234 llllstitit„“illtllt‘lss’ltmltttilltl

75 2247 242 2321 receptum.
285 2241 354 2304 Non
377 2243 602 2324 luitreoeptum
625 2243 765 2318 amnltis‚
787 2245 885 2322 iisque
909 2260 995 2322 prae

13 2355 14 2368 ι
76 2323 266 2403 clarissimis,
306 2325 389 2404 quod
420 2334 450 2386 et
476 2327 682 2408 Hieronymus
715 2327 833 2406 optavit
868 2323 993 2402 aboleri,

12 2425 15 2462 r
75 2406 217 2486 adeoque
238 2425 299 2467 non
323 2407 493 2488 effugerunt
515 2410 691 2490 periculum,
713 2410 774 2471 lroc
793 2410 918 2469 invento
941 2427 993 2468 vo»

74 2489 203 2568 eubulo,
241 2497 274 2550 ut
294 2490 499 2572 Hieronymus
524 2501 666 2572 queratur
686 2494 822 2566 nescire,
850 2491 993 2571 quidve

12 2595 13 2618 ÷
76 2573 145 2632 neni
170 2572 264 2634 lateat
284 2573 315 2634 in
337 2573 463 2655 syllabis
495 2583 526 2636 et
547 2576 658 2654 literis,
690 2575 769 2638 adeo
789 2573 864 2635 illud
887 2574 992 2635 Ariani

12 2677 13 2692 ³
76 2656 173 2736 magia
197 2675 288 2736 quem
308 2656 479 2737 Scripturas
502 2660 593 2719 etiem
615 2658 824 2740 exagitabant.
867 2655 992 2718 NeoHi·

74 2738 169 2800 lerina
190 2738 240 2798 hin
259 2738 341 2800 aliud
354 2739 459 2801 hebuit
470 2741 554 2820 quud
564 2743 773 2823 responderet,
795 2759 886 2820 quam
910 2739 992 2819 quod

77 2821 158 2882 idem
176 2840 231 2901 per
252 2820 281 2882 id
303 2821 447 2884 vocabuli
469 2823 702 2903 significaretur,
725 2823 806 2904 quod
829 2843 879 2885 res
901 2829 991 2898 esset,

76 2913 106 2965 at
128 2911 193 2965 lota
216 2903 372 2985 Scriptura
393 2905 520 2968 haberet
540 2907 581 2984 id,
604 2909 739 2987 quud-in
753 2909 906 2988 praesenti
929 2913 991 2967 non

77 2987 172 3048 detur.
214 2986 307 3049 Nullo
337 2989 418 3048 enim
453 2989 524 3050 loco
553 2988 710 3071 Scriptura
746 2997 905 3071 peccatum
934 3007 991 3066 pro

76 3089 178 3149 poena
197 3071 270 3147 ista,
303 3070 358 3131 sed
382 3079 490 3134 eontra
515 3071 628 3152 ubique
659 3094 715 3154 pro
738 3074 820 3134 melo
852 3073 912 3152 legi
933 3071 992 3131 Dei

77 3152 252 3213 adversario
275 3155 404 3234 accipit,
435 3162 468 3214 ut
489 3155 655 3217 similitudo
678 3143 781 3217 'etiam
807 3155 885 3235 (qua
905 3154 994 3214 Leto-

76 3255 142 3296 mns
161 3235 210 3296 vel
233 3235 301 3296 sola
318 3236 480 3318 theologus
503 3235 567 3320 pst)
588 3238 639 3300 hic
660 3258 720 3301 uon
744 3238 856 3298 habeat
878 3237 991 3298 locum.

157 3319 221 3380 lam
250 3319 276 3378 ei
298 3325 380 3380 esset
407 3319 572 3382 similitudo
610 3329 640 3383 et
668 3321 842 3402 exemplum
864 3321 992 3394 valeret,

78 3409 178 3462 tamen
201 3420 262 3462 non
286 3407 369 3462 esset
390 3402 570 3465 trahendum
592 3405 622 3464 in
647 3405 915 3484 consequentiam,
938 3403 991 3464 aed

78 3483 294 3564 indulgendum
317 3484 472 3563 Patribus,
507 3489 556 3566 qui
579 3489 674 3550 semel
695 3495 784 3550 extra
806 3487 992 3568 scripturam

148 3655 177 3722 l)
198 3653 229 3708 ln
249 3654 291 3710 ed.
310 3655 380 3725 orig.
398 3655 443 3708 hio
461 3661 488 3710 et
505 3671 543 3712 a:
562 3655 701 3712 Arrianos
720 3663 772 3714 etc
