2250 4008
147 131 210 196 496
439 133 597 190 Consumtis
616 135 781 191 Lunenses

149 299 316 365 servasset,
346 291 525 350 atvertum
548 291 633 354 Pauli
655 295 715 353 iam
739 300 853 350 temere
874 305 937 348 non
963 304 1063 344 exure·

149 379 223 432 rent
269 371 330 432 Sed
352 383 383 431 et
404 373 505 433 adhuc
527 377 571 434 eis
611 375 707 436 offero
730 375 907 454 optionem,
943 374 978 428 ut
999 367 1064 426 resi-

146 458 276 536 piscant,
299 474 434 515 errorem
455 469 637 539 agnoscant,
657 459 730 520 dent
742 457 874 537 gloriam
889 453 971 532 Deo,
995 468 1061 509 cou-

148 538 290 598 fiteantur
312 558 383 598 suas
396 543 541 620 insanius,
564 561 639 623 quas
653 543 736 602 nulla
757 542 876 600 ratione
900 535 980 596 tueri
1000 551 1064 613 pos

148 633 233 700 suut,
264 633 294 682 et
316 641 389 682 ecoe
411 627 518 704 ignote
539 628 599 686 sint
631 627 675 686 eis
698 626 812 685 omnia.
854 619 1065 680 Libentissime

148 707 229 764 enim
253 707 489 768 communicabo
512 709 587 787 illis,
621 729 679 770 nec
701 725 819 768 memor
841 722 895 764 ero
918 703 1065 762 malorum

149 807 299 867 unquam,
321 793 400 848 sieut
421 791 494 850 nolo
517 810 654 854 meorum
677 810 744 852 esse
766 789 867 850 Deum
890 802 1067 846 memorem.

149 869 240 946 Quod
262 875 288 930 si
308 883 462 951 perstent,
503 878 585 954 quod
608 893 768 950 exsecror,
801 881 884 932 certe
907 867 1069 930 anathema

148 973 203 1014 eos
225 954 357 1015 habebo.
401 956 552 1018 Dominus
577 961 699 1036 viderit,
736 976 774 1016 an
798 974 868 1016 mea
890 969 1068 1013 excommu-

149 1040 263 1098 nicatio
285 1039 379 1118 pluris
402 1043 566 1102 minorisve
588 1045 641 1123 sit,
663 1061 754 1121 quam
777 1039 928 1116 insulsae,
951 1037 1070 1112 sangui·

149 1124 263 1200 neriae,
285 1122 470 1204 sacrilegae,
494 1125 635 1204 breviter,
655 1143 739 1206 papa
760 1133 791 1184 et
808 1123 908 1182 Roma
930 1120 1069 1198 dignissi-

148 1225 218 1264 mae
239 1205 365 1284 Bullae,
387 1217 497 1267 Amen.
541 1209 590 1270 Ex
616 1211 683 1270 istis
706 1207 798 1268 credo
821 1223 902 1266 nunc
924 1207 1004 1264 satis
1028 1220 1070 1260 as-

148 1295 244 1365 serta,
268 1289 395 1349 defensa
416 1300 446 1350 et
467 1295 584 1353 munita
606 1295 726 1369 omnia,
757 1309 836 1369 quae
859 1289 896 1348 ad
920 1287 1007 1346 hunc
1030 1304 1070 1342 ar·

148 1373 272 1430 ticulum
295 1373 409 1433 adduxi
431 1377 461 1433 in
486 1375 687 1436 Resolntione
708 1392 786 1452 mea,
809 1391 901 1451 qnam
923 1369 1071 1430 Letomus

148 1465 323 1535 oppugnat,
346 1465 376 1516 st
397 1456 518 1518 Letomi
540 1461 644 1519 omnia
664 1477 732 1518 esse
754 1457 843 1532 nihil,
866 1472 958 1533 quam
984 1455 1070 1532 igno·

146 1543 261 1600 rantias
284 1539 478 1620 Scripturas,
516 1553 579 1602 tum
609 1560 708 1602 meras
736 1539 1009 1622 praesumptiones
1030 1545 1070 1592 et

147 1624 310 1702 petitiones
332 1625 480 1705 principii.

231 1705 330 1766 Unum
353 1707 510 1786 adiiciam,
539 1717 571 1768 ut
592 1710 712 1770 ratione
735 1717 765 1767 et
787 1705 981 1784 experientia
1004 1720 1070 1760 oeu-

148 1809 212 1848 sam
233 1791 324 1850 istam
346 1791 457 1854 iuvem.
480 1792 556 1852 Cum
570 1791 721 1872 Sophistis
744 1791 876 1869 disputo.
900 1787 1072 1846 Veniamus

149 1875 186 1931 de
207 1875 313 1952 regule
335 1874 374 1934 ad
395 1877 589 1956 exemplum,
611 1895 651 1936 ne
672 1878 765 1935 simus
788 1870 907 1949 Stoici,
946 1871 1003 1948 qui
1026 1887 1070 1928 sa·

147 1959 282 2036 pientem
305 1976 373 2016 eum
398 1959 596 2038 definierunt,
626 1978 715 2038 quem
739 1974 894 2035 nunquam
918 1954 1073 2026 viderunt,

148 2041 268 2120 qualem
281 2049 434 2101 oratorem
446 2042 650 2118 Quintilianus
660 2041 910 2123 quoqnelormat.
933 2034 1072 2112 Quaero,

148 2143 187 2182 an
209 2124 304 2184 ullum
326 2125 481 2186 hominem
505 2126 732 2204 dareaudeant,
754 2125 805 2204 qui
820 2124 921 2204 possit
942 2123 983 2180 de
1008 2136 1070 2178 uno

148 2225 204 2267 suo
228 2224 323 2286 opere
346 2211 428 2269 bono
446 2210 558 2288 dicere,
580 2211 641 2270 hoc
663 2216 710 2270 est
731 2209 797 2269 siue
810 2213 952 2287 peccato,
975 2203 1070 2262 etiam

147 2310 185 2350 ec
208 2291 312 2371 modo,
335 2311 396 2372 qno
418 2295 478 2373 ipsi
500 2295 538 2354 de
559 2303 688 2374 peccato
707 2295 880 2372 loquuntur.
924 2288 1070 2368 Egonon

148 2374 240 2434 credo
261 2376 411 2455 ipsosmet
432 2385 485 2438 ant
505 2378 599 2437 ullum
612 2378 765 2438 hominem
788 2376 848 2435 hoc
861 2387 1009 2433 ausurum
1033 2369 1072 2428 de

148 2477 204 2518 suo
234 2476 329 2539 opere
360 2461 483 2524 sentire.
527 2461 559 2521 si
588 2469 703 2540 negant
732 2459 824 2519 ullum
848 2475 961 2538 posse,
996 2454 1069 2533 quid

148 2561 222 2620 ergo
246 2561 295 2602 me
318 2544 514 2604 criminantur
535 2545 792 2622 tcmimmaniter,
815 2561 883 2602 cum
906 2539 964 2620 ipsi
988 2539 1069 2597 idem

148 2627 291 2704 sentiant,
313 2628 376 2686 imo
400 2629 508 2708 magis,
530 2646 621 2708 quam
645 2645 714 2706 ego,
737 2625 862 2686 dicant?
892 2624 960 2703 Ego
986 2623 1067 2682 enim

149 2708 187 2767 de
210 2711 319 2769 veniali
348 2721 478 2790 peceato
498 2729 563 2772 non
591 2712 664 2771 dixi.
707 2711 770 2771 lam
792 2728 872 2789 quae
894 2719 941 2768 est
962 2707 1066 2766 absur-

149 2793 245 2871 ditas,
267 2795 297 2852 in
321 2796 405 2855 omni
427 2813 521 2875 opere
544 2794 625 2856 bono
649 2813 765 2876 ponere
791 2801 969 2874 peceatum,
999 2809 1065 2850 cum

149 2877 207 2956 ipsi
229 2877 382 2938 fateantur
415 2879 447 2936 in
467 2875 604 2959 plurimis
627 2887 711 2939 certo
734 2896 802 2939 esse
823 2883 1004 2958 peccatum,
1038 2887 1066 2933 et

148 2961 179 3019 in
200 2961 381 3040 pancisnon
403 2971 653 3042 essepeccutnm,
675 2965 766 3022 etiarn
787 2962 858 3021 dum
873 2961 939 3022 sine
962 2977 1064 3019 exem·

147 3045 200 3124 plo
223 3045 390 3104 secundum
412 3047 549 3126 regulam
584 3048 682 3108 solam
717 3046 893 3125 loquuntur.
937 3043 969 3104 Si
1004 3062 1063 3106 non

149 3137 195 3188 est
217 3128 380 3187 absurdum
403 3129 433 3187 in
448 3147 508 3188 uuo
526 3139 578 3190 aut
595 3131 705 3208 multis,
729 3128 886 3207 quomodo
900 3127 1063 3188 absurdum

149 3218 202 3271 ant
222 3211 411 3295 impossibile
433 3213 464 3272 in
487 3211 649 3274 omnibns?
678 3213 789 3274 Sumus
812 3229 929 3291 ergone
950 3211 1063 3292 pulchri

148 3294 318 3372 Doctores,
359 3297 412 3376 qui
449 3295 588 3375 regulam
625 3299 770 3358 docemus
804 3297 870 3358 sine
903 3293 1065 3376 exemplo?

149 3377 209 3436 Sed
232 3377 350 3438 dicent:
387 3380 540 3438 Incertum
564 3387 627 3461 est,
664 3382 749 3441 cuins
785 3399 862 3462 opus
892 3378 1009 3440 bonum
1030 3381 1066 3440 sit

150 3463 215 3520 sins
236 3471 383 3542 peccato,
412 3461 514 3522 tamen
537 3463 604 3524 sine
625 3474 755 3546 peccato
777 3483 930 3526 essenon
953 3463 1067 3526 dubita

151 3566 224 3607 mus.
268 3542 347 3618 Quid
370 3565 445 3628 ergo
467 3549 618 3609 facimus?
648 3550 786 3612 ducimus
809 3549 951 3614 homines
972 3549 1004 3608 in
1027 3548 1066 3608 in·

151 3638 265 3692 sertum
289 3654 356 3696 cum
379 3640 491 3699 nostris
514 3639 682 3700 doctrinis?
703 3642 753 3700 An
776 3639 837 3700 hoc
859 3654 921 3726 non
947 3644 993 3698 est
1016 3631 1064 3696 ab·
