<?xml version="1.0" encoding="UTF-8"?>
<!DOCTYPE html PUBLIC "-//W3C//DTD XHTML 1.0 Transitional//EN"
    "http://www.w3.org/TR/xhtml1/DTD/xhtml1-transitional.dtd">
<html xmlns="http://www.w3.org/1999/xhtml" xml:lang="en" lang="en">
 <head>
  <title>
</title>
<meta http-equiv="Content-Type" content="text/html;charset=utf-8" />
  <meta name='ocr-system' content='tesseract 3.04.00' />
  <meta name='ocr-capabilities' content='ocr_page ocr_carea ocr_par ocr_line ocrx_word'/>
</head>
<body>
  <div class='ocr_page' id='page_1' title='image "./operalatinavari03schmgoog_0308.png"; bbox 0 0 2252 4006; ppageno 0'>
   <div class='ocr_carea' id='block_1_1' title="bbox 330 125 1009 274">
    <p class='ocr_par' dir='ltr' id='par_1_1' title="bbox 330 125 1009 274">
     <span class='ocr_line' id='line_1_1' title="bbox 330 125 1009 274; baseline -0.003 -36"><span class='ocrx_word' id='word_1_1' title='bbox 330 177 473 274; x_wconf 68' lang='lat' dir='ltr'>dmbmrti</span> <span class='ocrx_word' id='word_1_2' title='bbox 490 179 600 236; x_wconf 74' lang='lat' dir='ltr'>Gathar.</span> <span class='ocrx_word' id='word_1_3' title='bbox 619 195 643 236; x_wconf 75' lang='lat' dir='ltr'>a</span> <span class='ocrx_word' id='word_1_4' title='bbox 665 125 743 238; x_wconf 65' lang='lat' dir='ltr'>ihil.</span> <span class='ocrx_word' id='word_1_5' title='bbox 946 173 1009 246; x_wconf 71' lang='grc'>297</span> 
     </span>
    </p>
   </div>
   <div class='ocr_carea' id='block_1_2' title="bbox 82 335 1065 2162">
    <p class='ocr_par' dir='ltr' id='par_1_2' title="bbox 82 335 1065 2079">
     <span class='ocr_line' id='line_1_2' title="bbox 92 335 1010 420; baseline -0.002 -22"><span class='ocrx_word' id='word_1_6' title='bbox 92 335 258 416; x_wconf 71' lang='lat' dir='ltr'>opiniones</span> <span class='ocrx_word' id='word_1_7' title='bbox 280 341 351 398; x_wconf 80' lang='lat' dir='ltr'>runt</span> <span class='ocrx_word' id='word_1_8' title='bbox 370 335 612 414; x_wconf 75' lang='lat' dir='ltr'>Themisto-um,</span> <span class='ocrx_word' id='word_1_9' title='bbox 640 354 702 398; x_wconf 84' lang='lat' dir='ltr'>une</span> <span class='ocrx_word' id='word_1_10' title='bbox 727 341 774 396; x_wconf 83' lang='lat' dir='ltr'>erl</span> <span class='ocrx_word' id='word_1_11' title='bbox 800 341 832 396; x_wconf 91' lang='lat' dir='ltr'>et</span> <span class='ocrx_word' id='word_1_12' title='bbox 851 335 1010 420; x_wconf 75' lang='lat' dir='ltr'>simplidis-</span> 
     </span>
     <span class='ocr_line' id='line_1_3' title="bbox 82 417 1008 497; baseline 0.004 -19"><span class='ocrx_word' id='word_1_13' title='bbox 82 419 162 480; x_wconf 83' lang='lat' dir='ltr'>eima</span> <span class='ocrx_word' id='word_1_14' title='bbox 183 420 249 480; x_wconf 82' lang='lat' dir='ltr'>eiue</span> <span class='ocrx_word' id='word_1_15' title='bbox 270 419 373 482; x_wconf 82' lang='lat' dir='ltr'>faoiee.</span> <span class='ocrx_word' id='word_1_16' title='bbox 417 417 513 480; x_wconf 80' lang='lat' dir='ltr'>Serra</span> <span class='ocrx_word' id='word_1_17' title='bbox 536 419 589 479; x_wconf 89' lang='lat' dir='ltr'>tibi</span> <span class='ocrx_word' id='word_1_18' title='bbox 611 419 716 481; x_wconf 86' lang='lat' dir='ltr'>elavee</span> <span class='ocrx_word' id='word_1_19' title='bbox 739 420 804 480; x_wconf 83' lang='lat' dir='ltr'>eine</span> <span class='ocrx_word' id='word_1_20' title='bbox 826 438 900 497; x_wconf 81' lang='lat' dir='ltr'>usu,</span> <span class='ocrx_word' id='word_1_21' title='bbox 927 419 1008 482; x_wconf 81' lang='lat' dir='ltr'>euffr-</span> 
     </span>
     <span class='ocr_line' id='line_1_4' title="bbox 84 501 1007 583; baseline 0.002 -21"><span class='ocrx_word' id='word_1_22' title='bbox 84 503 129 562; x_wconf 88' lang='lat' dir='ltr'>oit</span> <span class='ocrx_word' id='word_1_23' title='bbox 149 501 241 564; x_wconf 85' lang='lat' dir='ltr'>nobie</span> <span class='ocrx_word' id='word_1_24' title='bbox 264 503 367 563; x_wconf 86' lang='lat' dir='ltr'>datum</span> <span class='ocrx_word' id='word_1_25' title='bbox 391 521 478 563; x_wconf 85' lang='lat' dir='ltr'>neum</span> <span class='ocrx_word' id='word_1_26' title='bbox 496 502 637 579; x_wconf 84' lang='lat' dir='ltr'>niarium,</span> <span class='ocrx_word' id='word_1_27' title='bbox 661 505 752 566; x_wconf 88' lang='lat' dir='ltr'>etiam</span> <span class='ocrx_word' id='word_1_28' title='bbox 777 511 806 563; x_wconf 83' lang='lat' dir='ltr'>te</span> <span class='ocrx_word' id='word_1_29' title='bbox 820 502 1007 583; x_wconf 82' lang='lat' dir='ltr'>dietinolore,</span> 
     </span>
     <span class='ocr_line' id='line_1_5' title="bbox 85 587 975 649; baseline 0.004 -5"><span class='ocrx_word' id='word_1_30' title='bbox 85 587 266 649; x_wconf 74' lang='lat' dir='ltr'>extorsisse.</span> <span class='ocrx_word' id='word_1_31' title='bbox 872 627 874 634; x_wconf 70' lang='lat'>,</span> <span class='ocrx_word' id='word_1_32' title='bbox 970 597 975 607; x_wconf 82' lang='grc'><strong>“</strong></span> 
     </span>
     <span class='ocr_line' id='line_1_6' title="bbox 169 667 1007 751; baseline 0 -21"><span class='ocrx_word' id='word_1_33' title='bbox 169 669 211 730; x_wconf 77' lang='lat' dir='ltr'>Et</span> <span class='ocrx_word' id='word_1_34' title='bbox 231 678 265 730; x_wconf 90' lang='lat' dir='ltr'>ut</span> <span class='ocrx_word' id='word_1_35' title='bbox 285 668 384 730; x_wconf 89' lang='lat' dir='ltr'>dioam</span> <span class='ocrx_word' id='word_1_36' title='bbox 407 667 489 749; x_wconf 89' lang='lat' dir='ltr'>quod</span> <span class='ocrx_word' id='word_1_37' title='bbox 512 687 561 730; x_wconf 79' lang='lat' dir='ltr'>res</span> <span class='ocrx_word' id='word_1_38' title='bbox 590 674 652 744; x_wconf 87' lang='lat' dir='ltr'>eet,</span> <span class='ocrx_word' id='word_1_39' title='bbox 683 687 744 730; x_wconf 93' lang='lat' dir='ltr'>non</span> <span class='ocrx_word' id='word_1_40' title='bbox 777 669 831 731; x_wconf 89' lang='lat' dir='ltr'>tibi</span> <span class='ocrx_word' id='word_1_41' title='bbox 853 671 1007 751; x_wconf 78' lang='lat' dir='ltr'>permitto,</span> 
     </span>
     <span class='ocr_line' id='line_1_7' title="bbox 85 751 1065 834; baseline 0.001 -22"><span class='ocrx_word' id='word_1_42' title='bbox 85 759 118 812; x_wconf 88' lang='lat' dir='ltr'>ul</span> <span class='ocrx_word' id='word_1_43' title='bbox 142 751 318 833; x_wconf 81' lang='lat' dir='ltr'>Soriplurae</span> <span class='ocrx_word' id='word_1_44' title='bbox 338 753 457 832; x_wconf 78' lang='lat' dir='ltr'>plnres,</span> <span class='ocrx_word' id='word_1_45' title='bbox 490 771 580 832; x_wconf 90' lang='lat' dir='ltr'>quam</span> <span class='ocrx_word' id='word_1_46' title='bbox 614 771 707 812; x_wconf 91' lang='lat' dir='ltr'>uuum</span> <span class='ocrx_word' id='word_1_47' title='bbox 738 771 861 814; x_wconf 85' lang='lat' dir='ltr'>aeneum</span> <span class='ocrx_word' id='word_1_48' title='bbox 883 753 1007 815; x_wconf 82' lang='lat' dir='ltr'>tribuae.</span> <span class='ocrx_word' id='word_1_49' title='bbox 1063 830 1065 834; x_wconf 85' lang='lat'>.</span> 
     </span>
     <span class='ocr_line' id='line_1_8' title="bbox 84 833 1009 916; baseline 0 -20"><span class='ocrx_word' id='word_1_50' title='bbox 84 833 168 896; x_wconf 87' lang='lat' dir='ltr'>Nihil</span> <span class='ocrx_word' id='word_1_51' title='bbox 191 835 271 916; x_wconf 86' lang='lat' dir='ltr'>apud</span> <span class='ocrx_word' id='word_1_52' title='bbox 301 855 349 895; x_wconf 93' lang='lat' dir='ltr'>me</span> <span class='ocrx_word' id='word_1_53' title='bbox 383 835 480 911; x_wconf 85' lang='lat' dir='ltr'>valet,</span> <span class='ocrx_word' id='word_1_54' title='bbox 515 833 597 915; x_wconf 86' lang='lat' dir='ltr'>quod</span> <span class='ocrx_word' id='word_1_55' title='bbox 630 837 721 896; x_wconf 79' lang='lat' dir='ltr'>toties</span> <span class='ocrx_word' id='word_1_56' title='bbox 754 843 871 899; x_wconf 84' lang='lat' dir='ltr'>tentae:</span> <span class='ocrx_word' id='word_1_57' title='bbox 903 836 1009 899; x_wconf 88' lang='lat' dir='ltr'>Poteet</span> 
     </span>
     <span class='ocr_line' id='line_1_9' title="bbox 84 917 1009 1000; baseline -0.001 -21"><span class='ocrx_word' id='word_1_58' title='bbox 84 919 180 979; x_wconf 87' lang='lat' dir='ltr'>etiam</span> <span class='ocrx_word' id='word_1_59' title='bbox 211 919 257 980; x_wconf 84' lang='lat' dir='ltr'>aio</span> <span class='ocrx_word' id='word_1_60' title='bbox 289 917 364 994; x_wconf 88' lang='lat' dir='ltr'>diei,</span> <span class='ocrx_word' id='word_1_61' title='bbox 402 927 503 999; x_wconf 81' lang='lat' dir='ltr'>potent</span> <span class='ocrx_word' id='word_1_62' title='bbox 539 919 630 978; x_wconf 88' lang='lat' dir='ltr'>etiam</span> <span class='ocrx_word' id='word_1_63' title='bbox 656 921 708 978; x_wconf 85' lang='lat' dir='ltr'>eie</span> <span class='ocrx_word' id='word_1_64' title='bbox 729 919 872 999; x_wconf 82' lang='lat' dir='ltr'>intelligi,</span> <span class='ocrx_word' id='word_1_65' title='bbox 905 926 1009 1000; x_wconf 81' lang='lat' dir='ltr'>polest</span> 
     </span>
     <span class='ocr_line' id='line_1_10' title="bbox 85 1000 1010 1084; baseline 0.001 -22"><span class='ocrx_word' id='word_1_66' title='bbox 85 1002 180 1062; x_wconf 79' lang='lat' dir='ltr'>eliam</span> <span class='ocrx_word' id='word_1_67' title='bbox 202 1003 247 1062; x_wconf 82' lang='lat' dir='ltr'>eiu</span> <span class='ocrx_word' id='word_1_68' title='bbox 257 1000 447 1080; x_wconf 77' lang='lat' dir='ltr'>responderi,</span> <span class='ocrx_word' id='word_1_69' title='bbox 469 1007 572 1082; x_wconf 84' lang='lat' dir='ltr'>puteat</span> <span class='ocrx_word' id='word_1_70' title='bbox 584 1001 804 1063; x_wconf 69' lang='lat' dir='ltr'>literalitereio</span> <span class='ocrx_word' id='word_1_71' title='bbox 817 1002 886 1080; x_wconf 84' lang='lat' dir='ltr'>diei,</span> <span class='ocrx_word' id='word_1_72' title='bbox 907 1009 1010 1084; x_wconf 86' lang='lat' dir='ltr'>potest</span> 
     </span>
     <span class='ocr_line' id='line_1_11' title="bbox 87 1083 1009 1165; baseline 0 -21"><span class='ocrx_word' id='word_1_73' title='bbox 87 1088 219 1165; x_wconf 82' lang='lat' dir='ltr'>myetiee</span> <span class='ocrx_word' id='word_1_74' title='bbox 240 1086 285 1146; x_wconf 84' lang='lat' dir='ltr'>eie</span> <span class='ocrx_word' id='word_1_75' title='bbox 305 1083 373 1145; x_wconf 87' lang='lat' dir='ltr'>diei.</span> <span class='ocrx_word' id='word_1_76' title='bbox 415 1084 503 1144; x_wconf 87' lang='lat' dir='ltr'>Tulle</span> <span class='ocrx_word' id='word_1_77' title='bbox 525 1084 601 1165; x_wconf 89' lang='lat' dir='ltr'>hoo,</span> <span class='ocrx_word' id='word_1_78' title='bbox 634 1091 751 1164; x_wconf 83' lang='lat' dir='ltr'>potest,</span> <span class='ocrx_word' id='word_1_79' title='bbox 773 1087 814 1146; x_wconf 89' lang='lat' dir='ltr'>mi</span> <span class='ocrx_word' id='word_1_80' title='bbox 836 1085 1009 1162; x_wconf 75' lang='lat' dir='ltr'>catharine,</span> 
     </span>
     <span class='ocr_line' id='line_1_12' title="bbox 86 1166 1010 1248; baseline 0.001 -21"><span class='ocrx_word' id='word_1_81' title='bbox 86 1167 167 1229; x_wconf 85' lang='lat' dir='ltr'>haee</span> <span class='ocrx_word' id='word_1_82' title='bbox 188 1169 293 1228; x_wconf 84' lang='lat' dir='ltr'>omnia</span> <span class='ocrx_word' id='word_1_83' title='bbox 308 1175 378 1228; x_wconf 82' lang='lat' dir='ltr'>nunt</span> <span class='ocrx_word' id='word_1_84' title='bbox 400 1175 580 1248; x_wconf 87' lang='lat' dir='ltr'>argumenta</span> <span class='ocrx_word' id='word_1_85' title='bbox 601 1166 756 1243; x_wconf 79' lang='lat' dir='ltr'>falsitatis,</span> <span class='ocrx_word' id='word_1_86' title='bbox 779 1175 809 1229; x_wconf 87' lang='lat' dir='ltr'>et</span> <span class='ocrx_word' id='word_1_87' title='bbox 831 1187 915 1231; x_wconf 86' lang='lat' dir='ltr'>mera</span> <span class='ocrx_word' id='word_1_88' title='bbox 937 1169 1010 1230; x_wconf 82' lang='lat' dir='ltr'>effu-</span> 
     </span>
     <span class='ocr_line' id='line_1_13' title="bbox 86 1250 1008 1331; baseline -0.001 -20"><span class='ocrx_word' id='word_1_89' title='bbox 86 1252 160 1330; x_wconf 83' lang='lat' dir='ltr'>gia,</span> <span class='ocrx_word' id='word_1_90' title='bbox 186 1259 216 1311; x_wconf 92' lang='lat' dir='ltr'>et</span> <span class='ocrx_word' id='word_1_91' title='bbox 237 1250 328 1331; x_wconf 86' lang='lat' dir='ltr'>plene</span> <span class='ocrx_word' id='word_1_92' title='bbox 350 1250 462 1311; x_wconf 84' lang='lat' dir='ltr'>roboro</span> <span class='ocrx_word' id='word_1_93' title='bbox 496 1269 583 1310; x_wconf 89' lang='lat' dir='ltr'>meae</span> <span class='ocrx_word' id='word_1_94' title='bbox 605 1253 790 1329; x_wconf 78' lang='lat' dir='ltr'>sententiae,</span> <span class='ocrx_word' id='word_1_95' title='bbox 824 1253 896 1313; x_wconf 90' lang='lat' dir='ltr'>hino</span> <span class='ocrx_word' id='word_1_96' title='bbox 928 1253 1008 1312; x_wconf 87' lang='lat' dir='ltr'>enim</span> 
     </span>
     <span class='ocr_line' id='line_1_14' title="bbox 86 1334 1010 1414; baseline 0.001 -21"><span class='ocrx_word' id='word_1_97' title='bbox 86 1353 181 1414; x_wconf 78' lang='lat' dir='ltr'>nuper</span> <span class='ocrx_word' id='word_1_98' title='bbox 203 1337 311 1394; x_wconf 84' lang='lat' dir='ltr'>arietes</span> <span class='ocrx_word' id='word_1_99' title='bbox 333 1334 475 1394; x_wconf 74' lang='lat' dir='ltr'>incedere</span> <span class='ocrx_word' id='word_1_100' title='bbox 497 1335 650 1414; x_wconf 74' lang='lat' dir='ltr'>argueris,</span> <span class='ocrx_word' id='word_1_101' title='bbox 681 1343 712 1406; x_wconf 82' lang='lat' dir='ltr'>et</span> <span class='ocrx_word' id='word_1_102' title='bbox 740 1336 844 1397; x_wconf 87' lang='lat' dir='ltr'>omnia</span> <span class='ocrx_word' id='word_1_103' title='bbox 863 1336 894 1395; x_wconf 89' lang='lat' dir='ltr'>in</span> <span class='ocrx_word' id='word_1_104' title='bbox 918 1334 1010 1395; x_wconf 84' lang='lat' dir='ltr'>dubie</span> 
     </span>
     <span class='ocr_line' id='line_1_15' title="bbox 88 1416 1009 1494; baseline 0 -18"><span class='ocrx_word' id='word_1_105' title='bbox 88 1425 221 1481; x_wconf 82' lang='lat' dir='ltr'>vertere.</span> <span class='ocrx_word' id='word_1_106' title='bbox 264 1416 324 1478; x_wconf 80' lang='lat' dir='ltr'>Sed</span> <span class='ocrx_word' id='word_1_107' title='bbox 347 1417 392 1476; x_wconf 87' lang='lat' dir='ltr'>eie</span> <span class='ocrx_word' id='word_1_108' title='bbox 414 1417 521 1478; x_wconf 90' lang='lat' dir='ltr'>dioito:</span> <span class='ocrx_word' id='word_1_109' title='bbox 551 1417 619 1478; x_wconf 89' lang='lat' dir='ltr'>Hoe</span> <span class='ocrx_word' id='word_1_110' title='bbox 641 1417 700 1494; x_wconf 85' lang='lat' dir='ltr'>eie,</span> <span class='ocrx_word' id='word_1_111' title='bbox 723 1424 755 1478; x_wconf 91' lang='lat' dir='ltr'>et</span> <span class='ocrx_word' id='word_1_112' title='bbox 774 1436 836 1479; x_wconf 90' lang='lat' dir='ltr'>non</span> <span class='ocrx_word' id='word_1_113' title='bbox 860 1417 946 1479; x_wconf 89' lang='lat' dir='ltr'>aliter</span> <span class='ocrx_word' id='word_1_114' title='bbox 967 1419 1009 1476; x_wconf 87' lang='lat' dir='ltr'>iu-</span> 
     </span>
     <span class='ocr_line' id='line_1_16' title="bbox 86 1499 1010 1581; baseline 0.002 -23"><span class='ocrx_word' id='word_1_115' title='bbox 86 1499 185 1581; x_wconf 88' lang='lat' dir='ltr'>telligi</span> <span class='ocrx_word' id='word_1_116' title='bbox 208 1499 308 1576; x_wconf 90' lang='lat' dir='ltr'>debet,</span> <span class='ocrx_word' id='word_1_117' title='bbox 331 1508 364 1559; x_wconf 90' lang='lat' dir='ltr'>ut</span> <span class='ocrx_word' id='word_1_118' title='bbox 385 1500 494 1561; x_wconf 82' lang='lat' dir='ltr'>efferae</span> <span class='ocrx_word' id='word_1_119' title='bbox 519 1519 610 1560; x_wconf 87' lang='lat' dir='ltr'>unum</span> <span class='ocrx_word' id='word_1_120' title='bbox 625 1507 816 1561; x_wconf 82' lang='lat' dir='ltr'>eouetantem</span> <span class='ocrx_word' id='word_1_121' title='bbox 829 1501 1010 1581; x_wconf 76' lang='lat' dir='ltr'>simplicem-</span> 
     </span>
     <span class='ocr_line' id='line_1_17' title="bbox 86 1582 1010 1664; baseline -0.001 -20"><span class='ocrx_word' id='word_1_122' title='bbox 86 1601 149 1662; x_wconf 86' lang='lat' dir='ltr'>que</span> <span class='ocrx_word' id='word_1_123' title='bbox 170 1601 293 1643; x_wconf 81' lang='lat' dir='ltr'>aeneum</span> <span class='ocrx_word' id='word_1_124' title='bbox 314 1582 501 1662; x_wconf 80' lang='lat' dir='ltr'>Scripturae,</span> <span class='ocrx_word' id='word_1_125' title='bbox 523 1585 603 1643; x_wconf 89' lang='lat' dir='ltr'>eiout</span> <span class='ocrx_word' id='word_1_126' title='bbox 623 1602 682 1662; x_wconf 87' lang='lat' dir='ltr'>ego</span> <span class='ocrx_word' id='word_1_127' title='bbox 704 1583 784 1646; x_wconf 84' lang='lat' dir='ltr'>lenio</span> <span class='ocrx_word' id='word_1_128' title='bbox 806 1591 837 1644; x_wconf 86' lang='lat' dir='ltr'>et</span> <span class='ocrx_word' id='word_1_129' title='bbox 860 1585 928 1664; x_wconf 85' lang='lat' dir='ltr'>leel,</span> <span class='ocrx_word' id='word_1_130' title='bbox 949 1583 1010 1644; x_wconf 87' lang='lat' dir='ltr'>hoe</span> 
     </span>
     <span class='ocr_line' id='line_1_18' title="bbox 86 1665 1009 1746; baseline -0.001 -20"><span class='ocrx_word' id='word_1_131' title='bbox 86 1673 136 1726; x_wconf 84' lang='lat' dir='ltr'>eet</span> <span class='ocrx_word' id='word_1_132' title='bbox 159 1667 239 1726; x_wconf 88' lang='lat' dir='ltr'>enim</span> <span class='ocrx_word' id='word_1_133' title='bbox 262 1665 409 1746; x_wconf 75' lang='lat' dir='ltr'>theologi,</span> <span class='ocrx_word' id='word_1_134' title='bbox 432 1667 511 1726; x_wconf 86' lang='lat' dir='ltr'>eiout</span> <span class='ocrx_word' id='word_1_135' title='bbox 531 1665 606 1726; x_wconf 92' lang='lat' dir='ltr'>illud</span> <span class='ocrx_word' id='word_1_136' title='bbox 619 1665 791 1745; x_wconf 72' lang='lat' dir='ltr'>sophistae.</span> <span class='ocrx_word' id='word_1_137' title='bbox 835 1667 901 1728; x_wconf 82' lang='lat' dir='ltr'>Seis</span> <span class='ocrx_word' id='word_1_138' title='bbox 918 1668 1009 1744; x_wconf 91' lang='lat' dir='ltr'>euim,</span> 
     </span>
     <span class='ocr_line' id='line_1_19' title="bbox 87 1747 1012 1829; baseline 0.001 -20"><span class='ocrx_word' id='word_1_139' title='bbox 87 1749 172 1827; x_wconf 88' lang='lat' dir='ltr'>quod</span> <span class='ocrx_word' id='word_1_140' title='bbox 196 1749 263 1810; x_wconf 82' lang='lat' dir='ltr'>eolo</span> <span class='ocrx_word' id='word_1_141' title='bbox 285 1748 393 1808; x_wconf 83' lang='lat' dir='ltr'>literali</span> <span class='ocrx_word' id='word_1_142' title='bbox 417 1768 507 1809; x_wconf 86' lang='lat' dir='ltr'>eeneu</span> <span class='ocrx_word' id='word_1_143' title='bbox 530 1747 727 1828; x_wconf 85' lang='lat' dir='ltr'>pugnandum</span> <span class='ocrx_word' id='word_1_144' title='bbox 742 1758 798 1825; x_wconf 84' lang='lat' dir='ltr'>est,</span> <span class='ocrx_word' id='word_1_145' title='bbox 819 1752 869 1829; x_wconf 88' lang='lat' dir='ltr'>qni</span> <span class='ocrx_word' id='word_1_146' title='bbox 894 1759 924 1810; x_wconf 84' lang='lat' dir='ltr'>et</span> <span class='ocrx_word' id='word_1_147' title='bbox 946 1752 1012 1810; x_wconf 90' lang='lat' dir='ltr'>uui·</span> 
     </span>
     <span class='ocr_line' id='line_1_20' title="bbox 88 1831 1009 1913; baseline -0.001 -21"><span class='ocrx_word' id='word_1_148' title='bbox 88 1851 144 1892; x_wconf 82' lang='lat' dir='ltr'>eus</span> <span class='ocrx_word' id='word_1_149' title='bbox 168 1839 214 1891; x_wconf 87' lang='lat' dir='ltr'>eet</span> <span class='ocrx_word' id='word_1_150' title='bbox 235 1851 289 1912; x_wconf 85' lang='lat' dir='ltr'>per</span> <span class='ocrx_word' id='word_1_151' title='bbox 311 1839 406 1892; x_wconf 89' lang='lat' dir='ltr'>totam</span> <span class='ocrx_word' id='word_1_152' title='bbox 420 1831 616 1912; x_wconf 82' lang='lat' dir='ltr'>Soripturam.</span> <span class='ocrx_word' id='word_1_153' title='bbox 659 1831 741 1893; x_wconf 88' lang='lat' dir='ltr'>Nihil</span> <span class='ocrx_word' id='word_1_154' title='bbox 755 1832 915 1913; x_wconf 74' lang='lat' dir='ltr'>Origenes,</span> <span class='ocrx_word' id='word_1_155' title='bbox 937 1832 1009 1893; x_wconf 86' lang='lat' dir='ltr'>nihil</span> 
     </span>
     <span class='ocr_line' id='line_1_21' title="bbox 87 1914 1009 1995; baseline -0.001 -20"><span class='ocrx_word' id='word_1_156' title='bbox 87 1914 304 1995; x_wconf 72' lang='lat' dir='ltr'>Hieronymus,</span> <span class='ocrx_word' id='word_1_157' title='bbox 319 1915 390 1974; x_wconf 90' lang='lat' dir='ltr'>nihil</span> <span class='ocrx_word' id='word_1_158' title='bbox 405 1933 523 1994; x_wconf 76' lang='lat' dir='ltr'>omnen,</span> <span class='ocrx_word' id='word_1_159' title='bbox 545 1916 596 1994; x_wconf 87' lang='lat' dir='ltr'>qui</span> <span class='ocrx_word' id='word_1_160' title='bbox 608 1914 709 1995; x_wconf 86' lang='lat' dir='ltr'>pluree</span> <span class='ocrx_word' id='word_1_161' title='bbox 731 1935 839 1976; x_wconf 83' lang='lat' dir='ltr'>senene</span> <span class='ocrx_word' id='word_1_162' title='bbox 851 1915 1009 1993; x_wconf 86' lang='lat' dir='ltr'>dederuut,</span> 
     </span>
     <span class='ocr_line' id='line_1_22' title="bbox 88 1996 690 2079; baseline 0.005 -23"><span class='ocrx_word' id='word_1_163' title='bbox 88 1997 206 2059; x_wconf 77' lang='lat' dir='ltr'>docent.</span> <span class='ocrx_word' id='word_1_164' title='bbox 226 1996 359 2076; x_wconf 88' lang='lat' dir='ltr'>quidem,</span> <span class='ocrx_word' id='word_1_165' title='bbox 381 1997 435 2058; x_wconf 85' lang='lat' dir='ltr'>aed</span> <span class='ocrx_word' id='word_1_166' title='bbox 458 2017 518 2059; x_wconf 92' lang='lat' dir='ltr'>non</span> <span class='ocrx_word' id='word_1_167' title='bbox 541 2002 690 2079; x_wconf 83' lang='lat' dir='ltr'>pugnant.</span> 
     </span>
    </p>

    <p class='ocr_par' dir='ltr' id='par_1_3' title="bbox 169 2079 1008 2162">
     <span class='ocr_line' id='line_1_23' title="bbox 169 2079 1008 2162; baseline -0.002 -22"><span class='ocrx_word' id='word_1_168' title='bbox 169 2081 211 2140; x_wconf 83' lang='lat' dir='ltr'>At</span> <span class='ocrx_word' id='word_1_169' title='bbox 226 2079 325 2140; x_wconf 81' lang='lat' dir='ltr'>dines:</span> <span class='ocrx_word' id='word_1_170' title='bbox 348 2080 515 2142; x_wconf 81' lang='lat' dir='ltr'>Erraeeene</span> <span class='ocrx_word' id='word_1_171' title='bbox 529 2099 603 2162; x_wconf 86' lang='lat' dir='ltr'>ergo</span> <span class='ocrx_word' id='word_1_172' title='bbox 617 2087 663 2142; x_wconf 88' lang='lat' dir='ltr'>tot</span> <span class='ocrx_word' id='word_1_173' title='bbox 674 2081 779 2142; x_wconf 78' lang='lat' dir='ltr'>Patres</span> <span class='ocrx_word' id='word_1_174' title='bbox 792 2079 1008 2142; x_wconf 80' lang='lat' dir='ltr'>confiteberis?</span> 
     </span>
    </p>
   </div>
   <div class='ocr_carea' id='block_1_3' title="bbox 87 2157 1114 2244">
    <p class='ocr_par' dir='ltr' id='par_1_4' title="bbox 87 2157 1114 2244">
     <span class='ocr_line' id='line_1_24' title="bbox 87 2157 1114 2244; baseline -0.001 -20"><span class='ocrx_word' id='word_1_175' title='bbox 87 2163 216 2224; x_wconf 77' lang='lat' dir='ltr'>lllrreeee</span> <span class='ocrx_word' id='word_1_176' title='bbox 239 2157 593 2244; x_wconf 76' lang='lat' dir='ltr'>nonfileor&#39;eaepisrime,</span> <span class='ocrx_word' id='word_1_177' title='bbox 615 2165 805 2240; x_wconf 84' lang='lat' dir='ltr'>uthominee,</span> <span class='ocrx_word' id='word_1_178' title='bbox 828 2171 858 2224; x_wconf 90' lang='lat' dir='ltr'>et</span> <span class='ocrx_word' id='word_1_179' title='bbox 878 2165 1008 2244; x_wconf 84' lang='lat' dir='ltr'>ignoeeo</span> <span class='ocrx_word' id='word_1_180' title='bbox 1112 2157 1114 2166; x_wconf 75' lang='grc'>’</span> 
     </span>
    </p>
   </div>
   <div class='ocr_carea' id='block_1_4' title="bbox 84 2245 1010 3735">
    <p class='ocr_par' dir='ltr' id='par_1_5' title="bbox 84 2245 1010 3237">
     <span class='ocr_line' id='line_1_25' title="bbox 86 2245 1009 2326; baseline 0 -20"><span class='ocrx_word' id='word_1_181' title='bbox 86 2246 283 2326; x_wconf 71' lang='lat' dir='ltr'>prudensque</span> <span class='ocrx_word' id='word_1_182' title='bbox 305 2245 436 2308; x_wconf 86' lang='lat' dir='ltr'>deeliuo.</span> <span class='ocrx_word' id='word_1_183' title='bbox 479 2247 544 2308; x_wconf 85' lang='lat' dir='ltr'>Voe</span> <span class='ocrx_word' id='word_1_184' title='bbox 567 2253 668 2307; x_wconf 80' lang='lat' dir='ltr'>aulem</span> <span class='ocrx_word' id='word_1_185' title='bbox 691 2249 769 2309; x_wconf 84' lang='lat' dir='ltr'>siout</span> <span class='ocrx_word' id='word_1_186' title='bbox 790 2245 934 2307; x_wconf 88' lang='lat' dir='ltr'>animalia</span> <span class='ocrx_word' id='word_1_187' title='bbox 955 2247 1009 2306; x_wconf 91' lang='lat' dir='ltr'>im·</span> 
     </span>
     <span class='ocr_line' id='line_1_26' title="bbox 87 2327 1009 2410; baseline -0.001 -21"><span class='ocrx_word' id='word_1_188' title='bbox 87 2329 201 2389; x_wconf 90' lang='lat' dir='ltr'>munda</span> <span class='ocrx_word' id='word_1_189' title='bbox 230 2330 296 2390; x_wconf 84' lang='lat' dir='ltr'>eine</span> <span class='ocrx_word' id='word_1_190' title='bbox 325 2327 397 2389; x_wconf 77' lang='lat' dir='ltr'>liena</span> <span class='ocrx_word' id='word_1_191' title='bbox 430 2329 560 2410; x_wconf 90' lang='lat' dir='ltr'>ungula,</span> <span class='ocrx_word' id='word_1_192' title='bbox 596 2331 660 2390; x_wconf 86' lang='lat' dir='ltr'>eine</span> <span class='ocrx_word' id='word_1_193' title='bbox 697 2331 868 2391; x_wconf 70' lang='lat' dir='ltr'>ruminante</span> <span class='ocrx_word' id='word_1_194' title='bbox 896 2328 1009 2408; x_wconf 87' lang='lat' dir='ltr'>lingua,</span> 
     </span>
     <span class='ocr_line' id='line_1_27' title="bbox 87 2411 1009 2492; baseline -0.001 -20"><span class='ocrx_word' id='word_1_195' title='bbox 87 2413 193 2473; x_wconf 80' lang='lat' dir='ltr'>omnia</span> <span class='ocrx_word' id='word_1_196' title='bbox 209 2411 383 2492; x_wconf 78' lang='lat' dir='ltr'>glutientes,</span> <span class='ocrx_word' id='word_1_197' title='bbox 405 2411 487 2492; x_wconf 88' lang='lat' dir='ltr'>qnod</span> <span class='ocrx_word' id='word_1_198' title='bbox 510 2412 553 2472; x_wconf 88' lang='lat' dir='ltr'>illi</span> <span class='ocrx_word' id='word_1_199' title='bbox 567 2411 718 2484; x_wconf 75' lang='lat' dir='ltr'>Catholici</span> <span class='ocrx_word' id='word_1_200' title='bbox 731 2420 915 2490; x_wconf 84' lang='lat' dir='ltr'>erraverunt,</span> <span class='ocrx_word' id='word_1_201' title='bbox 937 2412 1009 2472; x_wconf 86' lang='lat' dir='ltr'>hae-</span> 
     </span>
     <span class='ocr_line' id='line_1_28' title="bbox 84 2493 1009 2570; baseline -0.002 -16"><span class='ocrx_word' id='word_1_202' title='bbox 84 2495 181 2556; x_wconf 85' lang='lat' dir='ltr'>retioe</span> <span class='ocrx_word' id='word_1_203' title='bbox 203 2493 330 2555; x_wconf 86' lang='lat' dir='ltr'>dooetie.</span> <span class='ocrx_word' id='word_1_204' title='bbox 373 2495 465 2556; x_wconf 77' lang='lat' dir='ltr'>Error</span> <span class='ocrx_word' id='word_1_205' title='bbox 486 2513 548 2556; x_wconf 90' lang='lat' dir='ltr'>nou</span> <span class='ocrx_word' id='word_1_206' title='bbox 570 2495 642 2556; x_wconf 82' lang='lat' dir='ltr'>lauit</span> <span class='ocrx_word' id='word_1_207' title='bbox 664 2495 851 2570; x_wconf 77' lang='lat' dir='ltr'>haereticos,</span> <span class='ocrx_word' id='word_1_208' title='bbox 881 2494 935 2555; x_wconf 87' lang='lat' dir='ltr'>eed</span> <span class='ocrx_word' id='word_1_209' title='bbox 958 2493 1009 2553; x_wconf 92' lang='lat' dir='ltr'>de·</span> 
     </span>
     <span class='ocr_line' id='line_1_29' title="bbox 85 2578 1007 2657; baseline -0.002 -19"><span class='ocrx_word' id='word_1_210' title='bbox 85 2578 186 2638; x_wconf 81' lang='lat' dir='ltr'>feneio</span> <span class='ocrx_word' id='word_1_211' title='bbox 210 2583 242 2638; x_wconf 89' lang='lat' dir='ltr'>et</span> <span class='ocrx_word' id='word_1_212' title='bbox 261 2578 430 2657; x_wconf 78' lang='lat' dir='ltr'>pertinenia</span> <span class='ocrx_word' id='word_1_213' title='bbox 452 2579 572 2640; x_wconf 76' lang='lat' dir='ltr'>erroris.</span> <span class='ocrx_word' id='word_1_214' title='bbox 615 2578 717 2657; x_wconf 83' lang='lat' dir='ltr'>Atque</span> <span class='ocrx_word' id='word_1_215' title='bbox 728 2579 779 2638; x_wconf 88' lang='lat' dir='ltr'>hio</span> <span class='ocrx_word' id='word_1_216' title='bbox 789 2579 910 2638; x_wconf 88' lang='lat' dir='ltr'>unieum</span> <span class='ocrx_word' id='word_1_217' title='bbox 924 2588 1007 2638; x_wconf 86' lang='lat' dir='ltr'>tunm</span> 
     </span>
     <span class='ocr_line' id='line_1_30' title="bbox 84 2659 1009 2742; baseline -0.001 -22"><span class='ocrx_word' id='word_1_218' title='bbox 84 2661 315 2722; x_wconf 76' lang='lat' dir='ltr'>tundamentum</span> <span class='ocrx_word' id='word_1_219' title='bbox 338 2661 412 2737; x_wconf 89' lang='lat' dir='ltr'>ruit,</span> <span class='ocrx_word' id='word_1_220' title='bbox 445 2659 495 2737; x_wconf 86' lang='lat' dir='ltr'>qui</span> <span class='ocrx_word' id='word_1_221' title='bbox 530 2663 628 2740; x_wconf 82' lang='lat' dir='ltr'>magia</span> <span class='ocrx_word' id='word_1_222' title='bbox 660 2679 751 2742; x_wconf 75' lang='lat' dir='ltr'>nuper</span> <span class='ocrx_word' id='word_1_223' title='bbox 773 2661 894 2722; x_wconf 84' lang='lat' dir='ltr'>Petrum</span> <span class='ocrx_word' id='word_1_224' title='bbox 918 2660 1009 2735; x_wconf 88' lang='lat' dir='ltr'>diota,</span> 
     </span>
     <span class='ocr_line' id='line_1_31' title="bbox 86 2741 1010 2824; baseline -0.003 -19"><span class='ocrx_word' id='word_1_225' title='bbox 86 2761 179 2823; x_wconf 77' lang='lat' dir='ltr'>quam</span> <span class='ocrx_word' id='word_1_226' title='bbox 205 2761 296 2824; x_wconf 85' lang='lat' dir='ltr'>euper</span> <span class='ocrx_word' id='word_1_227' title='bbox 318 2741 410 2804; x_wconf 82' lang='lat' dir='ltr'>verbe</span> <span class='ocrx_word' id='word_1_228' title='bbox 431 2743 541 2804; x_wconf 76' lang='lat' dir='ltr'>Christi</span> <span class='ocrx_word' id='word_1_229' title='bbox 565 2745 684 2821; x_wconf 79' lang='lat' dir='ltr'>niteris,</span> <span class='ocrx_word' id='word_1_230' title='bbox 718 2761 775 2804; x_wconf 88' lang='lat' dir='ltr'>neo</span> <span class='ocrx_word' id='word_1_231' title='bbox 802 2742 934 2805; x_wconf 77' lang='lat' dir='ltr'>alienia</span> <span class='ocrx_word' id='word_1_232' title='bbox 956 2761 1010 2802; x_wconf 81' lang='lat' dir='ltr'>eor</span> 
     </span>
     <span class='ocr_line' id='line_1_32' title="bbox 86 2825 1009 2905; baseline -0.003 -17"><span class='ocrx_word' id='word_1_233' title='bbox 86 2827 197 2901; x_wconf 82' lang='lat' dir='ltr'>tueris,</span> <span class='ocrx_word' id='word_1_234' title='bbox 232 2843 322 2905; x_wconf 83' lang='lat' dir='ltr'>qnam</span> <span class='ocrx_word' id='word_1_235' title='bbox 346 2833 378 2886; x_wconf 85' lang='lat' dir='ltr'>ul</span> <span class='ocrx_word' id='word_1_236' title='bbox 400 2826 588 2887; x_wconf 81' lang='lat' dir='ltr'>Themistioo</span> <span class='ocrx_word' id='word_1_237' title='bbox 612 2843 697 2888; x_wconf 86' lang='lat' dir='ltr'>more</span> <span class='ocrx_word' id='word_1_238' title='bbox 735 2825 773 2886; x_wconf 87' lang='lat' dir='ltr'>ad</span> <span class='ocrx_word' id='word_1_239' title='bbox 796 2828 937 2886; x_wconf 81' lang='lat' dir='ltr'>miserum</span> <span class='ocrx_word' id='word_1_240' title='bbox 960 2843 1009 2885; x_wconf 91' lang='lat' dir='ltr'>ae·</span> 
     </span>
     <span class='ocr_line' id='line_1_33' title="bbox 86 2907 1007 2989; baseline 0 -21"><span class='ocrx_word' id='word_1_241' title='bbox 86 2909 318 2989; x_wconf 86' lang='lat' dir='ltr'>quivooationie·</span> <span class='ocrx_word' id='word_1_242' title='bbox 334 2907 393 2969; x_wconf 84' lang='lat' dir='ltr'>effu</span> <span class='ocrx_word' id='word_1_243' title='bbox 417 2909 477 2968; x_wconf 89' lang='lat' dir='ltr'>iurn</span> <span class='ocrx_word' id='word_1_244' title='bbox 499 2910 638 2987; x_wconf 85' lang='lat' dir='ltr'>reenrrie,</span> <span class='ocrx_word' id='word_1_245' title='bbox 660 2909 858 2989; x_wconf 85' lang='lat' dir='ltr'>quodtemen</span> <span class='ocrx_word' id='word_1_246' title='bbox 880 2908 918 2968; x_wconf 94' lang='lat' dir='ltr'>de</span> <span class='ocrx_word' id='word_1_247' title='bbox 941 2908 1007 2968; x_wconf 84' lang='lat' dir='ltr'>solo</span> 
     </span>
     <span class='ocr_line' id='line_1_34' title="bbox 87 2928 1009 3071; baseline -0.002 -19"><span class='ocrx_word' id='word_1_248' title='bbox 87 2991 214 3052; x_wconf 86' lang='lat' dir='ltr'>oerehro</span> <span class='ocrx_word' id='word_1_249' title='bbox 237 2990 326 3071; x_wconf 79' lang='lat' dir='ltr'>fingis</span> <span class='ocrx_word' id='word_1_250' title='bbox 349 2928 548 3051; x_wconf 71' lang='lat' dir='ltr'>nudissimum</span> <span class='ocrx_word' id='word_1_251' title='bbox 572 3000 602 3052; x_wconf 86' lang='lat' dir='ltr'>et</span> <span class='ocrx_word' id='word_1_252' title='bbox 622 2994 753 3071; x_wconf 87' lang='lat' dir='ltr'>inerme,</span> <span class='ocrx_word' id='word_1_253' title='bbox 786 3010 854 3052; x_wconf 92' lang='lat' dir='ltr'>oum</span> <span class='ocrx_word' id='word_1_254' title='bbox 885 3011 934 3051; x_wconf 89' lang='lat' dir='ltr'>me</span> <span class='ocrx_word' id='word_1_255' title='bbox 958 3010 1009 3051; x_wconf 86' lang='lat' dir='ltr'>au·</span> 
     </span>
     <span class='ocr_line' id='line_1_35' title="bbox 88 3072 1010 3154; baseline 0 -20"><span class='ocrx_word' id='word_1_256' title='bbox 88 3074 154 3134; x_wconf 84' lang='lat' dir='ltr'>diae</span> <span class='ocrx_word' id='word_1_257' title='bbox 176 3075 325 3136; x_wconf 89' lang='lat' dir='ltr'>rationem</span> <span class='ocrx_word' id='word_1_258' title='bbox 340 3081 370 3134; x_wconf 92' lang='lat' dir='ltr'>et</span> <span class='ocrx_word' id='word_1_259' title='bbox 381 3072 550 3154; x_wconf 77' lang='lat' dir='ltr'>Scripturas</span> <span class='ocrx_word' id='word_1_260' title='bbox 565 3081 680 3154; x_wconf 85' lang='lat' dir='ltr'>petere,</span> <span class='ocrx_word' id='word_1_261' title='bbox 701 3076 763 3136; x_wconf 85' lang='lat' dir='ltr'>imo</span> <span class='ocrx_word' id='word_1_262' title='bbox 785 3075 906 3136; x_wconf 83' lang='lat' dir='ltr'>Petrum</span> <span class='ocrx_word' id='word_1_263' title='bbox 930 3076 1010 3134; x_wconf 86' lang='lat' dir='ltr'>dieta</span> 
     </span>
     <span class='ocr_line' id='line_1_36' title="bbox 88 3157 843 3237; baseline 0.007 -23"><span class='ocrx_word' id='word_1_264' title='bbox 88 3176 160 3218; x_wconf 82' lang='lat' dir='ltr'>vern</span> <span class='ocrx_word' id='word_1_265' title='bbox 182 3157 295 3237; x_wconf 81' lang='lat' dir='ltr'>premia</span> <span class='ocrx_word' id='word_1_266' title='bbox 317 3165 348 3217; x_wconf 93' lang='lat' dir='ltr'>et</span> <span class='ocrx_word' id='word_1_267' title='bbox 368 3176 496 3218; x_wconf 80' lang='lat' dir='ltr'>erronee</span> <span class='ocrx_word' id='word_1_268' title='bbox 518 3158 664 3235; x_wconf 77' lang='lat' dir='ltr'>annuitur,</span> <span class='ocrx_word' id='word_1_269' title='bbox 687 3157 767 3218; x_wconf 88' lang='lat' dir='ltr'>bone</span> <span class='ocrx_word' id='word_1_270' title='bbox 788 3159 843 3219; x_wconf 84' lang='lat' dir='ltr'>vir.</span> 
     </span>
    </p>

    <p class='ocr_par' dir='ltr' id='par_1_6' title="bbox 88 3238 1008 3735">
     <span class='ocr_line' id='line_1_37' title="bbox 169 3238 1007 3320; baseline -0.005 -20"><span class='ocrx_word' id='word_1_271' title='bbox 169 3239 233 3300; x_wconf 87' lang='lat' dir='ltr'>lam</span> <span class='ocrx_word' id='word_1_272' title='bbox 255 3258 346 3318; x_wconf 85' lang='lat' dir='ltr'>quem</span> <span class='ocrx_word' id='word_1_273' title='bbox 359 3240 482 3320; x_wconf 84' lang='lat' dir='ltr'>egregie</span> <span class='ocrx_word' id='word_1_274' title='bbox 504 3240 644 3319; x_wconf 81' lang='lat' dir='ltr'>teipsum</span> <span class='ocrx_word' id='word_1_275' title='bbox 669 3241 754 3320; x_wconf 82' lang='lat' dir='ltr'>oapie</span> <span class='ocrx_word' id='word_1_276' title='bbox 775 3241 805 3300; x_wconf 94' lang='lat' dir='ltr'>in</span> <span class='ocrx_word' id='word_1_277' title='bbox 831 3238 923 3300; x_wconf 86' lang='lat' dir='ltr'>verbo</span> <span class='ocrx_word' id='word_1_278' title='bbox 947 3239 1007 3299; x_wconf 79' lang='lat' dir='ltr'>orie</span> 
     </span>
     <span class='ocr_line' id='line_1_38' title="bbox 88 3320 1007 3403; baseline -0.001 -21"><span class='ocrx_word' id='word_1_279' title='bbox 88 3322 140 3399; x_wconf 86' lang='lat' dir='ltr'>tui,</span> <span class='ocrx_word' id='word_1_280' title='bbox 164 3322 217 3402; x_wconf 90' lang='lat' dir='ltr'>qui</span> <span class='ocrx_word' id='word_1_281' title='bbox 237 3321 327 3382; x_wconf 81' lang='lat' dir='ltr'>Petro</span> <span class='ocrx_word' id='word_1_282' title='bbox 350 3322 455 3384; x_wconf 84' lang='lat' dir='ltr'>ldallh.</span> <span class='ocrx_word' id='word_1_283' title='bbox 480 3325 527 3388; x_wconf 89' lang='lat'>16.</span> <span class='ocrx_word' id='word_1_284' title='bbox 548 3323 731 3403; x_wconf 74' lang='lat' dir='ltr'>promissae,</span> <span class='ocrx_word' id='word_1_285' title='bbox 754 3342 816 3384; x_wconf 91' lang='lat' dir='ltr'>non</span> <span class='ocrx_word' id='word_1_286' title='bbox 839 3321 925 3384; x_wconf 82' lang='lat' dir='ltr'>datae</span> <span class='ocrx_word' id='word_1_287' title='bbox 948 3320 1007 3381; x_wconf 87' lang='lat' dir='ltr'>ela·</span> 
     </span>
     <span class='ocr_line' id='line_1_39' title="bbox 88 3403 1008 3486; baseline 0 -24"><span class='ocrx_word' id='word_1_288' title='bbox 88 3423 142 3465; x_wconf 82' lang='lat' dir='ltr'>ree</span> <span class='ocrx_word' id='word_1_289' title='bbox 169 3404 302 3465; x_wconf 77' lang='lat' dir='ltr'>asserir?</span> <span class='ocrx_word' id='word_1_290' title='bbox 334 3404 452 3466; x_wconf 86' lang='lat' dir='ltr'>Deinde</span> <span class='ocrx_word' id='word_1_291' title='bbox 479 3403 567 3465; x_wconf 80' lang='lat' dir='ltr'>datae</span> <span class='ocrx_word' id='word_1_292' title='bbox 589 3424 651 3467; x_wconf 91' lang='lat' dir='ltr'>nou</span> <span class='ocrx_word' id='word_1_293' title='bbox 673 3406 733 3466; x_wconf 83' lang='lat' dir='ltr'>alia</span> <span class='ocrx_word' id='word_1_294' title='bbox 755 3405 867 3486; x_wconf 81' lang='lat' dir='ltr'>probae</span> <span class='ocrx_word' id='word_1_295' title='bbox 890 3403 1008 3480; x_wconf 84' lang='lat' dir='ltr'>virtute,</span> 
     </span>
     <span class='ocr_line' id='line_1_40' title="bbox 88 3486 1006 3572; baseline -0.005 -26"><span class='ocrx_word' id='word_1_296' title='bbox 88 3505 179 3567; x_wconf 83' lang='lat' dir='ltr'>quem</span> <span class='ocrx_word' id='word_1_297' title='bbox 203 3486 286 3566; x_wconf 90' lang='lat' dir='ltr'>quod</span> <span class='ocrx_word' id='word_1_298' title='bbox 308 3487 446 3547; x_wconf 74' lang='lat' dir='ltr'>Christus</span> <span class='ocrx_word' id='word_1_299' title='bbox 458 3507 552 3548; x_wconf 83' lang='lat' dir='ltr'>verax</span> <span class='ocrx_word' id='word_1_300' title='bbox 571 3488 743 3572; x_wconf 86' lang='lat' dir='ltr'>impleverit</span> <span class='ocrx_word' id='word_1_301' title='bbox 763 3487 1006 3568; x_wconf 80' lang='lat' dir='ltr'>promissionem.</span> 
     </span>
     <span class='ocr_line' id='line_1_41' title="bbox 89 3569 1008 3651; baseline -0.004 -21"><span class='ocrx_word' id='word_1_302' title='bbox 89 3569 188 3646; x_wconf 78' lang='lat' dir='ltr'>Audi,</span> <span class='ocrx_word' id='word_1_303' title='bbox 220 3571 261 3630; x_wconf 89' lang='lat' dir='ltr'>mi</span> <span class='ocrx_word' id='word_1_304' title='bbox 283 3570 462 3646; x_wconf 75' lang='lat' dir='ltr'>catharine,</span> <span class='ocrx_word' id='word_1_305' title='bbox 498 3589 560 3632; x_wconf 90' lang='lat' dir='ltr'>non</span> <span class='ocrx_word' id='word_1_306' title='bbox 589 3571 663 3631; x_wconf 82' lang='lat' dir='ltr'>eatis</span> <span class='ocrx_word' id='word_1_307' title='bbox 693 3578 739 3630; x_wconf 85' lang='lat' dir='ltr'>eet</span> <span class='ocrx_word' id='word_1_308' title='bbox 772 3569 1008 3651; x_wconf 84' lang='lat' dir='ltr'>promissionem</span> 
     </span>
     <span class='ocr_line' id='line_1_42' title="bbox 88 3649 1007 3735; baseline -0.003 -24"><span class='ocrx_word' id='word_1_309' title='bbox 88 3653 120 3714; x_wconf 88' lang='lat' dir='ltr'>in</span> <span class='ocrx_word' id='word_1_310' title='bbox 142 3651 304 3735; x_wconf 78' lang='lat' dir='ltr'>Soripturie</span> <span class='ocrx_word' id='word_1_311' title='bbox 326 3671 396 3714; x_wconf 79' lang='lat' dir='ltr'>erre</span> <span class='ocrx_word' id='word_1_312' title='bbox 417 3653 560 3734; x_wconf 74' lang='lat' dir='ltr'>positam,</span> <span class='ocrx_word' id='word_1_313' title='bbox 581 3653 635 3714; x_wconf 82' lang='lat' dir='ltr'>red</span> <span class='ocrx_word' id='word_1_314' title='bbox 657 3669 785 3714; x_wconf 80' lang='lat' dir='ltr'>neeesse</span> <span class='ocrx_word' id='word_1_315' title='bbox 805 3657 852 3712; x_wconf 79' lang='lat' dir='ltr'>ert</span> <span class='ocrx_word' id='word_1_316' title='bbox 873 3655 905 3712; x_wconf 90' lang='lat' dir='ltr'>et</span> <span class='ocrx_word' id='word_1_317' title='bbox 924 3649 1007 3710; x_wconf 84' lang='lat' dir='ltr'>exhi·</span> 
     </span>
    </p>
   </div>
   <div class='ocr_carea' id='block_1_5' title="bbox 0 0 1132 4006">
    <p class='ocr_par' dir='ltr' id='par_1_7' title="bbox 0 0 1132 4006">
     <span class='ocr_line' id='line_1_43' title="bbox 0 0 1132 4006; baseline 0 0"><span class='ocrx_word' id='word_1_318' title='bbox 0 0 1132 4006; x_wconf 95' lang='lat' dir='ltr'> </span> 
     </span>
    </p>
   </div>
  </div>
 </body>
</html>
