2254 4008
304 193 338 246 D.
357 192 391 246 ll.
411 193 489 248 Lutln
508 192 692 248 Praeludium.
923 191 964 256 19

9 381 10 424 3
56 365 111 405 sum
132 347 218 424 panis
241 347 340 424 vivus,
360 353 391 408 et
411 366 489 408 non:
511 347 580 426 Ego
596 365 663 406 sum
678 345 760 407 calix
772 346 871 426 vivus,
892 364 966 408 con-

9 441 10 478 l
56 429 155 505 cludat,
178 447 239 490 non
261 431 320 489 uisi
342 449 433 491 unam
449 431 582 510 speciem
605 430 787 490 sacramenti
801 448 856 508 pro
879 427 965 490 laicis
1054 455 1055 463 ι

55 532 86 572 eo
106 511 172 572 loco
194 514 374 575 institutam.
417 511 508 588 Quod
530 529 604 574 vero
621 514 770 592 sequitur:
792 511 873 573 Caro
896 531 966 574 mea

55 614 116 655 vare
145 602 190 654 est
222 595 325 672 cibus,
361 601 392 656 ct
419 597 544 676 sanguis
572 615 658 656 meus
687 615 759 655 vere
786 603 833 655 est
865 603 966 675 potus,

55 681 131 737 item:
158 677 224 737 Nisi
252 678 509 739 manducaveritis
537 698 659 739 carnem
688 678 741 738 filii
763 677 909 754 hominis,
936 685 967 739 et

55 759 177 821 biberitis
200 763 265 822 eius
296 763 493 842 sanguinem,
526 781 594 822 cum
623 780 679 842 pro
708 768 836 840 utraque
863 763 968 841 specie
1007 808 1010 814 .

55 843 196 904 videretur
217 843 351 905 fraterno
376 845 501 905 cerebro
522 846 636 904 invicte
657 852 765 904 contra
783 864 873 904 unam
893 864 967 924 pug-

9 991 10 996 1
54 945 130 1001 nare,
160 926 212 986 bui
241 946 334 1007 quam
361 927 490 988 feliciter
519 936 549 988 et
578 927 669 988 docte
695 926 791 987 eludit
820 929 850 986 in
882 927 965 988 hunc

55 1009 183 1070 modum:
235 1009 325 1085 Quod
369 1009 506 1074 Christus
547 1010 594 1070 his
637 1009 735 1070 verbis
779 1009 859 1069 aliud
902 1028 964 1071 non

54 1093 148 1168 voluit,
171 1111 262 1172 quam
286 1095 337 1173 qui
351 1113 442 1154 onam
454 1093 589 1174 speciem
601 1093 765 1172 acciperet,
787 1092 844 1152 snb
858 1091 965 1152 eadem

54 1181 202 1254 utumque
225 1194 349 1236 carnem
373 1184 403 1237 et
424 1179 605 1257 sanguinem
618 1177 779 1256 acciperet.
816 1175 901 1236 Haec
914 1176 964 1236 ille

53 1277 100 1337 pro
124 1258 322 1322 fundamento
351 1279 407 1321 suo
436 1258 601 1337 infallibili,
637 1267 698 1320 tam
735 1257 826 1338 digne
859 1266 966 1319 sancta

53 1341 230 1420 coelestique
254 1342 451 1403 observantia
473 1349 651 1412 structurae.

125 1423 172 1484 Ex
193 1425 252 1485 isto
272 1444 354 1487 nunc
377 1423 460 1486 disce
484 1433 515 1486 et
530 1433 562 1488 tu
585 1443 712 1504 quaeso,
733 1443 863 1502 mecum,
883 1425 965 1486 Ohri·

52 1513 122 1567 stum
146 1508 415 1587 cap.6.10harrn.
438 1511 615 1589 praecipere
637 1528 729 1569 unam
752 1509 897 1588 speciem,
920 1510 964 1566 sic

51 1593 154 1666 tamen,
176 1597 209 1650 ut
230 1591 290 1652 boc
311 1593 410 1672 ipsum
422 1593 600 1672 praecipere
621 1593 660 1650 ait
676 1591 716 1667 id,
739 1590 821 1670 quod
834 1590 964 1670 relinqui

52 1672 164 1734 arbitrio
188 1673 352 1734 ecclesiae:
374 1673 413 1734 ad
436 1675 512 1736 baec
534 1673 686 1734 Christum
709 1675 739 1733 in
761 1672 869 1734 eodem
894 1693 962 1754 cap

52 1756 125 1834 loqui
147 1755 298 1818 duntaxat
319 1757 357 1818 de
380 1757 481 1838 laicis,
505 1777 566 1818 non
590 1758 627 1818 de
650 1757 846 1838 presbyteris
885 1756 963 1818 Nam

53 1838 85 1898 ad
105 1839 159 1899 bos
182 1859 244 1900 non
266 1842 399 1922 pertinet
419 1803 507 1921 pariis
541 1842 627 1901 vivus
656 1839 694 1899 de
716 1839 820 1918 coelo,
855 1839 885 1898 id
908 1846 965 1917 est

51 1941 102 1981 nna
118 1924 241 2002 species
263 1925 461 1999 sacramenti,
496 1923 550 1984 sed
580 1923 658 1984 forts
680 1923 766 2002 panis
798 1923 903 1983 mortis
926 1885 965 1982 de,

50 2005 267 2068 infernalem
290 2007 363 2086 quid
386 2006 424 2066 de
441 2006 629 2084 diaconibus,
653 2013 683 2066 et
697 2004 988 2085 hypodiacouibns'

50 2085 110 2148 fiat?
138 2089 190 2168 qui
226 2107 326 2168 neque
349 2090 416 2150 laici
452 2098 522 2150 sunt
531 2108 660 2170 ,neque
681 2088 877 2170 sacerdotes,
906 2089 963 2150 boa

50 2177 169 2251 oportet,
192 2171 252 2233 boc
263 2175 376 2232 eximio
389 2178 506 2247 autore,
529 2191 629 2252 nsque
641 2192 702 2232 una
718 2190 818 2251 neque
832 2178 973 2251 utraque,

50 2255 140 2333 specie
162 2256 216 2317 uti.
248 2255 407 2336 intelligis,
429 2259 470 2316 mi
492 2256 620 2332 Tulicbi‚
644 2274 760 2316 morem
783 2255 961 2316 tractandae

49 2335 212 2417 Scripturee
239 2336 484 2404 observanticum
517 2346 548 2400 et
580 2358 704 2400 novum.
754 2337 815 2398 Sed
843 2345 874 2398 et
901 2337 961 2400 hoc

51 2419 146 2496 disces,
167 2417 321 2482 Christum
345 2421 407 2484 lob
431 2423 459 2485 6.
483 2420 520 2482 dc
542 2428 736 2482 sacramento
759 2421 961 2482 eucharistiae

49 2502 158 2581 uque,-
160 2513 233 2562 ιιιιῑῑι·
235 2504 601 2596 fflanloq
603 2505 634 2565 ui
550 2504 694 2584 loqde
715 2502 776 2564 lide
810 2504 958 2564 incarnati

9 2595 12 2622 ι
50 2584 136 2659 verbi,
163 2585 282 2646 dicens:
318 2587 386 2648 Hoc
413 2595 460 2648 est
488 2607 506 2648 o
509 2586 936 2668 primm-utoredatis
929 2606 958 2646 ιιι

50 2687 116 2745 eum,
137 2687 228 2748 quem
241 2669 292 2730 illc
305 2671 394 2733 misit
416 2672 540 2746 Verum,
554 2671 626 2731 huic
637 2670 774 2750 Lipsensi
791 2668 958 2730 Bibliorum

49 2751 274 2829 professoribus
287 2752 461 2815 donandum
484 2759 539 2830 est,
562 2761 595 2814 ut
607 2773 624 2813 e
636 2752 772 2832 quolibet
785 2751 959 2832 scripturae

50 2833 108 2895 loco
118 2835 228 2914 probet
240 2835 407 2914 quodlibet.
430 2837 487 2897 Est
497 2837 577 2896 euim
590 2836 753 2916 theologus
768 2837 958 2916 Anaxagori-

51 2935 104 2995 ens,
122 2919 183 2979 imo
199 2919 422 3000 Aristotelicns,
435 2921 617 2981 cuinomina
629 2926 659 2980 et
670 2917 764 2978 verba
775 2920 961 2999 transposita

51 3000 143 3060 eadem
160 3007 192 3062 et
207 3003 310 3062 omnia
322 3003 503 3082 significant.
531 3002 582 3063 Sic
594 3004 676 3063 enim
687 3007 772 3082 aptat
785 3001 960 3083 Scripturae

51 3085 220 3162 testimonia,
234 3104 289 3164 pcr
303 3091 400 3145 totum
414 3085 533 3164 librum,
545 3091 588 3164 ut,
601 3087 625 3146 si
637 3085 711 3146 velit
722 3084 863 3166 probare,
877 3085 959 3146 Chri-

50 3171 115 3226 stum
135 3185 203 3228 esse
224 3169 255 3228 in
271 3175 474 3250 sacramento,
496 3170 576 3230 ausit
596 3169 743 3249 incipere:
766 3168 871 3229 Lectio
888 3167 956 3228 libri

51 3250 231 3331 apocalypsis
253 3250 334 3312 beati
357 3251 501 3312 lobannis
523 3252 665 3331 apostoli,
691 3270 783 3330 quam
796 3252 875 3312 euim
898 3251 959 3312 boc

50 3332 159 3394 uerbum
181 3340 253 3414 apte
277 3332 441 3412 diceretur,
463 3341 525 3395 tam
549 3355 605 3396 sua
628 3334 768 3395 dicuntur
789 3335 907 3411 omnia,
929 3341 960 3394 et

51 3417 191 3476 existimat
211 3416 306 3478 bomo
322 3417 465 3497 prudens
486 3419 577 3498 copia
593 3417 796 3499 allegatorum
819 3436 854 3477 se
876 3416 957 3478 hanc

54 3517 126 3558 suam
149 3501 282 3560 maniam
305 3507 490 3566 ornaturum

118 3582 278 3646 Praetereo
301 3593 417 3662 cetera,
445 3603 485 3644 ne
514 3589 544 3644 te
566 3602 694 3644 enecem
721 3583 842 3642 sentina
867 3581 955 3641 huius

52 3667 336 3742 graveolentissimae
368 3667 505 3731 cloacae.
561 3666 597 3729 In
626 3666 686 3728 tine
714 3665 839 3726 Paulum
861 3663 882 3726 l
898 3663 957 3724 Oo-

742 3745 787 3814 2*
