<?xml version="1.0" encoding="UTF-8"?>
<!DOCTYPE html PUBLIC "-//W3C//DTD XHTML 1.0 Transitional//EN"
    "http://www.w3.org/TR/xhtml1/DTD/xhtml1-transitional.dtd">
<html xmlns="http://www.w3.org/1999/xhtml" xml:lang="en" lang="en">
 <head>
  <title>
</title>
<meta http-equiv="Content-Type" content="text/html;charset=utf-8" />
  <meta name='ocr-system' content='tesseract 3.04.00' />
  <meta name='ocr-capabilities' content='ocr_page ocr_carea ocr_par ocr_line ocrx_word'/>
</head>
<body>
  <div class='ocr_page' id='page_1' title='image "./operalatinavari03schmgoog_0334.png"; bbox 0 0 2262 4006; ppageno 0'>
   <div class='ocr_carea' id='block_1_1' title="bbox 304 203 978 280">
    <p class='ocr_par' dir='ltr' id='par_1_1' title="bbox 304 203 978 280">
     <span class='ocr_line' id='line_1_1' title="bbox 304 203 978 280; baseline 0.016 -10"><span class='ocrx_word' id='word_1_1' title='bbox 304 213 448 271; x_wconf 58' lang='lat' dir='ltr'>uastas</span> <span class='ocrx_word' id='word_1_2' title='bbox 464 211 577 271; x_wconf 60' lang='lat' dir='ltr'>unua.</span> <span class='ocrx_word' id='word_1_3' title='bbox 595 225 621 272; x_wconf 80' lang='lat' dir='ltr'>a.</span> <span class='ocrx_word' id='word_1_4' title='bbox 640 217 718 273; x_wconf 81' lang='lat' dir='ltr'>sarr.</span> <span class='ocrx_word' id='word_1_5' title='bbox 915 203 978 280; x_wconf 70' lang='lat' dir='ltr'>lit</span> 
     </span>
    </p>
   </div>
   <div class='ocr_carea' id='block_1_2' title="bbox 113 405 826 495">
    <p class='ocr_par' dir='ltr' id='par_1_2' title="bbox 113 405 826 495">
     <span class='ocr_line' id='line_1_2' title="bbox 113 405 826 495; baseline 0.004 -19"><span class='ocrx_word' id='word_1_6' title='bbox 113 405 115 412; x_wconf 73' lang='grc'><strong>’</strong></span> <span class='ocrx_word' id='word_1_7' title='bbox 210 407 335 478; x_wconf 85' lang='lat' dir='ltr'>Stabit</span> <span class='ocrx_word' id='word_1_8' title='bbox 362 412 441 476; x_wconf 86' lang='lat' dir='ltr'>Rex</span> <span class='ocrx_word' id='word_1_9' title='bbox 469 425 611 495; x_wconf 86' lang='lat' dir='ltr'>potens</span> <span class='ocrx_word' id='word_1_10' title='bbox 640 415 826 479; x_wconf 79' lang='lat' dir='ltr'>laoiebus.</span> 
     </span>
    </p>
   </div>
   <div class='ocr_carea' id='block_1_3' title="bbox 82 519 977 613">
    <p class='ocr_par' dir='ltr' id='par_1_3' title="bbox 82 519 977 613">
     <span class='ocr_line' id='line_1_3' title="bbox 82 519 977 613; baseline 0.004 -24"><span class='ocrx_word' id='word_1_11' title='bbox 82 556 85 560; x_wconf 94' lang='lat'>·</span> <span class='ocrx_word' id='word_1_12' title='bbox 136 531 344 613; x_wconf 75' lang='lat' dir='ltr'><strong>Hieronymus</strong></span> <span class='ocrx_word' id='word_1_13' title='bbox 372 533 588 608; x_wconf 68' lang='lat' dir='ltr'>transtulit¹ts</span> <span class='ocrx_word' id='word_1_14' title='bbox 610 533 772 612; x_wconf 88' lang='lat' dir='ltr'>impudens</span> <span class='ocrx_word' id='word_1_15' title='bbox 800 535 893 610; x_wconf 80' lang='lat' dir='ltr'>isole,</span> <span class='ocrx_word' id='word_1_16' title='bbox 922 519 977 594; x_wconf 75' lang='lat' dir='ltr'>sed</span> 
     </span>
    </p>
   </div>
   <div class='ocr_carea' id='block_1_4' title="bbox 49 614 983 3428">
    <p class='ocr_par' dir='ltr' id='par_1_4' title="bbox 51 614 981 1257">
     <span class='ocr_line' id='line_1_4' title="bbox 55 614 981 696; baseline 0.004 -24"><span class='ocrx_word' id='word_1_17' title='bbox 55 614 214 674; x_wconf 74' lang='lat' dir='ltr'>Hebraeus</span> <span class='ocrx_word' id='word_1_18' title='bbox 237 615 361 692; x_wconf 68' lang='lat' dir='ltr'>diuiti),</span> <span class='ocrx_word' id='word_1_19' title='bbox 384 634 421 675; x_wconf 84' lang='lat' dir='ltr'>os</span> <span class='ocrx_word' id='word_1_20' title='bbox 443 617 559 696; x_wconf 74' lang='lat' dir='ltr'>panim,</span> <span class='ocrx_word' id='word_1_21' title='bbox 581 624 691 694; x_wconf 87' lang='lat' dir='ltr'>potsos</span> <span class='ocrx_word' id='word_1_22' title='bbox 712 618 869 678; x_wconf 80' lang='lat' dir='ltr'>iaoieruus.</span> <span class='ocrx_word' id='word_1_23' title='bbox 899 615 981 678; x_wconf 72' lang='lat' dir='ltr'>&#39;Sta-</span> 
     </span>
     <span class='ocr_line' id='line_1_5' title="bbox 54 698 977 780; baseline 0.002 -24"><span class='ocrx_word' id='word_1_24' title='bbox 54 698 98 756; x_wconf 83' lang='lat' dir='ltr'>bis</span> <span class='ocrx_word' id='word_1_25' title='bbox 116 705 231 774; x_wconf 82' lang='lat' dir='ltr'>autem,</span> <span class='ocrx_word' id='word_1_26' title='bbox 254 716 315 758; x_wconf 84' lang='lat' dir='ltr'>nou</span> <span class='ocrx_word' id='word_1_27' title='bbox 338 717 429 759; x_wconf 88' lang='lat' dir='ltr'>uuam</span> <span class='ocrx_word' id='word_1_28' title='bbox 451 715 632 779; x_wconf 76' lang='lat' dir='ltr'>personam,</span> <span class='ocrx_word' id='word_1_29' title='bbox 653 698 708 758; x_wconf 87' lang='lat' dir='ltr'>sad</span> <span class='ocrx_word' id='word_1_30' title='bbox 732 706 831 760; x_wconf 73' lang='lat' dir='ltr'>totum·</span> <span class='ocrx_word' id='word_1_31' title='bbox 850 707 977 780; x_wconf 76' lang='lat' dir='ltr'>regnate</span> 
     </span>
     <span class='ocr_line' id='line_1_6' title="bbox 54 781 977 863; baseline 0.002 -25"><span class='ocrx_word' id='word_1_32' title='bbox 54 789 83 839; x_wconf 86' lang='lat' dir='ltr'>et</span> <span class='ocrx_word' id='word_1_33' title='bbox 105 797 285 842; x_wconf 80' lang='lat' dir='ltr'>sauoassum</span> <span class='ocrx_word' id='word_1_34' title='bbox 317 800 442 860; x_wconf 85' lang='lat' dir='ltr'>regum,</span> <span class='ocrx_word' id='word_1_35' title='bbox 471 801 530 841; x_wconf 86' lang='lat' dir='ltr'>nea</span> <span class='ocrx_word' id='word_1_36' title='bbox 557 781 649 842; x_wconf 73' lang='lat' dir='ltr'>breve</span> <span class='ocrx_word' id='word_1_37' title='bbox 680 789 802 863; x_wconf 81' lang='lat' dir='ltr'>tempus</span> <span class='ocrx_word' id='word_1_38' title='bbox 824 785 909 862; x_wconf 78' lang='lat' dir='ltr'>regni</span> <span class='ocrx_word' id='word_1_39' title='bbox 931 785 977 841; x_wconf 78' lang='lat' dir='ltr'>iis—</span> 
     </span>
     <span class='ocr_line' id='line_1_7' title="bbox 54 861 981 946; baseline 0.005 -26"><span class='ocrx_word' id='word_1_40' title='bbox 54 862 145 923; x_wconf 84' lang='lat' dir='ltr'>dlsat.</span> <span class='ocrx_word' id='word_1_41' title='bbox 192 863 243 923; x_wconf 75' lang='lat' dir='ltr'>Sia</span> <span class='ocrx_word' id='word_1_42' title='bbox 266 864 338 924; x_wconf 80' lang='lat' dir='ltr'>dicit</span> <span class='ocrx_word' id='word_1_43' title='bbox 360 861 540 946; x_wconf 78' lang='lat' dir='ltr'>Christus*)</span> <span class='ocrx_word' id='word_1_44' title='bbox 563 863 830 926; x_wconf 82' lang='lat' dir='ltr'>Abominatioaem</span> <span class='ocrx_word' id='word_1_45' title='bbox 854 867 883 923; x_wconf 84' lang='lat' dir='ltr'>in</span> <span class='ocrx_word' id='word_1_46' title='bbox 908 865 981 925; x_wconf 82' lang='lat' dir='ltr'>looo</span> 
     </span>
     <span class='ocr_line' id='line_1_8' title="bbox 51 945 978 1024; baseline 0.004 -21"><span class='ocrx_word' id='word_1_47' title='bbox 51 954 161 1005; x_wconf 76' lang='lat' dir='ltr'>saneto</span> <span class='ocrx_word' id='word_1_48' title='bbox 184 953 326 1022; x_wconf 81' lang='lat' dir='ltr'>stantem,</span> <span class='ocrx_word' id='word_1_49' title='bbox 350 945 379 1006; x_wconf 91' lang='lat' dir='ltr'>id</span> <span class='ocrx_word' id='word_1_50' title='bbox 397 955 453 1024; x_wconf 83' lang='lat' dir='ltr'>est,</span> <span class='ocrx_word' id='word_1_51' title='bbox 475 947 605 1019; x_wconf 79' lang='lat' dir='ltr'>llrrrseru,</span> <span class='ocrx_word' id='word_1_52' title='bbox 627 947 777 1023; x_wconf 71' lang='lat' dir='ltr'>stabilem,</span> <span class='ocrx_word' id='word_1_53' title='bbox 802 948 903 1008; x_wconf 87' lang='lat' dir='ltr'>multis</span> <span class='ocrx_word' id='word_1_54' title='bbox 927 947 978 1007; x_wconf 64' lang='lat' dir='ltr'>sd»</span> 
     </span>
     <span class='ocr_line' id='line_1_9' title="bbox 51 1027 976 1110; baseline 0.002 -23"><span class='ocrx_word' id='word_1_55' title='bbox 51 1029 250 1088; x_wconf 76' lang='lat' dir='ltr'>haerentibus</span> <span class='ocrx_word' id='word_1_56' title='bbox 271 1029 455 1090; x_wconf 80' lang='lat' dir='ltr'>roboratam.</span> <span class='ocrx_word' id='word_1_57' title='bbox 500 1029 540 1090; x_wconf 82' lang='lat' dir='ltr'>Et</span> <span class='ocrx_word' id='word_1_58' title='bbox 562 1027 739 1110; x_wconf 72' lang='lat' dir='ltr'>Paulus**)</span> <span class='ocrx_word' id='word_1_59' title='bbox 769 1030 863 1090; x_wconf 84' lang='lat' dir='ltr'>lilium</span> <span class='ocrx_word' id='word_1_60' title='bbox 892 1030 976 1090; x_wconf 86' lang='lat' dir='ltr'>illum</span> 
     </span>
     <span class='ocr_line' id='line_1_10' title="bbox 51 1111 977 1193; baseline 0.003 -24"><span class='ocrx_word' id='word_1_61' title='bbox 51 1111 233 1190; x_wconf 74' lang='lat' dir='ltr'>perditionis</span> <span class='ocrx_word' id='word_1_62' title='bbox 255 1129 316 1172; x_wconf 86' lang='lat' dir='ltr'>non</span> <span class='ocrx_word' id='word_1_63' title='bbox 340 1114 485 1189; x_wconf 80' lang='lat' dir='ltr'>transire,</span> <span class='ocrx_word' id='word_1_64' title='bbox 512 1112 566 1172; x_wconf 89' lang='lat' dir='ltr'>sed</span> <span class='ocrx_word' id='word_1_65' title='bbox 589 1111 696 1173; x_wconf 91' lang='lat' dir='ltr'>sedere</span> <span class='ocrx_word' id='word_1_66' title='bbox 716 1113 788 1173; x_wconf 79' lang='lat' dir='ltr'>faosi</span> <span class='ocrx_word' id='word_1_67' title='bbox 808 1115 838 1173; x_wconf 92' lang='lat' dir='ltr'>in</span> <span class='ocrx_word' id='word_1_68' title='bbox 862 1113 977 1193; x_wconf 84' lang='lat' dir='ltr'>templo</span> 
     </span>
     <span class='ocr_line' id='line_1_11' title="bbox 51 1193 830 1257; baseline 0 -3"><span class='ocrx_word' id='word_1_69' title='bbox 51 1193 117 1257; x_wconf 83' lang='lat' dir='ltr'>Dei.</span> <span class='ocrx_word' id='word_1_70' title='bbox 827 1229 830 1234; x_wconf 90' lang='lat'>·</span> 
     </span>
    </p>

    <p class='ocr_par' dir='ltr' id='par_1_5' title="bbox 49 1277 983 3428">
     <span class='ocr_line' id='line_1_12' title="bbox 136 1277 976 1358; baseline 0 -22"><span class='ocrx_word' id='word_1_71' title='bbox 136 1278 214 1338; x_wconf 86' lang='lat' dir='ltr'>Mira</span> <span class='ocrx_word' id='word_1_72' title='bbox 235 1278 472 1357; x_wconf 87' lang='lat' dir='ltr'>vero&#39;poteutia</span> <span class='ocrx_word' id='word_1_73' title='bbox 499 1277 588 1337; x_wconf 90' lang='lat' dir='ltr'>huius</span> <span class='ocrx_word' id='word_1_74' title='bbox 609 1280 690 1358; x_wconf 84' lang='lat' dir='ltr'>regis</span> <span class='ocrx_word' id='word_1_75' title='bbox 714 1279 894 1356; x_wconf 79' lang='lat' dir='ltr'>monstrosi,</span> <span class='ocrx_word' id='word_1_76' title='bbox 924 1280 976 1356; x_wconf 72' lang='lat' dir='ltr'>qai</span> 
     </span>
     <span class='ocr_line' id='line_1_13' title="bbox 52 1361 976 1440; baseline -0.001 -20"><span class='ocrx_word' id='word_1_77' title='bbox 52 1373 112 1421; x_wconf 82' lang='lat' dir='ltr'>nors</span> <span class='ocrx_word' id='word_1_78' title='bbox 138 1361 300 1437; x_wconf 78' lang='lat' dir='ltr'>semibus,</span> <span class='ocrx_word' id='word_1_79' title='bbox 320 1379 423 1439; x_wconf 84' lang='lat' dir='ltr'>oeque</span> <span class='ocrx_word' id='word_1_80' title='bbox 446 1361 575 1440; x_wconf 82' lang='lat' dir='ltr'>ungulis,</span> <span class='ocrx_word' id='word_1_81' title='bbox 599 1361 772 1437; x_wconf 78' lang='lat' dir='ltr'>neoforto,</span> <span class='ocrx_word' id='word_1_82' title='bbox 796 1374 853 1421; x_wconf 85' lang='lat' dir='ltr'>neo</span> <span class='ocrx_word' id='word_1_83' title='bbox 874 1363 976 1437; x_wconf 78' lang='lat' dir='ltr'>armis,</span> 
     </span>
     <span class='ocr_line' id='line_1_14' title="bbox 50 1442 976 1522; baseline 0 -20"><span class='ocrx_word' id='word_1_84' title='bbox 50 1444 102 1502; x_wconf 76' lang='lat' dir='ltr'>ssd</span> <span class='ocrx_word' id='word_1_85' title='bbox 125 1443 266 1503; x_wconf 83' lang='lat' dir='ltr'>iooisbus</span> <span class='ocrx_word' id='word_1_86' title='bbox 294 1453 487 1522; x_wconf 85' lang='lat' dir='ltr'>potensest,</span> <span class='ocrx_word' id='word_1_87' title='bbox 518 1445 627 1502; x_wconf 84' lang='lat' dir='ltr'>ueteris</span> <span class='ocrx_word' id='word_1_88' title='bbox 657 1444 798 1504; x_wconf 87' lang='lat' dir='ltr'>omnibus</span> <span class='ocrx_word' id='word_1_89' title='bbox 821 1442 976 1504; x_wconf 85' lang='lat' dir='ltr'>dissimilis</span> 
     </span>
     <span class='ocr_line' id='line_1_15' title="bbox 50 1525 977 1604; baseline 0 -19"><span class='ocrx_word' id='word_1_90' title='bbox 50 1528 158 1588; x_wconf 86' lang='lat' dir='ltr'>nimio.</span> <span class='ocrx_word' id='word_1_91' title='bbox 203 1525 267 1585; x_wconf 83' lang='lat' dir='ltr'>Neo</span> <span class='ocrx_word' id='word_1_92' title='bbox 289 1527 376 1586; x_wconf 76' lang='lat' dir='ltr'>diois:</span> <span class='ocrx_word' id='word_1_93' title='bbox 408 1526 519 1586; x_wconf 84' lang='lat' dir='ltr'>Potens</span> <span class='ocrx_word' id='word_1_94' title='bbox 543 1527 636 1604; x_wconf 84' lang='lat' dir='ltr'>isaie,</span> <span class='ocrx_word' id='word_1_95' title='bbox 669 1527 723 1586; x_wconf 90' lang='lat' dir='ltr'>sed</span> <span class='ocrx_word' id='word_1_96' title='bbox 745 1526 880 1586; x_wconf 77' lang='lat' dir='ltr'>faciebus</span> <span class='ocrx_word' id='word_1_97' title='bbox 902 1526 977 1586; x_wconf 83' lang='lat' dir='ltr'>mab</span> 
     </span>
     <span class='ocr_line' id='line_1_16' title="bbox 51 1607 977 1688; baseline -0.001 -20"><span class='ocrx_word' id='word_1_98' title='bbox 51 1612 96 1672; x_wconf 85' lang='lat' dir='ltr'>tis.</span> <span class='ocrx_word' id='word_1_99' title='bbox 139 1607 214 1684; x_wconf 79' lang='lat' dir='ltr'>Quo</span> <span class='ocrx_word' id='word_1_100' title='bbox 236 1607 280 1684; x_wconf 82' lang='lat' dir='ltr'>lit,</span> <span class='ocrx_word' id='word_1_101' title='bbox 303 1616 336 1669; x_wconf 89' lang='lat' dir='ltr'>ut</span> <span class='ocrx_word' id='word_1_102' title='bbox 356 1609 435 1669; x_wconf 85' lang='lat' dir='ltr'>hseo</span> <span class='ocrx_word' id='word_1_103' title='bbox 456 1609 618 1688; x_wconf 85' lang='lat' dir='ltr'>prophetis</span> <span class='ocrx_word' id='word_1_104' title='bbox 640 1627 701 1669; x_wconf 87' lang='lat' dir='ltr'>noo</span> <span class='ocrx_word' id='word_1_105' title='bbox 732 1617 825 1688; x_wconf 85' lang='lat' dir='ltr'>queat</span> <span class='ocrx_word' id='word_1_106' title='bbox 850 1611 880 1668; x_wconf 89' lang='lat' dir='ltr'>in</span> <span class='ocrx_word' id='word_1_107' title='bbox 903 1608 977 1668; x_wconf 75' lang='lat' dir='ltr'>Tur·</span> 
     </span>
     <span class='ocr_line' id='line_1_17' title="bbox 51 1691 975 1772; baseline -0.001 -20"><span class='ocrx_word' id='word_1_108' title='bbox 51 1707 117 1752; x_wconf 84' lang='lat' dir='ltr'>eam</span> <span class='ocrx_word' id='word_1_109' title='bbox 141 1691 305 1770; x_wconf 80' lang='lat' dir='ltr'>quadrare,</span> <span class='ocrx_word' id='word_1_110' title='bbox 327 1709 385 1752; x_wconf 86' lang='lat' dir='ltr'>nso</span> <span class='ocrx_word' id='word_1_111' title='bbox 407 1691 457 1750; x_wconf 92' lang='lat' dir='ltr'>ulli</span> <span class='ocrx_word' id='word_1_112' title='bbox 481 1707 587 1772; x_wconf 82' lang='lat' dir='ltr'>regno,</span> <span class='ocrx_word' id='word_1_113' title='bbox 610 1691 692 1770; x_wconf 89' lang='lat' dir='ltr'>quod</span> <span class='ocrx_word' id='word_1_114' title='bbox 716 1693 745 1751; x_wconf 81' lang='lat' dir='ltr'>vl</span> <span class='ocrx_word' id='word_1_115' title='bbox 768 1700 798 1752; x_wconf 85' lang='lat' dir='ltr'>et</span> <span class='ocrx_word' id='word_1_116' title='bbox 810 1692 901 1751; x_wconf 86' lang='lat' dir='ltr'>armis</span> <span class='ocrx_word' id='word_1_117' title='bbox 924 1709 975 1770; x_wconf 89' lang='lat' dir='ltr'>ps-</span> 
     </span>
     <span class='ocr_line' id='line_1_18' title="bbox 51 1773 974 1855; baseline -0.002 -21"><span class='ocrx_word' id='word_1_118' title='bbox 51 1784 143 1834; x_wconf 84' lang='lat' dir='ltr'>ratur.</span> <span class='ocrx_word' id='word_1_119' title='bbox 190 1773 277 1848; x_wconf 73' lang='lat' dir='ltr'>Quae</span> <span class='ocrx_word' id='word_1_120' title='bbox 300 1775 380 1834; x_wconf 85' lang='lat' dir='ltr'>euim</span> <span class='ocrx_word' id='word_1_121' title='bbox 403 1774 553 1836; x_wconf 88' lang='lat' dir='ltr'>eiusmodi</span> <span class='ocrx_word' id='word_1_122' title='bbox 577 1781 662 1851; x_wconf 86' lang='lat' dir='ltr'>sunt,</span> <span class='ocrx_word' id='word_1_123' title='bbox 683 1781 738 1855; x_wconf 85' lang='lat' dir='ltr'>per</span> <span class='ocrx_word' id='word_1_124' title='bbox 757 1775 884 1849; x_wconf 71' lang='lat' dir='ltr'>uenies,</span> <span class='ocrx_word' id='word_1_125' title='bbox 907 1790 974 1833; x_wconf 83' lang='lat' dir='ltr'>eor-</span> 
     </span>
     <span class='ocr_line' id='line_1_19' title="bbox 50 1856 975 1938; baseline -0.001 -22"><span class='ocrx_word' id='word_1_126' title='bbox 50 1873 120 1932; x_wconf 75' lang='lat' dir='ltr'>uua,</span> <span class='ocrx_word' id='word_1_127' title='bbox 152 1857 282 1936; x_wconf 82' lang='lat' dir='ltr'>ungulas</span> <span class='ocrx_word' id='word_1_128' title='bbox 305 1857 482 1938; x_wconf 82' lang='lat' dir='ltr'>figurantur.</span> <span class='ocrx_word' id='word_1_129' title='bbox 531 1857 597 1916; x_wconf 83' lang='lat' dir='ltr'>Neo</span> <span class='ocrx_word' id='word_1_130' title='bbox 623 1865 669 1917; x_wconf 86' lang='lat' dir='ltr'>est</span> <span class='ocrx_word' id='word_1_131' title='bbox 697 1871 824 1936; x_wconf 82' lang='lat' dir='ltr'>regnum</span> <span class='ocrx_word' id='word_1_132' title='bbox 854 1856 975 1933; x_wconf 77' lang='lat' dir='ltr'>chrisa,</span> 
     </span>
     <span class='ocr_line' id='line_1_20' title="bbox 49 1940 976 2020; baseline -0.001 -21"><span class='ocrx_word' id='word_1_133' title='bbox 49 1941 131 2019; x_wconf 81' lang='lat' dir='ltr'>quod</span> <span class='ocrx_word' id='word_1_134' title='bbox 158 1953 283 2020; x_wconf 87' lang='lat' dir='ltr'>prorsus</span> <span class='ocrx_word' id='word_1_135' title='bbox 305 1943 372 2000; x_wconf 87' lang='lat' dir='ltr'>sine</span> <span class='ocrx_word' id='word_1_136' title='bbox 393 1940 472 2000; x_wconf 85' lang='lat' dir='ltr'>faoie</span> <span class='ocrx_word' id='word_1_137' title='bbox 494 1942 524 1998; x_wconf 87' lang='lat' dir='ltr'>in</span> <span class='ocrx_word' id='word_1_138' title='bbox 547 1941 654 2019; x_wconf 87' lang='lat' dir='ltr'>spiritu</span> <span class='ocrx_word' id='word_1_139' title='bbox 675 1942 835 2018; x_wconf 72' lang='lat' dir='ltr'>consistit,</span> <span class='ocrx_word' id='word_1_140' title='bbox 858 1947 887 1999; x_wconf 87' lang='lat' dir='ltr'>et</span> <span class='ocrx_word' id='word_1_141' title='bbox 910 1949 976 1999; x_wconf 86' lang='lat' dir='ltr'>uer-</span> 
     </span>
     <span class='ocr_line' id='line_1_21' title="bbox 51 2021 974 2103; baseline -0.002 -21"><span class='ocrx_word' id='word_1_142' title='bbox 51 2043 90 2082; x_wconf 92' lang='lat' dir='ltr'>nu</span> <span class='ocrx_word' id='word_1_143' title='bbox 112 2022 264 2103; x_wconf 79' lang='lat' dir='ltr'>spirituali</span> <span class='ocrx_word' id='word_1_144' title='bbox 284 2030 409 2102; x_wconf 78' lang='lat' dir='ltr'>pugnat,</span> <span class='ocrx_word' id='word_1_145' title='bbox 433 2021 574 2102; x_wconf 87' lang='lat' dir='ltr'>quodast</span> <span class='ocrx_word' id='word_1_146' title='bbox 595 2023 720 2082; x_wconf 82' lang='lat' dir='ltr'>verbum</span> <span class='ocrx_word' id='word_1_147' title='bbox 734 2022 800 2084; x_wconf 87' lang='lat' dir='ltr'>Dei.</span> <span class='ocrx_word' id='word_1_148' title='bbox 844 2024 887 2082; x_wconf 89' lang='lat' dir='ltr'>lta</span> <span class='ocrx_word' id='word_1_149' title='bbox 908 2039 974 2101; x_wconf 77' lang='lat' dir='ltr'>reg·</span> 
     </span>
     <span class='ocr_line' id='line_1_22' title="bbox 50 2105 974 2185; baseline 0 -21"><span class='ocrx_word' id='word_1_150' title='bbox 50 2125 121 2165; x_wconf 89' lang='lat' dir='ltr'>num</span> <span class='ocrx_word' id='word_1_151' title='bbox 145 2105 227 2164; x_wconf 81' lang='lat' dir='ltr'>istud</span> <span class='ocrx_word' id='word_1_152' title='bbox 250 2108 306 2165; x_wconf 85' lang='lat' dir='ltr'>erit</span> <span class='ocrx_word' id='word_1_153' title='bbox 327 2122 427 2184; x_wconf 88' lang='lat' dir='ltr'>oeque</span> <span class='ocrx_word' id='word_1_154' title='bbox 448 2105 605 2185; x_wconf 76' lang='lat' dir='ltr'>spirituale</span> <span class='ocrx_word' id='word_1_155' title='bbox 627 2121 726 2185; x_wconf 87' lang='lat' dir='ltr'>oeque</span> <span class='ocrx_word' id='word_1_156' title='bbox 746 2105 893 2183; x_wconf 71' lang='lat' dir='ltr'>sessulam,</span> <span class='ocrx_word' id='word_1_157' title='bbox 916 2115 974 2165; x_wconf 77' lang='lat' dir='ltr'>aee</span> 
     </span>
     <span class='ocr_line' id='line_1_23' title="bbox 50 2187 973 2269; baseline 0 -23"><span class='ocrx_word' id='word_1_158' title='bbox 50 2187 258 2268; x_wconf 76' lang='lat' dir='ltr'>spiritualibus</span> <span class='ocrx_word' id='word_1_159' title='bbox 286 2205 344 2251; x_wconf 88' lang='lat' dir='ltr'>neo</span> <span class='ocrx_word' id='word_1_160' title='bbox 366 2187 585 2267; x_wconf 69' lang='lat' dir='ltr'>temporalibus</span> <span class='ocrx_word' id='word_1_161' title='bbox 608 2192 700 2248; x_wconf 74' lang='lat' dir='ltr'>arinis</span> <span class='ocrx_word' id='word_1_162' title='bbox 727 2193 858 2269; x_wconf 76' lang='lat' dir='ltr'>portum.</span> <span class='ocrx_word' id='word_1_163' title='bbox 902 2187 973 2263; x_wconf 76' lang='lat' dir='ltr'>Qui-</span> 
     </span>
     <span class='ocr_line' id='line_1_24' title="bbox 50 2271 970 2351; baseline 0 -21"><span class='ocrx_word' id='word_1_164' title='bbox 50 2271 103 2330; x_wconf 87' lang='lat' dir='ltr'>bus</span> <span class='ocrx_word' id='word_1_165' title='bbox 127 2271 225 2350; x_wconf 83' lang='lat' dir='ltr'>ergo?</span> <span class='ocrx_word' id='word_1_166' title='bbox 248 2271 406 2347; x_wconf 60' lang='lat' dir='ltr'>faciebus·</span> <span class='ocrx_word' id='word_1_167' title='bbox 416 2271 445 2331; x_wconf 92' lang='lat' dir='ltr'>id</span> <span class='ocrx_word' id='word_1_168' title='bbox 469 2278 525 2348; x_wconf 84' lang='lat' dir='ltr'>est,</span> <span class='ocrx_word' id='word_1_169' title='bbox 548 2272 800 2351; x_wconf 83' lang='lat' dir='ltr'>externaspeoie,</span> <span class='ocrx_word' id='word_1_170' title='bbox 823 2283 970 2350; x_wconf 79' lang='lat' dir='ltr'>appareu-</span> 
     </span>
     <span class='ocr_line' id='line_1_25' title="bbox 51 2353 974 2434; baseline 0 -22"><span class='ocrx_word' id='word_1_171' title='bbox 51 2355 99 2430; x_wconf 80' lang='lat' dir='ltr'>tio,</span> <span class='ocrx_word' id='word_1_172' title='bbox 122 2370 250 2434; x_wconf 78' lang='lat' dir='ltr'>pompa,</span> <span class='ocrx_word' id='word_1_173' title='bbox 273 2354 332 2414; x_wconf 84' lang='lat' dir='ltr'>boo</span> <span class='ocrx_word' id='word_1_174' title='bbox 354 2363 415 2432; x_wconf 85' lang='lat' dir='ltr'>est,</span> <span class='ocrx_word' id='word_1_175' title='bbox 437 2359 471 2414; x_wconf 88' lang='lat' dir='ltr'>ut</span> <span class='ocrx_word' id='word_1_176' title='bbox 491 2373 553 2414; x_wconf 88' lang='lat' dir='ltr'>uno</span> <span class='ocrx_word' id='word_1_177' title='bbox 576 2353 669 2414; x_wconf 77' lang='lat' dir='ltr'>verbo</span> <span class='ocrx_word' id='word_1_178' title='bbox 693 2355 807 2430; x_wconf 84' lang='lat' dir='ltr'>diuam,</span> <span class='ocrx_word' id='word_1_179' title='bbox 829 2355 974 2434; x_wconf 84' lang='lat' dir='ltr'>supersti-</span> 
     </span>
     <span class='ocr_line' id='line_1_26' title="bbox 51 2436 972 2516; baseline 0 -20"><span class='ocrx_word' id='word_1_180' title='bbox 51 2439 195 2513; x_wconf 81' lang='lat' dir='ltr'>tionibus,</span> <span class='ocrx_word' id='word_1_181' title='bbox 217 2437 339 2514; x_wconf 71' lang='lat' dir='ltr'>ritibus,</span> <span class='ocrx_word' id='word_1_182' title='bbox 362 2438 559 2512; x_wconf 77' lang='lat' dir='ltr'>ceremoniis,</span> <span class='ocrx_word' id='word_1_183' title='bbox 581 2451 661 2516; x_wconf 86' lang='lat' dir='ltr'>quse</span> <span class='ocrx_word' id='word_1_184' title='bbox 684 2436 722 2496; x_wconf 84' lang='lat' dir='ltr'>sd</span> <span class='ocrx_word' id='word_1_185' title='bbox 745 2437 853 2496; x_wconf 79' lang='lat' dir='ltr'>faeiem</span> <span class='ocrx_word' id='word_1_186' title='bbox 876 2451 972 2516; x_wconf 62' lang='lat' dir='ltr'>expoL</span> 
     </span>
     <span class='ocr_line' id='line_1_27' title="bbox 52 2518 973 2599; baseline 0 -21"><span class='ocrx_word' id='word_1_187' title='bbox 52 2526 173 2596; x_wconf 78' lang='lat' dir='ltr'>suntor,</span> <span class='ocrx_word' id='word_1_188' title='bbox 196 2522 225 2578; x_wconf 89' lang='lat' dir='ltr'>in</span> <span class='ocrx_word' id='word_1_189' title='bbox 248 2519 399 2597; x_wconf 79' lang='lat' dir='ltr'>vestibus,</span> <span class='ocrx_word' id='word_1_190' title='bbox 422 2519 507 2596; x_wconf 84' lang='lat' dir='ltr'>oibis,</span> <span class='ocrx_word' id='word_1_191' title='bbox 531 2521 679 2599; x_wconf 75' lang='lat' dir='ltr'>personis,</span> <span class='ocrx_word' id='word_1_192' title='bbox 703 2518 860 2594; x_wconf 82' lang='lat' dir='ltr'>domibus,</span> <span class='ocrx_word' id='word_1_193' title='bbox 882 2519 973 2596; x_wconf 73' lang='lat' dir='ltr'>gesti·</span> 
     </span>
     <span class='ocr_line' id='line_1_28' title="bbox 52 2601 972 2681; baseline -0.001 -19"><span class='ocrx_word' id='word_1_194' title='bbox 52 2602 105 2662; x_wconf 91' lang='lat' dir='ltr'>bus</span> <span class='ocrx_word' id='word_1_195' title='bbox 130 2609 163 2662; x_wconf 89' lang='lat' dir='ltr'>et</span> <span class='ocrx_word' id='word_1_196' title='bbox 184 2601 339 2665; x_wconf 86' lang='lat' dir='ltr'>similibus.</span> <span class='ocrx_word' id='word_1_197' title='bbox 382 2603 674 2662; x_wconf 83' lang='lat' dir='ltr'>loteromnesenim</span> <span class='ocrx_word' id='word_1_198' title='bbox 690 2602 782 2662; x_wconf 83' lang='lat' dir='ltr'>isaias</span> <span class='ocrx_word' id='word_1_199' title='bbox 805 2619 859 2661; x_wconf 89' lang='lat' dir='ltr'>seu</span> <span class='ocrx_word' id='word_1_200' title='bbox 880 2617 972 2681; x_wconf 84' lang='lat' dir='ltr'>apps-</span> 
     </span>
     <span class='ocr_line' id='line_1_29' title="bbox 50 2683 972 2765; baseline 0 -22"><span class='ocrx_word' id='word_1_201' title='bbox 50 2687 164 2746; x_wconf 85' lang='lat' dir='ltr'>rentlas</span> <span class='ocrx_word' id='word_1_202' title='bbox 196 2685 371 2764; x_wconf 86' lang='lat' dir='ltr'>superstitio</span> <span class='ocrx_word' id='word_1_203' title='bbox 395 2692 425 2745; x_wconf 85' lang='lat' dir='ltr'>at</span> <span class='ocrx_word' id='word_1_204' title='bbox 446 2683 632 2765; x_wconf 74' lang='lat' dir='ltr'>hypocrisis,</span> <span class='ocrx_word' id='word_1_205' title='bbox 666 2701 746 2764; x_wconf 87' lang='lat' dir='ltr'>quas</span> <span class='ocrx_word' id='word_1_206' title='bbox 778 2691 825 2744; x_wconf 89' lang='lat' dir='ltr'>est</span> <span class='ocrx_word' id='word_1_207' title='bbox 850 2684 972 2763; x_wconf 80' lang='lat' dir='ltr'>pietatis</span> 
     </span>
     <span class='ocr_line' id='line_1_30' title="bbox 51 2767 973 2848; baseline -0.003 -20"><span class='ocrx_word' id='word_1_208' title='bbox 51 2771 171 2848; x_wconf 80' lang='lat' dir='ltr'>speeies</span> <span class='ocrx_word' id='word_1_209' title='bbox 193 2775 224 2827; x_wconf 89' lang='lat' dir='ltr'>st</span> <span class='ocrx_word' id='word_1_210' title='bbox 245 2768 401 2846; x_wconf 83' lang='lat' dir='ltr'>religionis</span> <span class='ocrx_word' id='word_1_211' title='bbox 423 2767 531 2844; x_wconf 84' lang='lat' dir='ltr'>iaoiss,</span> <span class='ocrx_word' id='word_1_212' title='bbox 553 2768 776 2847; x_wconf 76' lang='lat' dir='ltr'>potentissima,</span> <span class='ocrx_word' id='word_1_213' title='bbox 798 2767 973 2846; x_wconf 75' lang='lat' dir='ltr'>gratissima</span> 
     </span>
     <span class='ocr_line' id='line_1_31' title="bbox 51 2848 973 2930; baseline -0.002 -20"><span class='ocrx_word' id='word_1_214' title='bbox 51 2851 183 2930; x_wconf 87' lang='lat' dir='ltr'>ideoque</span> <span class='ocrx_word' id='word_1_215' title='bbox 206 2853 493 2911; x_wconf 83' lang='lat' dir='ltr'>noeentissimaest.</span> <span class='ocrx_word' id='word_1_216' title='bbox 536 2849 604 2910; x_wconf 86' lang='lat' dir='ltr'>Nou</span> <span class='ocrx_word' id='word_1_217' title='bbox 630 2848 817 2922; x_wconf 76' lang='lat' dir='ltr'>siotrahunt,</span> <span class='ocrx_word' id='word_1_218' title='bbox 839 2850 973 2928; x_wconf 83' lang='lat' dir='ltr'>sapiunt,</span> 
     </span>
     <span class='ocr_line' id='line_1_32' title="bbox 53 2931 982 3018; baseline -0.002 -25"><span class='ocrx_word' id='word_1_219' title='bbox 53 2941 157 2994; x_wconf 84' lang='lat' dir='ltr'>tenent</span> <span class='ocrx_word' id='word_1_220' title='bbox 178 2935 296 3018; x_wconf 81' lang='lat' dir='ltr'>speeies</span> <span class='ocrx_word' id='word_1_221' title='bbox 318 2934 484 3012; x_wconf 81' lang='lat' dir='ltr'>profanas,</span> <span class='ocrx_word' id='word_1_222' title='bbox 512 2933 577 2992; x_wconf 86' lang='lat' dir='ltr'>sive</span> <span class='ocrx_word' id='word_1_223' title='bbox 599 2933 658 2990; x_wconf 88' lang='lat' dir='ltr'>siut</span> <span class='ocrx_word' id='word_1_224' title='bbox 680 2931 868 3012; x_wconf 82' lang='lat' dir='ltr'>puellarum,</span> <span class='ocrx_word' id='word_1_225' title='bbox 889 2932 982 2992; x_wconf 81' lang='lat' dir='ltr'>luva·-</span> 
     </span>
     <span class='ocr_line' id='line_1_33' title="bbox 52 3015 974 3097; baseline -0.002 -21"><span class='ocrx_word' id='word_1_226' title='bbox 52 3031 133 3095; x_wconf 89' lang='lat' dir='ltr'>uum,</span> <span class='ocrx_word' id='word_1_227' title='bbox 156 3035 260 3097; x_wconf 86' lang='lat' dir='ltr'>opum,</span> <span class='ocrx_word' id='word_1_228' title='bbox 281 3017 467 3093; x_wconf 81' lang='lat' dir='ltr'>amisorum,</span> <span class='ocrx_word' id='word_1_229' title='bbox 492 3015 647 3091; x_wconf 79' lang='lat' dir='ltr'>ludorum,</span> <span class='ocrx_word' id='word_1_230' title='bbox 670 3022 701 3074; x_wconf 88' lang='lat' dir='ltr'>et</span> <span class='ocrx_word' id='word_1_231' title='bbox 723 3027 974 3094; x_wconf 81' lang='lat' dir='ltr'>quorumeunque</span> 
     </span>
     <span class='ocr_line' id='line_1_34' title="bbox 52 3097 974 3179; baseline -0.002 -21"><span class='ocrx_word' id='word_1_232' title='bbox 52 3120 165 3179; x_wconf 79' lang='lat' dir='ltr'>rerum3</span> <span class='ocrx_word' id='word_1_233' title='bbox 188 3108 219 3160; x_wconf 86' lang='lat' dir='ltr'>at</span> <span class='ocrx_word' id='word_1_234' title='bbox 241 3116 357 3176; x_wconf 84' lang='lat' dir='ltr'>saurae,</span> <span class='ocrx_word' id='word_1_235' title='bbox 381 3101 451 3178; x_wconf 89' lang='lat' dir='ltr'>quia</span> <span class='ocrx_word' id='word_1_236' title='bbox 474 3097 579 3157; x_wconf 81' lang='lat' dir='ltr'>divina</span> <span class='ocrx_word' id='word_1_237' title='bbox 600 3097 760 3175; x_wconf 84' lang='lat' dir='ltr'>simulant,</span> <span class='ocrx_word' id='word_1_238' title='bbox 781 3104 974 3157; x_wconf 71' lang='lat' dir='ltr'>assotana</span> 
     </span>
     <span class='ocr_line' id='line_1_35' title="bbox 52 3181 971 3262; baseline -0.002 -22"><span class='ocrx_word' id='word_1_239' title='bbox 52 3203 115 3242; x_wconf 88' lang='lat' dir='ltr'>rum</span> <span class='ocrx_word' id='word_1_240' title='bbox 139 3201 237 3242; x_wconf 88' lang='lat' dir='ltr'>rerum</span> <span class='ocrx_word' id='word_1_241' title='bbox 261 3182 436 3262; x_wconf 80' lang='lat' dir='ltr'>praeierunt-</span> <span class='ocrx_word' id='word_1_242' title='bbox 457 3181 579 3255; x_wconf 77' lang='lat' dir='ltr'>indicia,</span> <span class='ocrx_word' id='word_1_243' title='bbox 603 3181 696 3240; x_wconf 85' lang='lat' dir='ltr'>etiam</span> <span class='ocrx_word' id='word_1_244' title='bbox 717 3181 971 3260; x_wconf 80' lang='lat' dir='ltr'>sapientissimos,</span> 
     </span>
     <span class='ocr_line' id='line_1_36' title="bbox 53 3262 971 3344; baseline -0.005 -20"><span class='ocrx_word' id='word_1_245' title='bbox 53 3267 271 3342; x_wconf 67' lang='lat' dir='ltr'>seriosissimus,</span> <span class='ocrx_word' id='word_1_246' title='bbox 295 3264 525 3344; x_wconf 87' lang='lat' dir='ltr'>potentissimos</span> <span class='ocrx_word' id='word_1_247' title='bbox 547 3263 729 3342; x_wconf 82' lang='lat' dir='ltr'>atqueadeo</span> <span class='ocrx_word' id='word_1_248' title='bbox 752 3263 868 3324; x_wconf 79' lang='lat' dir='ltr'>eleetos</span> <span class='ocrx_word' id='word_1_249' title='bbox 880 3262 971 3322; x_wconf 82' lang='lat' dir='ltr'>etism</span> 
     </span>
     <span class='ocr_line' id='line_1_37' title="bbox 55 3346 983 3428; baseline -0.004 -21"><span class='ocrx_word' id='word_1_250' title='bbox 55 3349 177 3428; x_wconf 85' lang='lat' dir='ltr'>sapiunt</span> <span class='ocrx_word' id='word_1_251' title='bbox 197 3355 227 3407; x_wconf 86' lang='lat' dir='ltr'>at</span> <span class='ocrx_word' id='word_1_252' title='bbox 248 3346 365 3409; x_wconf 83' lang='lat' dir='ltr'>fallunt.</span> <span class='ocrx_word' id='word_1_253' title='bbox 981 3381 983 3386; x_wconf 93' lang='lat'>-</span> 
     </span>
    </p>
   </div>
   <div class='ocr_carea' id='block_1_5' title="bbox 121 3535 971 3622">
    <p class='ocr_par' dir='ltr' id='par_1_6' title="bbox 121 3535 971 3622">
     <span class='ocr_line' id='line_1_38' title="bbox 121 3535 971 3622; baseline -0.013 -13"><span class='ocrx_word' id='word_1_254' title='bbox 121 3554 148 3622; x_wconf 91' lang='lat' dir='ltr'>l)</span> <span class='ocrx_word' id='word_1_255' title='bbox 169 3553 198 3608; x_wconf 88' lang='lat' dir='ltr'>In</span> <span class='ocrx_word' id='word_1_256' title='bbox 210 3543 336 3607; x_wconf 61' lang='lat' dir='ltr'>silem:</span> <span class='ocrx_word' id='word_1_257' title='bbox 356 3557 429 3606; x_wconf 84' lang='lat' dir='ltr'>recte</span> <span class='ocrx_word' id='word_1_258' title='bbox 441 3549 589 3603; x_wconf 74' lang='lat' dir='ltr'>transtulit.</span> <span class='ocrx_word' id='word_1_259' title='bbox 625 3541 792 3609; x_wconf 79' lang='lat' dir='ltr'>2tlbidam:</span> <span class='ocrx_word' id='word_1_260' title='bbox 813 3535 971 3600; x_wconf 84' lang='lat' dir='ltr'>Hebraeum</span> 
     </span>
    </p>
   </div>
   <div class='ocr_carea' id='block_1_6' title="bbox 55 3624 802 3824">
    <p class='ocr_par' dir='ltr' id='par_1_7' title="bbox 55 3624 802 3824">
     <span class='ocr_line' id='line_1_39' title="bbox 55 3624 552 3696; baseline -0.01 -16"><span class='ocrx_word' id='word_1_261' title='bbox 55 3633 129 3682; x_wconf 83' lang='lat' dir='ltr'>sonat</span> <span class='ocrx_word' id='word_1_262' title='bbox 149 3625 238 3696; x_wconf 84' lang='lat' dir='ltr'>(quod</span> <span class='ocrx_word' id='word_1_263' title='bbox 258 3624 377 3694; x_wconf 66' lang='lat' dir='ltr'>arripio)</span> <span class='ocrx_word' id='word_1_264' title='bbox 399 3640 432 3678; x_wconf 77' lang='lat' dir='ltr'>oz</span> <span class='ocrx_word' id='word_1_265' title='bbox 452 3625 552 3692; x_wconf 86' lang='lat' dir='ltr'>panim.</span> 
     </span>
     <span class='ocr_line' id='line_1_40' title="bbox 107 3691 802 3824; baseline -0.01 -74"><span class='ocrx_word' id='word_1_266' title='bbox 107 3701 136 3768; x_wconf 72' lang='lat' dir='ltr'>*l</span> <span class='ocrx_word' id='word_1_267' title='bbox 157 3697 251 3750; x_wconf 54' lang='lat' dir='ltr'>naith„</span> <span class='ocrx_word' id='word_1_268' title='bbox 269 3697 312 3752; x_wconf 78' lang='lat'>24.</span> <span class='ocrx_word' id='word_1_269' title='bbox 350 3699 399 3764; x_wconf 77' lang='lat' dir='ltr'>”l</span> <span class='ocrx_word' id='word_1_270' title='bbox 419 3696 444 3748; x_wconf 75' lang='lat'>2.</span> <span class='ocrx_word' id='word_1_271' title='bbox 464 3694 562 3747; x_wconf 86' lang='lat' dir='ltr'>Thess.</span> <span class='ocrx_word' id='word_1_272' title='bbox 580 3691 606 3746; x_wconf 77' lang='lat'>2.</span> <span class='ocrx_word' id='word_1_273' title='bbox 732 3759 802 3824; x_wconf 50' lang='lat'>21·</span> 
     </span>
    </p>
   </div>
   <div class='ocr_carea' id='block_1_7' title="bbox 0 0 1138 4006">
    <p class='ocr_par' dir='ltr' id='par_1_8' title="bbox 0 0 1138 4006">
     <span class='ocr_line' id='line_1_41' title="bbox 0 0 1138 4006; baseline 0 0"><span class='ocrx_word' id='word_1_274' title='bbox 0 0 1138 4006; x_wconf 95' lang='lat' dir='ltr'> </span> 
     </span>
    </p>
   </div>
  </div>
 </body>
</html>
