2258 4002
152 159 214 226 176
343 161 471 218 assutis
488 177 562 224 caru.
584 164 659 218 artic.
670 162 714 222 xD.
732 162 766 218 n.
784 163 813 220 h.
830 178 880 233 per

236 315 307 378 Soio
329 324 442 394 autern,
464 315 537 397 quid
558 316 609 378 hic
630 315 703 378 mihi
725 312 895 397 opposituri
917 317 992 396 sint,
1012 320 1066 378 sci·

152 399 223 460 licet
246 401 359 479 omnia,
381 418 460 479 quae
482 399 654 479 dictasunt,
675 401 807 480 probare
828 417 889 461 non
901 411 1067 481 peccatum,

152 484 206 544 sed
228 482 378 546 defectum
403 502 458 544 seu
473 483 680 544 infirmitatem
700 485 730 542 iu
753 483 841 544 achis
853 484 981 562 relinqui
1000 493 1069 564 post

152 566 353 646 baptismum,
386 568 432 628 sic
454 568 534 626 enim
554 566 691 628 fomitem
724 575 755 627 et
784 567 947 646 passiones
973 570 1067 628 caruis

152 649 316 725 vocaatl).
360 650 560 731 Respondes:
597 650 628 711 Si
662 650 730 710 sola
757 650 924 710 nosverbi
954 657 1068 711 conuo-

153 735 253 793 versia
273 733 409 811 heberet,
430 734 519 795 facile
541 735 744 810 admitterem,
764 741 798 793 ut
819 732 971 794 defectum
984 753 1069 795 voca-
1119 809 1120 814 ἵ

151 823 219 876 rent
240 816 385 896 quidquid
408 816 438 876 id
461 824 507 877 est
529 818 610 894 mali,
633 817 714 896 qood
735 819 766 876 in
788 818 954 896 praedictis
977 817 1069 897 Scrip-

151 905 237 960 turee
259 900 359 961 verbis
382 900 510 978 relinqui
536 901 568 958 in
590 901 679 960 nobis
712 899 874 979 probatum
904 910 961 960 est.
1003 900 1070 960 Fru-

151 989 213 1042 stra
235 985 316 1042 enim
338 991 469 1051 certatur
490 983 528 1043 de
549 986 684 1061 nomine,
705 1001 774 1042 cum
789 983 827 1044 dc
848 1002 881 1044 re
895 984 1069 1046 constiterit.

152 1065 281 1142 Verum,
309 1066 391 1145 quod
414 1066 565 1126 defectum
588 1068 632 1126 sic
653 1067 825 1147 appellant,
859 1081 892 1126 ut
913 1077 1069 1146 peccatum

151 1167 220 1210 esse
241 1156 355 1228 negent
382 1155 413 1209 et
441 1168 503 1210 non
532 1150 670 1229 culpam,
702 1149 757 1209 sed
789 1169 924 1229 poenam
959 1159 1068 1211 tantum
1119 1213 1120 1216 ,

150 1233 269 1312 peccati
291 1251 360 1292 esse
382 1233 490 1311 velint,
520 1233 679 1294 admittere
700 1250 763 1293 nou
785 1251 923 1312 possum.
967 1233 1071 1311 Neque

151 1316 232 1376 enim
265 1316 339 1378 satis
371 1324 433 1395 est,
469 1316 551 1395 quod
583 1318 649 1377 siue
682 1316 855 1396 Scripturas
891 1317 1071 1376 testimoniis
1119 1389 1120 1392 Ἴ

151 1399 314 1460 autoritate
335 1401 461 1479 propria
484 1399 603 1478 dicunt,
633 1402 736 1460 omnia
762 1400 822 1458 ista
844 1400 981 1460 detectus
1004 1400 1071 1477 dici,
1119 1401 1120 1466 ἕ

151 1483 223 1560 quia
245 1482 388 1542 deficiant
408 1500 428 1541 a
448 1483 584 1563 perfecta
605 1483 681 1562 legis
702 1482 901 1562 plenitudine.

235 1565 362 1645 Deinde,
386 1566 469 1645 quod
490 1584 553 1626 non
575 1566 647 1627 licet
668 1566 720 1628 ulti
742 1566 939 1646 angelorum,
962 1564 1071 1626 nedum
1119 1571 1120 1592 i

150 1649 224 1729 ipsis
246 1649 435 1728 hominibus,
466 1649 559 1710 verba
580 1649 637 1709 Dei
656 1667 712 1728 pro
735 1667 792 1711 suo
814 1667 907 1710 seusu
928 1651 1072 1728 interpre-

150 1732 221 1811 tari,
245 1741 292 1812 ut,
325 1732 408 1811 quod
429 1732 482 1792 ille
502 1741 663 1812 peccatum
685 1745 790 1812 aperte
816 1743 924 1811 vocat,
958 1732 1002 1791 ilii
1025 1731 1071 1792 dc·
1119 1767 1120 1806 ξ

150 1816 262 1877 fectum
283 1817 530 1895 interpretentur.
573 1816 785 1895 Apostolus*)
811 1816 891 1876 euim
915 1815 1073 1875 manifeste
1119 1833 1120 1856 ³

151 1898 242 1975 dicit,
264 1918 298 1960 se
319 1900 474 1980 captivum
497 1900 566 1958 duci
593 1900 625 1958 in
646 1899 747 1978 legem
768 1899 889 1980 peccati
910 1906 942 1958 et
964 1915 1073 1958 concu-
1119 1899 1120 1946 ἱ

151 1984 343 2064 piscendam,
365 1984 529 2044 autoritate
550 1982 793 2061 iegisccgoitam
815 2001 834 2042 a
856 1989 1073 2062 sepeccatum,
1119 1977 1120 2032 ἲ

81 2124 85 2133 ,
151 2083 243 2146 quam
253 2068 363 2126 iterum
373 2075 465 2126 vocat
474 2075 636 2145 peccatum
647 2066 677 2124 in
691 2083 783 2126 carne
795 2084 851 2126 sua
873 2066 1071 2126 habitantem.

191 2209 196 2220 Ι
235 2148 398 2224 Quomodo
422 2151 503 2210 enim
532 2167 594 2209 nou
621 2149 678 2208 erit
706 2167 776 2208 vere
799 2157 977 2228 peccatum,
1007 2166 1072 2209 cum
1119 2149 1120 2220 i

151 2233 190 2294 ad
212 2231 317 2294 hccut
338 2243 580 2314 verepeccatnm
604 2251 671 2292 esse
683 2233 802 2312 probet,
825 2233 959 2292 adducat
972 2232 1072 2311 legem
1119 2251 1120 2276 r

150 2316 362 2396 prohibentem
386 2317 615 2396 concupiscere,
638 2324 668 2376 et
688 2317 820 2376 fateatur
833 2334 902 2376 sese
925 2332 988 2375 non
1004 2333 1072 2378 ccu-

152 2402 310 2481 cupiscere
332 2419 394 2461 non
417 2418 520 2480 posse,
542 2418 580 2459 ac
601 2418 658 2479 per
679 2398 740 2460 hoc
762 2417 846 2476 vero,
867 2416 929 2459 non
953 2398 1072 2460 defectu
1119 2399 1120 2418 ¹

150 2490 286 2564 tautum,
313 2484 367 2544 sed
389 2491 519 2563 peccato
541 2493 648 2544 contre
670 2482 768 2562 legem
792 2483 901 2546 fecere.
941 2481 1023 2542 Nam
1045 2490 1072 2542 et

150 2568 274 2648 ipsimet
295 2576 445 2647 cogentur
465 2568 526 2628 hcc
546 2575 708 2646 peccatum
731 2566 842 2642 dicere,
865 2565 949 2644 quod
967 2574 1071 2626 contra

150 2650 294 2732 legemflt
314 2669 499 2731 quocunque
514 2651 619 2729 modo,
640 2649 819 2710 etdefeatus
832 2650 893 2729 iile,
915 2667 1008 2728 quem
1023 2667 1071 2710 ex·
1119 2723 1120 2732 ἒ

150 2735 305 2795 tenuando
317 2743 478 2815 peccatum
491 2735 536 2795 sio
546 2740 668 2811 vocant,
682 2743 763 2793 certe
775 2741 883 2794 contra
892 2731 995 2813 legem
1019 2741 1069 2792 est.
1119 2781 1120 2804 2

109 2883 111 2890 ,
235 2817 325 2893 Quod
346 2821 372 2879 si
395 2819 528 2881 hocuuc
550 2817 620 2880 loco
645 2818 688 2876 sic
702 2816 773 2877 licet
795 2815 894 2879 verbis
905 2816 965 2876 Dei
980 2817 1069 2894 abuti,

152 2909 185 2962 ut
205 2908 366 2982 peccatum
390 2921 452 2963 nou
476 2900 803 2982 peccatumdicamus:
827 2899 985 2979 quomodo
1002 2901 1068 2960 resi-

150 2991 266 3046 stemus
288 2988 413 3066 uegauti
433 2987 463 3047 in
486 2987 672 3061 universum,
696 2985 799 3046 omnia
820 2991 950 3063 peccata
962 2985 992 3042 in
1008 2991 1068 3044 tota

149 3067 315 3149 Scriptura,
328 3069 554 3150 dicenti,'quod
565 3071 755 3146 adulterium,
777 3067 986 3145 homicidium,
1007 3066 1067 3128 ido·

149 3152 238 3214 latria
249 3171 372 3233 quoque
383 3173 445 3215 uon
459 3155 497 3214 sit
517 3162 689 3234 peccatum,
711 3153 767 3214 sed
779 3151 915 3213 defectus
927 3155 959 3212 et
969 3169 1067 3233 poena

149 3240 279 3316 peccati.
322 3237 355 3298 Si
378 3257 453 3317 ergo
468 3237 538 3298 huic
559 3239 659 3299 resisti
682 3238 783 3314 dehet,
805 3243 928 3316 oportet
950 3246 983 3294 nt
1002 3251 1067 3314 pec-

150 3327 252 3380 catum
283 3321 477 3401 simpliciter,
510 3323 689 3401 pracsertim
720 3320 770 3381 ubi
799 3320 876 3400 legis
907 3316 1065 3401 prohibitio

137 3403 325 3483 adducitur,
355 3405 439 3465 cuius
462 3406 694 3485 cpmparetioue
715 3405 877 3488 probetur,
904 3403 1066 3482 accipietur

205 3596 237 3736 pp
257 3599 353 3726 gropp.
370 3606 440 3730 prig.
460 3588 560 3661 deest:
581 3614 688 3662 vocant.
