2254 4008
343 157 376 217 ι),
394 157 531 220 lig-Loth.
549 155 734 218 Praaluffiumt
954 154 1003 228 ,Ἦ

8 349 10 388 3
87 313 184 392 possit,
207 331 280 374 sese
302 331 371 374 essa
392 311 594 392 baptismum,
622 317 674 371 aut
700 309 774 390 quid
795 311 824 372 in
846 309 1004 390 baptismo

9 415 10 466 ι
85 404 264 456 oonssoutus
295 397 342 456 sit.
385 394 524 459 Deoebat
545 397 626 456 enim
648 413 705 456 nos
739 413 809 454 ossa
838 395 917 460 siout
937 413 1005 474 par·

8 475 10 554 i
85 479 140 538 vuli
162 478 327 558 baptisati,
359 481 409 558 qui
433 477 522 540 nullis
545 478 651 539 studiis
683 478 840 557 nullisquev
862 477 1005 558 operibus

84 563 219 641 oooupati
197 564 276 622 tin
300 564 403 623 omnia
426 569 497 621 sunt
514 561 610 637 liberi,
633 562 729 622 solius
752 561 851 640 gioria
862 560 1006 641 baptismi

8 643 10 704 j
82 648 122 706 sui
155 647 311 705 seouriet
300 645 425 724 tsalvi,
456 665 560 706 sumus
590 646 671 714 enirn
698 651 727 706 et
754 645 812 724 ipsi
834 645 953 725 parvuli
972 646 1004 706 in

82 727 213 805 Christo,
238 729 362 790 assidue
384 728 536 825 baptisati.

9 887 10 890 Ἴ
157 811 343 892 Opponetur
364 811 491 873 forsitan
514 812 560 886 iis,
583 830 663 890 quas
685 810 766 876 diota
788 816 868 887 sunt,
891 809 1006 888 baptis·

8 951 10 970 ,
81 914 140 954 mus
164 896 375 972 parvulorum,
398 897 448 973 qni
472 895 706 974 promissionem
719 893 777 954 Dei
799 895 1005 973 nonoapiant,

8 971 10 988 '
80 997 132 1040 neo
153 977 252 1040 fidem
273 979 415 1058 baptismi
437 977 549 1038 habore
562 984 701 1056 possunt,
723 977 855 1055 ideoque
869 979 922 1040 aut
943 996 1005 1048 non

79 1061 185 1139 requiri
217 1061 326 1142 iidem,
358 1069 410 1122 aut
438 1061 581 1139 parvulos
609 1060 721 1120 frustra
750 1060 905 1139 baptisari.
948 1060 1007 1124 Hio

79 1143 154 1222 dioo,
178 1144 265 1222 quod
289 1165 396 1204 omnes
418 1144 537 1219 dicunt,
567 1142 626 1204 fide
656 1144 756 1204 aliena
777 1143 913 1223 parvulis
940 1161 1007 1207 suo·

78 1228 161 1305 ourri,
184 1227 309 1288 illorum
333 1229 384 1310 qui
407 1227 537 1288 offerunt
561 1245 624 1286 eos.
668 1225 753 1286 Siout
775 1227 856 1288 anim
880 1226 1004 1288 verbum

8 1319 10 1392 ι
78 1311 128 1370 Dei
140 1317 258 1389 potens
272 1317 328 1389 est,
351 1310 422 1370 dum
438 1316 537 1388 sonat,
561 1311 651 1372 etism
674 1311 759 1388 impii
771 1329 824 1372 oor
835 1311 1009 1387 immutare,

8 1421 10 1470 2
78 1394 155 1472 quod
179 1412 246 1454 non
269 1396 368 1454 miuus
390 1400 435 1452 est
458 1393 581 1454 surdum
605 1394 789 1472 stinoapan,¹
814 1411 904 1470 quam
928 1393 1006 1455 ultus

8 1487 10 1518 ι
77 1477 242 1556 parvulus,
275 1478 317 1536 ita
346 1497 401 1556 per
430 1477 598 1537 orationem
627 1475 781 1544 eoolesiae¹
799 1475 953 1536 offerentis
977 1482 1009 1535 et

77 1559 241 1635 prodentis,
265 1561 312 1620 oui
336 1561 440 1620 omnia
451 1559 610 1638 possibilia
631 1567 709 1635 sunt,
732 1565 763 1620 at
785 1558 928 1638 parvulus
947 1557 1007 1618 fids

77 1643 173 1703 infusa
198 1651 350 1717 mutatur,
374 1641 535 1702 mundatur
558 1648 588 1702 et
610 1647 785 1704 ronovatur.
827 1641 894 1701 Neo
923 1640 1006 1704 dubi·

76 1732 169 1786 tarem
196 1727 290 1785 etiam
314 1725 450 1786 adultum
474 1726 610 1805 impium,
632 1724 740 1789 eadem
755 1725 1008 1786 eooissiaorants

77 1815 103 1868 et
137 1808 308 1884 offerente,
344 1828 436 1904 posse
465 1811 495 1868 in
524 1810 632 1886 quovis
666 1815 865 1870 saoramento·
888 1808 1008 1883 mutari,

8 1941 10 1962 ÷
76 1893 151 1952 siout
175 1891 217 1954 de
240 1891 409 1971 paralytico
433 1890 655 1970 evangalio0*)
679 1891 809 1970 legimus
832 1890 934 1952 aliona
948 1889 1007 1951 tide

8 2015 10 2038 ι
77 1981 197 2038 sanato.
234 1976 335 2054 Atque
357 1973 416 2034 hao
436 1977 555 2056 ratione
573 1974 670 2041 libans
683 1973 886 2047 admitterem
907 1992 1007 2036 saara·

78 2065 180 2118 menta
204 2077 307 2119 novae
329 2057 405 2138 legis
418 2051 486 2118 esse
508 2057 556 2118 eff
550 2077 647 2117 oaosa
668 2057 707 2119 ad
720 2055 852 2119 dandam
866 2057 1005 2136 gratiam,

78 2160 137 2202 non
161 2141 259 2202 modo
283 2159 345 2200 ιιοιι
367 2140 561 2219 ponentibus,
584 2139 637 2200 sed
661 2142 752 2200 etiam
766 2139 836 2200 obst
823 2140 1005 2203 tinsussime

8 2255 10 2296 t
78 2223 266 2303 ponentibus
295 2222 423 2284 obioem.
475 2223 554 2298 Quid
587 2224 666 2284 enim
696 2221 772 2284 fides
799 2223 949 2284 eooiasias
976 2228 1007 2282 at

79 2307 176 2368 oratio
211 2305 284 2366 fidei
312 2325 374 2368 non
407 2306 543 2382 tolleret,
576 2325 646 2366 oum
676 2306 802 2366 Panium
831 2305 1005 2385 apostolum

81 2389 257 2469 Stephanus
285 2389 344 2450 hao
380 2389 409 2448 vi
444 2390 634 2450 convertisse
663 2388 824 2450 credatur?
860 2388 901 2448 At
934 2394 1006 2448 tuno

79 2478 275 2534 saoramenta
296 2491 358 2532 non
383 2491 448 2549 sna,
471 2471 525 2532 sed
548 2470 620 2532 fidei
642 2473 751 2532 virtute
772 2470 901 2547 faoiuut,
924 2469 1006 2549 quod

8 2631 9 2636 η
79 2556 205 2630 fatiunt,
227 2557 294 2617 sino
316 2573 377 2634 qua
398 2554 470 2614 nihii
493 2573 618 2634 prorsus
642 2554 766 2632 iaoiunt,
789 2561 822 2618 ιιι
843 2554 916 2614 dixi.

8 2637 9 2640 ’
164 2637 328 2714 Quaeritur
354 2638 445 2701 etiam
480 2637 596 2714 adhue,
627 2656 665 2698 au
695 2637 840 2716 parvulus
870 2635 1006 2698 nondum

8 2719 9 2724 ’
81 2727 168 2782 natus
193 2722 302 2801 possit,
325 2726 466 2799 porreota
488 2740 528 2780 ex
539 2726 626 2780 utero
650 2739 742 2782 manu
761 2718 910 2798 vulpodo,
932 2719 1006 2798 bap·

81 2804 186 2865 tisari?
216 2805 274 2864 His
303 2803 377 2864 nihil
400 2809 514 2864 temere
536 2802 655 2876 iudioo,
682 2821 845 2881 meamque
865 2803 1007 2881 ignor-an·

82 2889 152 2950 tiam
177 2887 338 2948 confiteor.
381 2884 544 2961 Noomin,
567 2905 606 2946 an
628 2885 749 2946 idsatis
774 2887 821 2962 sit,
845 2885 926 2963 quod
950 2903 1006 2964 pro

82 2969 280 3032 fundamento
302 2969 426 3048 habent,
450 2987 518 3030 essa
541 2968 682 3030 videlicet
703 2969 836 3030 animam
859 2971 889 3028 ιιι
913 2967 1006 3047 quaii-

83 3053 132 3114 bet
154 3059 241 3132 parte
265 3052 402 3131 oorporis
426 3058 532 3126 totam,
556 3053 710 3112 nonenim
731 3052 843 3128 anima,
866 3050 921 3110 sed
943 3070 1007 3110 onr-

84 3156 138 3216 pus
162 3136 332 3214 baptisatur
353 3154 434 3213 aqua
459 3141 594 3196 externo.
638 3134 698 3196 sed
727 3153 785 3194 neo
814 3134 874 3194 hoo
894 3133 1008 3208 iudico,

85 3217 164 3296 quod
188 3216 302 3294 dieunt,
325 3218 442 3278 renasoi
456 3237 526 3278 snm
548 3236 609 3278 uon
634 3237 736 3296 posse,
760 3217 911 3294 quinatus
933 3235 1007 3276 non·
1070 3255 1084 3270 .

86 3301 152 3362 dum
175 3303 231 3377 sit,
261 3301 317 3360 etsi
346 3299 542 3361 vehementer
571 3307 689 3377 urgeat.
730 3297 804 3360 Ideo
830 3298 1007 3377 magisterio

86 3385 203 3462 spiritus
227 3384 305 3443 haso
325 3383 480 3462 relinquo,
508 3384 627 3444 iuterim
651 3383 753 3444 sinsus
776 3401 929 3461 quemque
951 3400 1006 3442 suo

87 3487 173 3528 sensu
196 3465 362 3528 abundare.
446 3531 452 3537 ,

138 3647 176 3720 *)-
189 3647 284 3703 usito.
302 3647 328 3704 9.
