2252 4006
131 211 135 220 .
211 166 316 220 Bullam
337 169 417 220 Lanu.
439 165 471 218 X.
490 166 611 220 damnat.
631 183 657 220 ιι.
677 165 755 222 tutu.
895 160 958 230 209

53 320 114 381 bun
136 319 207 398 Dei,
239 321 280 380 ibi
313 340 373 382 ιιοιι
403 325 506 400 potest
534 339 602 380 esse
632 320 778 398 euelenin,
811 339 878 380 uum
907 339 962 400 per

52 401 166 463 verbum
190 414 347 479 nascatur,
377 402 491 482 alatur,
514 405 597 464 vivat
631 410 662 464 et
685 411 840 464 acervatur.
884 403 960 467 (lum

50 493 141 546 autem
165 505 247 566 papa
269 487 369 547 multia
393 486 503 546 eeaulie
525 505 583 547 nee
605 489 768 566 amaverit,
790 504 848 548 nea
869 505 961 567 pave-

49 571 88 645 rit,
110 569 159 628 ubi
183 571 294 629 mansit
314 577 445 650 papatus
468 578 498 630 et
516 569 669 630 eeeleeie?
688 571 867 649 praesertim
890 587 960 629 uum

47 651 201 711 eeclesiam
224 653 291 714 eine
313 651 441 732 Papam,
463 651 494 712 id
517 662 579 730 eet,
603 670 708 714 amore
730 661 761 713 et
781 661 870 732 pastu
893 671 962 713 esee
1064 681 1068 690 ·

47 752 100 793 nun
130 753 225 813 poene
251 742 314 795 tam
341 737 459 796 fortiter
484 745 602 796 asserat
614 735 656 813 ¹).
705 736 818 797 Verum
846 735 884 795 ad
906 735 961 796 hau

45 818 173 877 rationes
195 817 304 878 oeulos
316 827 347 878 et
360 837 448 879 aures
471 819 626 898 claudunt,
649 821 699 900 qui
714 827 816 879 tamen
840 821 864 878 ei
883 820 961 879 viee-

46 901 146 959 simam
168 908 286 980 partem
309 902 397 962 huius
420 901 539 963 roboris
562 922 617 982 pro
645 921 679 961 ee
700 902 861 979 baberent,
893 919 961 963 aue·

45 983 99 1042 lum
122 991 153 1042 et
175 991 286 1044 terram
315 985 499 1046 elamoribus
521 987 691 1066 replerent,
724 1003 791 1045 eum
826 1004 883 1046 nee
918 987 962 1044 aiu
1057 1061 1058 1068 ἵ

45 1065 199 1128 vociferari
222 1067 377 1143 desinent,
406 1086 474 1128 eum
506 1069 578 1129 nihil
607 1071 663 1128 uisi
692 1068 853 1129 mendacia
880 1069 962 1129 intir-

45 1147 176 1209 miaeima
197 1168 253 1230 pro
275 1169 309 1212 ee
331 1150 474 1214 habeant.

119 1231 283 1312 Reliquum
308 1241 354 1294 eet
376 1253 461 1314 ergo,
483 1242 516 1293 ut
537 1235 616 1294 sieut
630 1235 817 1315 Augustinus
841 1245 872 1294 et
893 1236 962 1314 ipsi·

44 1321 98 1376 mat
119 1317 264 1396 sentiunt,
287 1318 368 1378 hune
390 1317 491 1378 loeum
513 1317 659 1378 [ohannis
682 1317 755 1377 nihil
778 1317 816 1378 ad
840 1336 959 1379 monar-

44 1400 146 1474 ehiam,
171 1399 224 1458 sed
247 1399 285 1460 ad
309 1401 482 1480 generalem
506 1400 646 1461 omuibus
669 1401 842 1480 pastoribus
865 1402 961 1461 eeale-

43 1484 148 1542 uiarum
174 1481 344 1543 doctrinam
367 1485 527 1564 pertinere,
549 1490 581 1543 et
597 1502 664 1544 eam
688 1483 862 1563 ecelesiam,
884 1503 962 1564 quae

44 1565 92 1624 sub
114 1583 199 1644 papa
220 1567 351 1646 regitur,
386 1569 458 1646 quia
485 1568 552 1626 eine
579 1585 686 1628 amore
715 1576 745 1628 et
766 1575 855 1648 pastu
879 1566 962 1627 verbi

44 1647 93 1707 Dei
114 1649 249 1728 regitur,
279 1649 352 1709 nihil
380 1651 479 1709 minue
513 1669 604 1731 quam
628 1650 789 1712 ecelesiam
818 1669 901 1729 esee,
934 1659 962 1710 et

43 1733 133 1810 ipsum
159 1750 272 1812 papum
294 1733 366 1792 nihil
390 1734 488 1793 minus
510 1752 601 1815 quem
625 1747 779 1813 pastorem
809 1733 960 1794 ecelesiae

43 1813 202 1892 delesse,
231 1815 284 1875 ead
307 1815 421 1876 idolum
445 1816 652 1876 adversarium
676 1816 797 1877 Christo
820 1826 851 1876 et
871 1836 964 1876 evau-

43 1896 116 1977 gelio
146 1898 221 1958 eius.
269 1897 326 1959 Ubi
356 1917 430 1980 ergo
460 1918 542 1960 nune
565 1899 657 1960 stabit
679 1899 801 1960 liutitiue
823 1901 881 1960 ieta
903 1901 961 1980 pri·

44 1979 160 2040 metue?
182 1987 345 2060 postquam
369 1982 429 2043 duo
451 1981 481 2042 hi
503 1983 574 2062 loni,
598 1983 707 2062 quibua
730 1985 834 2044 nititur
854 1984 962 2063 prinni-

43 2063 146 2142 paliter
168 2081 308 2144 prensus,
349 2072 456 2126 eontra
490 2083 559 2126 eum
594 2066 695 2127 faeere
730 2068 961 2128 convineuntur.

44 2145 104 2206 lion
128 2165 191 2226 ego
215 2147 365 2208 tantillum
389 2165 477 2230 euro,
500 2148 582 2229 quod
606 2148 824 2230 longitudinem
847 2156 963 2230 tempu·

44 2230 93 2305 rie,
128 2229 352 2292 multitudinem
384 2241 415 2292 et
448 2232 687 2314 magnitudinem
722 2234 961 2316 conspirantium

44 2313 106 2372 mihi
140 2313 311 2376 obiectant:
355 2315 437 2395 quod
467 2317 576 2376 talibus
615 2319 801 2396 argumentis
832 2317 962 2377 mundun

46 2408 146 2457 eontra
167 2399 328 2477 apostolos
351 2417 474 2478 quoque
497 2419 569 2459 uena
592 2399 689 2476 fuerit,
712 2408 742 2460 et
759 2408 859 2462 teman
883 2397 959 2478 ab²)

46 2479 97 2540 hoa
118 2482 279 2542 venitatem
303 2483 453 2561 evangelii
474 2491 645 2562 radentem,
668 2502 686 2543 a
708 2486 814 2564 paueie
837 2490 867 2543 et
888 2482 963 2565 idiu-

45 2564 318 2645 depraedicatam,
342 2567 524 2646 redarguere
546 2585 607 2628 nou
625 2573 797 2647 potuerunt.

302 2733 521 2794 Viaeeimne
551 2740 704 2793 sextus:

68 2841 71 2848 ’
102 2861 237 2923 Verbum
260 2860 369 2922 (lhriati
393 2860 430 2922 ad
446 2861 584 2938 Petrum,
607 2860 811 2940 quodeunque
833 2859 962 2925 solveris

102 2965 193 3027 super
216 2954 324 3006 terram
349 2955 418 3022 ete,
442 2944 614 3006 extenditur
637 2943 788 3007 duntaxat
810 2943 964 3024 adligata

103 3030 140 3090 ab
163 3031 232 3110 ipen
256 3027 357 3089 Petro.

124 3147 256 3208 Primum
283 3165 380 3228 nego,
413 3146 451 3207 ad
480 3145 579 3207 aulum
610 3145 732 3208 Petmm
765 3145 826 3206 hou
852 3144 964 3205 ¹(timisti

45 3230 166 3291 ¹verbum
190 3249 259 3290 eene
281 3230 410 3308 dietum,
443 3247 543 3310 neque
565 3247 624 3310 ego
654 3228 714 3290 hou
736 3245 868 3309 uuquam
891 3227 963 3286 dixi.

50 3315 246 3395 interrogavit
266 3315 346 3374 enim
375 3331 483 3374 omnes
505 3312 686 3392 dleeipuloe,
716 3308 835 3371 diaene:
865 3309 963 3385 Quem

52 3415 100 3457 ιοι
130 3417 179 3458 me
212 3416 281 3458 eaeo
308 3395 429 3457 diuitis?
464 3396 504 3456 Et
530 3395 636 3456 Petrus
669 3395 803 3456 omnium
832 3409 964 3472 perenna

100 3672 130 3736 1)
151 3671 181 3722 ln
201 3667 243 3724 ed.
262 3667 336 3721 lem:
355 3668 503 3718 asseratur.
539 3660 574 3726 2)
592 3657 661 3714 lbid.
684 3659 797 3728 legitur:
817 3656 865 3710 ob,

75 3775 161 3817 uuum
175 3785 227 3824 opp.
240 3773 267 3815 v.
281 3771 308 3812 u.
323 3771 352 3810 aa
366 3769 406 3810 aar.
419 3767 471 3808 nna
484 3768 499 3810 ι.
513 3777 535 3816 p.
549 3765 599 3808 von
613 3764 640 3806 v.
759 3729 798 3793 14
