2250 4008
143 197 205 274 502
435 197 597 254 Gontntatio
615 197 785 252 Lutheriena
874 185 877 191 ’

145 356 286 420 homines
310 371 418 414 omnes
431 353 492 415 hoc
508 353 779 416 vehementissimo
793 351 909 416 iudicio
934 350 1067 413 suma·

148 449 228 504 stum
251 456 360 519 urgere
383 443 415 498 et
437 437 642 518 compellere,
678 435 715 500 ut'
741 437 797 500 sub
829 439 897 500 alas
928 438 996 497 eius
1016 441 1067 496 tra

143 529 274 602 mentes,
296 519 512 601 desperantes,
535 521 713 584 anhelantes
737 543 805 584 sese
827 522 992 602 recipiant.
1035 520 1070 580 ht

144 608 194 674 isti
203 607 292 668 huius
305 605 426 684 peccati
436 611 600 683 negatores
607 607 721 668 iaciunt
731 609 900 668 oscitantes
908 611 941 666 et
950 623 1070 665 securm

146 689 299 766 homines,
320 688 350 747 in
365 695 495 766 accepto
513 687 609 765 dono,
630 710 686 772 per
698 691 758 752 hoc
770 698 801 750 et
815 691 929 752 Christi
946 689 1071 768 gratiam

146 775 255 848 vilem,
283 776 315 831 et
336 771 575 834 misericordiam
598 774 655 834 Dei
677 773 792 850 levem,
822 773 860 834 ad
884 791 971 854 quae
991 772 1073 849 sequi

147 854 322 920 necessario
330 860 453 933 oportet
460 854 554 934 frigus
562 857 686 935 amoris,
699 858 859 937 segnitiem
869 855 988 931 laudis,
1002 859 1073 914 ette-

147 960 255 1022 porem
271 936 475 1017 gratitudinis.
497 937 579 998 Nihil
593 939 631 1000 de
643 938 766 1004 Christo
780 941 809 1000 hi
823 957 956 1022 prorsus
971 938 1073 998 sciunt.

234 1023 280 1086 Tu
303 1039 378 1100 ergo
401 1038 477 1080 cave
510 1020 580 1083 illos
613 1023 898 1104 pestilentissimos,
936 1020 1074 1082 et'discs

151 1126 246 1189 opera
268 1102 326 1168 Dei
349 1122 479 1182 magna,
502 1105 630 1166 mirifica
653 1113 684 1168 et
715 1107 852 1186 gloriosa
874 1123 958 1167 esse.
1005 1101 1072 1164 Ideo

149 1192 229 1255 scias
253 1194 315 1250 tete
337 1207 398 1246 nou
422 1205 514 1266 posse
528 1189 761 1270 hocpeccatum
784 1193 858 1252 satis
869 1205 1071 1270 exaggerare,

148 1271 353 1354 nequeenim
374 1269 489 1332 malum
511 1273 576 1332 eius
598 1273 678 1334 ullus
692 1274 851 1334 hominum
872 1291 1017 1353 unquam
1038 1271 1072 1330 iu-

152 1357 305 1436 vestigare
327 1361 381 1414 aut
403 1355 665 1434 comprehendere
699 1358 820 1437 penitus
851 1357 977 1437 potuit,
1012 1373 1072 1415 cnm

150 1443 189 1504 sit
212 1438 362 1504 infinitum
385 1443 415 1498 et
438 1445 606 1513 aeternum,
630 1446 663 1500 ut
685 1459 787 1501 rursus
810 1459 907 1520 opera
919 1437 983 1500 Dei
1006 1455 1071 1517 ong-

152 1541 263 1588 uoscae
284 1521 316 1584 in
332 1520 454 1584 Christo
476 1526 577 1582 tecum
600 1523 682 1602 iacta
703 1524 948 1592 esseimmensa,
973 1528 1009 1582 ut
1030 1523 1072 1600 qui

151 1617 214 1676 tam
237 1611 395 1688 potentem
419 1602 471 1664 tibi
494 1605 525 1664 in
543 1605 664 1667 Christo
687 1607 817 1687 gratiam
840 1604 1074 1688 praeordinant,

152 1711 233 1772 quae
254 1693 340 1752 tanto
370 1687 453 1748 malo
485 1705 547 1749 non
580 1691 713 1768 patiatur
735 1698 797 1752 tete
829 1689 933 1770 perdi,
975 1695 1007 1748 et
1029 1689 1074 1764 qni

153 1782 239 1840 tanto
262 1771 344 1834 malo
363 1769 476 1850 diguus
499 1771 556 1849 sis,
587 1779 688 1834 tamen
711 1773 791 1835 illiue
813 1773 950 1834 hominis
972 1771 1077 1854 gretia,

154 1855 337 1922 nouaclum
361 1854 413 1914 itio
436 1872 499 1915 non
522 1855 678 1934 perderis,
702 1857 870 1918 sedetiam
889 1855 1019 1916 taudem
1042 1852 1078 1914 ah

28 1959 30 1964 ’
152 1961 193 2004 en
215 1939 362 2003 libereris.
406 1936 633 2016 Magnificenda
662 1947 710 2001 est
736 1940 833 2018 gloria
857 1939 994 2020 gratiae,
1024 1953 1080 1996 uec

154 2029 259 2106 potest
279 2021 355 2084 satis
377 2019 583 2099 magnificari,
604 2023 648 2084 ita
669 2030 702 2084 ut
724 2022 884 2094 Paulus*i
910 2022 1082 2083 exclamet:

156 2107 280 2171 Gratias,
301 2105 369 2165 Deo
400 2122 457 2184 pro
481 2104 675 2166 inenarrabili
703 2105 786 2167 doun
816 2107 890 2166 eius.
933 2105 982 2164 Ne
1004 2121 1080 2183 ergo

155 2189 310 2255 auscultes
334 2186 450 2266 frigidis
472 2187 538 2249 istis
568 2195 599 2250 et
629 2189 782 2270 languidis
805 2187 1019 2270 sophistarum
1044 2187 1081 2245 si·

155 2273 225 2335 hilis
246 2272 286 2334 de
299 2269 444 2352 operibus
468 2268 557 2331 honis
580 2273 646 2332 sine
666 2279 807 2353 peccato,
829 2272 869 2332 de
883 2271 946 2331 fide
969 2269 1082 2348 infusa,

156 2357 195 2419 de
218 2353 279 2420 lide
301 2354 470 2434 acquisita,
505 2353 551 2414 de‘
566 2354 663 2415 libero
685 2354 827 2432 arbitrio,
859 2355 982 2415 somnia
1008 2358 1082 2414 suut

157 2448 187 2502 et
207 2437 326 2500 ludicra
348 2434 387 2497 ad
409 2437 499 2497 istam
527 2455 592 2498 rem
619 2439 740 2500 seriam.
761 2461 763 2466 ·
783 2437 816 2498 ln
840 2437 995 2501 Christum
1016 2441 1082 2496 tete

157 2525 222 2604 rapi
245 2525 377 2602 oportet,
398 2520 477 2580 siout
494 2518 552 2582 lea.
569 2522 597 2583 2.
621 2519 707 2582 dicit:
730 2520 895 2602 Ingredere
907 2522 943 2596 ,in
959 2523 1083 2602 petram

158 2613 189 2670 et
210 2602 401 2668 abscondere
421 2603 452 2663 in
475 2603 559 2664 fossa
579 2603 672 2664 humo
695 2623 715 2664 a
734 2604 812 2664 facie
834 2605 952 2665 timoris
976 2602 1083 2663 Domi·

157 2691 188 2752 ni
210 2694 242 2752 et
261 2709 281 2750 a
318 2684 417 2767 gloria
444 2687 612 2746 maiestatis
634 2687 717 2766 eius3
752 2694 782 2746 et
803 2689 833 2747 in
856 2681 1082 2750 (lantieisfflt

158 2769 308 2834 Columba
336 2789 406 2832 mea
436 2771 468 2830 in
499 2769 700 2830 foraminibus
733 2778 840 2850 petrae
872 2772 901 2830 in
938 2770 1082 2830 cavernis

159 2855 321 2920 maceriae.
363 2853 434 2914 Noli
444 2872 554 2914 errare.
589 2851 768 2935 Magnitudo
782 2853 984 2934 protectionis
1006 2851 1082 2912 satis

158 2939 290 3014 indicat,
313 2942 460 3017 quantum
483 2938 521 2996 eit
543 2945 702 3016 peccatum
725 2936 830 3014 istud,
846 2937 904 2997 nisi
926 2935 1081 2996 Christum

160 3023 254 3084 lilium
267 3020 327 3081 Dei
348 3021 505 3080 existimes
520 3019 652 3100 ligneam
666 3021 798 3100 aliquam
819 3020 989 3100 imaginem
1006 3037 1080 3077 esse.

160 3106 275 3170 Omnes
289 3101 392 3164 Sancti
409 3108 542 3164 tremunt
552 3101 775 3179 hociudicium,
798 3110 838 3180 et,
853 3103 911 3162 nisi
926 3101 1080 3162 Christum
1100 3135 1103 3142 ·

160 3194 333 3269 opertorem
350 3185 492 3256 habeant,
515 3193 653 3265 pereunt,
666 3195 697 3246 et
710 3203 765 3247 nos
776 3184 877 3246 adhuc
888 3184 1079 3265 disputamus

160 3281 191 3332 et
201 3269 343 3350 ludimus,
365 3269 397 3329 in
412 3268 554 3348 operibus
568 3270 657 3330 honis
670 3275 831 3349 peccatum
845 3288 922 3329 esse.
948 3267 1002 3328 Sic
1024 3268 1079 3326 sci·

159 3355 233 3415 licet
252 3351 290 3412 de
302 3351 460 3412 tremenda
474 3353 634 3412 maiestate
646 3358 770 3412 aeterua
780 3353 926 3432 sapimus,
946 3348 1079 3430 quasidc

160 3435 284 3495 homine
296 3434 405 3514 quovis
416 3433 749 3513 disputemus,quando
764 3435 802 3494 de
816 3435 868 3496 illa
881 3435 1078 3514 disputamus.

245 3515 363 3576 Deinde
378 3515 518 3595 procedit
529 3516 688 3578 distinctor
710 3517 823 3596 dicens,
845 3517 966 3578 duabus
981 3516 1078 3578 causis

160 3597 275 3670 vitium,
296 3596 379 3675 quod
399 3604 505 3658 contra
517 3598 616 3678 legem
630 3601 686 3660 Dei
698 3619 767 3662 esse
782 3601 910 3680 videtur,
934 3619 999 3662 non
1015 3615 1078 3660 esse

161 3697 586 3784 ΜἻΪ*ἶῖἶῖιῗιίἷῐῖιΓἜῙῙΤ·)
607 3717 682 3782 Cant.
701 3718 727 3773 2.
