2254 4008
157 155 199 228 te
415 163 825 237 montuosum-

158 317 293 382 omnium
327 318 469 402 repeseni
504 324 553 384 sui
578 324 757 388 memorium
789 323 1012 408 opperiendet,
1042 333 1068 388 st

157 403 370 483 promissionis
399 403 535 480 divinae,
573 425 665 486 quem
693 406 842 488 deseruit,
870 427 940 470 oum¹
967 406 1069 472 fluum

156 485 345 561 reeordatus,
368 488 497 550 eeudem
521 489 702 552 eonfitemur
723 490 867 567 Domino,
889 489 1024 572 geudeus
1041 511 1070 552 se

155 574 273 631 tentum
296 569 397 632 udbue
417 573 448 632 in
469 573 626 652 preesidio
647 572 760 635 bebere
772 573 888 652 solutis,
909 573 991 654 quod
1006 573 1071 654 bep

156 653 265 715 tisetue
285 655 328 714 eit
346 654 562 736 detesteneque
585 673 671 717 soem
683 657 808 737 impiam
820 656 1072 738 ingratitudinem,

157 735 240 815 quod
273 735 376 798 elide
407 747 439 798 et
465 739 591 800 veritate
619 739 757 802 eiusdem
792 740 949 802 deleesrit.
1005 740 1073 802 llire

157 819 238 882 euim
262 838 315 880 oor
338 822 662 904 murmurmurmur,
685 821 776 884 etad
799 843 885 904 spem
909 824 1073 886 miserieor·

157 901 226 964 dine
247 903 440 981 animabitur,
462 903 675 970 sieoneideret
694 905 829 968 divium
844 907 1073 986 promissionem

156 985 214 1046 eibi
242 986 369 1063 lentem,
405 1007 496 1068 quem
525 988 716 1070 impossibile
742 992 790 1052 eet
817 989 952 1067 mentiri,
980 989 1074 1052 edhue

155 1069 305 1152 integrum
328 1078 359 1132 st
380 1091 441 1132 nun
464 1078 621 1148 mutatam,
644 1091 703 1134 nee
723 1071 902 1135 mutabilem
923 1072 993 1134 ullis
1012 1091 1075 1153 pen

156 1153 233 1214 ontis
256 1173 340 1223 esee,
361 1156 441 1216 siout
460 1155 572 1217 Peulue
595 1155 668 1216 dioit
689 1157 717 1220 2.
741 1156 873 1220 Timotb.
897 1157 935 1218 2:
964 1154 997 1216 si
1018 1175 1074 1217 uon

156 1235 318 1312 oredimus,
339 1237 390 1298 ille
411 1238 512 1300 tidelis
522 1245 692 1319 permeneb
713 1239 861 1319 seipsum
882 1257 1000 1319 degere
1019 1257 1076 1300 nou

156 1326 269 1399 potest.
305 1320 399 1401 Heee,
422 1324 557 1402 inquom,
579 1319 760 1384 veriteeDei
783 1341 853 1383 eum
875 1321 1019 1401 servent,
1039 1323 1077 1382 ite

156 1408 199 1476 ut,
220 1403 247 1464 si
267 1410 369 1465 uetere
386 1407 490 1470 omniu
511 1410 616 1487 ruent,
643 1404 722 1468 beee
750 1411 852 1468 temen
874 1424 946 1466 eum
968 1404 1077 1466 oredite

155 1504 217 1548 non
240 1486 438 1566 derelinquet
481 1488 582 1550 Habet
602 1489 684 1550 enim
706 1507 761 1567 per
772 1487 864 1566 bene,
885 1487 970 1569 qnod
988 1487 1073 1550 insul·

155 1569 231 1632 teuti
252 1571 444 1632 adversersio
468 1577 625 1652 opponet,
644 1569 751 1648 hebet,
785 1571 869 1651 quod
890 1570 1077 1634 turbantibus

155 1654 292 1733 peeoetis
314 1655 536 1718 ooneoientinm
558 1651 699 1732 obiioiet,
726 1653 836 1730 behet,
857 1655 941 1734 quod
964 1653 1077 1718 borrori

156 1737 261 1798 mortis
290 1742 323 1798 et
347 1737 450 1798 iudioii
478 1737 683 1818 respondent,
714 1737 808 1800 hebet
828 1737 972 1819 denique,
998 1736 1074 1817 quod

154 1819 303 1880 universis
330 1820 548 1882 tentationibus
583 1820 726 1884 solatium
763 1825 817 1900 sit,
854 1839 966 1901 nempe
1004 1820 1078 1883 beno

155 1903 430 1982 unemveritetem‚
453 1902 617 1985 dioenez')
641 1903 725 1964 Deus
737 1911 784 1964 est
794 1923 890 1966 veru
911 1905 943 1968 in
954 1903 1077 1984 promis

155 1985 291 2050 sionibus
314 1987 387 2062 euin,
410 1987 496 2048 ouius
518 1987 638 2066 signum
660 1987 690 2050 in
711 1985 864 2067 bsptismo
886 1987 1019 2067 eusoepi.
1050 1985 1076 2048 Si

157 2067 242 2130 Deus
263 2088 319 2148 pro
343 2089 400 2145 me,
423 2071 491 2149 quis
513 2076 621 2130 oontre
643 2088 698 2132 me

239 2149 272 2211 Si
300 2153 380 2212 enim
407 2151 461 2214 dlii
487 2151 582 2216 Isreel
614 2150 653 2214 ed
682 2152 902 2232 poenitentium
930 2154 1077 2214 reversuri

155 2233 413 2314 primoomnium
436 2237 553 2298 exitum
574 2235 612 2298 de
634 2235 779 2316 Aegypto
802 2234 1031 2312 memorabant,
1051 2243 1078 2296 et

156 2315 215 2378 beo
237 2319 386 2379 memorie
408 2318 447 2381 ed
467 2319 583 2395 Deum,
613 2319 666 2396 qui
688 2317 836 2380 eduxerat
857 2336 931 2398 eos,
951 2326 1077 2380 reverte·

126 2409 130 2414 ’
158 2397 279 2476 buntur,
302 2420 380 2478 queo
403 2402 551 2465 memorie
575 2411 605 2464 et
625 2401 687 2465 boo
708 2401 808 2481 ipsum
829 2401 1017 2480 praesidium
1039 2403 1078 2464 eis

157 2483 248 2545 toties
271 2484 390 2546 eldoee
404 2484 583 2560 iuouleetur,
604 2483 775 2546 eteDevid
787 2484 944 2564 ropetitur,
967 2491 1077 2565 quento

157 2566 258 2645 megia
279 2587 338 2630 noe
366 2575 503 2630 nostrum
526 2567 566 2630 de
585 2566 730 2647 Aegypto
758 2573 866 2666 upstm
894 2567 1013 2630 exitum
1035 2566 1077 2630 de

157 2647 264 2712 bemus
287 2669 473 2728 memorare,
501 2658 533 2712 et
552 2651 619 2712 eius
639 2650 790 2714 memorie
811 2648 909 2710 redire
940 2649 979 2712 ed
1005 2669 1077 2725 eum,

157 2731 209 2811 qui
231 2752 289 2794 nos
312 2733 418 2796 eduxit
445 2733 686 2814 potissumum
708 2732 951 2811 regenerationis
972 2751 1077 2810 noves,

158 2815 244 2878 euius
272 2817 421 2878 memorie
452 2818 484 2880 in
519 2817 579 2878 boo
610 2815 710 2894 ipsum
748 2813 836 2878 nobie
866 2816 1079 2880 oommendete

157 2897 227 2959 est?
248 2897 281 2959 ld
303 2899 385 2979 quod
408 2900 544 2962 omnium
566 2897 817 2960 commodissime
838 2896 903 2960 lieri
930 2899 960 2962 in
983 2918 1075 2962 suern

157 2987 263 3044 mento
286 2983 373 3062 penis
397 2983 510 3044 etvini
534 2987 647 3063 potest.
679 2979 730 3042 sio
752 2982 833 3044 enim
852 2981 923 3044 olim
946 2983 1006 3045 trie
1026 2984 1078 3046 iste

157 3071 367 3140 seoremente,
395 3065 603 3146 poenitentis,
636 3062 820 3144 baptismus,
852 3065 956 3144 penis,
993 3064 1077 3130 simul

157 3147 267 3210 eodem
291 3147 395 3210 oliioio
421 3145 707 3227 frequentabantur,
736 3153 768 3208 et
796 3145 924 3211 elterum
955 3148 1077 3210 elterurn

157 3228 292 3294 invehet.
319 3231 367 3292 lte
390 3231 499 3311 legitur
511 3229 550 3292 de
572 3229 704 3309 quedem
727 3237 834 3292 ennete
847 3231 974 3310 virgine,
995 3249 1076 3312 quoe

159 3314 280 3392 quoties
303 3314 495 3390 tentabatur,
516 3333 578 3376 non
601 3313 659 3374 niei
681 3311 834 3392 baptismo
857 3332 914 3376 suo
935 3333 1076 3395 repugne-

159 3394 227 3472 bet,
256 3395 361 3458 dioens
389 3396 581 3458 brevissime:
615 3394 788 3458 Christiane
814 3414 899 3474 sum3
937 3397 1077 3460 intellexit

160 3479 242 3542 enim
286 3479 383 3543 boetis
427 3478 529 3540 stetim
571 3479 712 3542 virtutem
747 3478 889 3558 baptismi
932 3487 963 3546 st
1004 3479 1075 3559 fidei,

219 3655 252 3728 ⁰)
272 3658 352 3714 non.
371 3658 397 3716 s.
