2250 4008
263 217 269 232 ,
355 175 482 231 Rationis
503 178 679 232 Latomianae
697 183 747 233 etc.
845 184 855 201 ⁸
950 173 1013 242 459

80 337 231 414 Pharao,
264 333 346 418 quod
376 337 415 396 att
442 336 590 418 eiusmpdi
619 339 725 422 populi
747 357 818 416 rex,
854 341 904 422 qui
933 319 1012 426 ¹otio·

87 443 151 484 sua
176 425 216 487 sit
235 422 273 486 ab
296 419 438 501 operibus
461 421 528 497 Dei,
553 425 614 486 suis
637 423 767 505 propriis
790 443 949 506 operosus.

181 507 291 570 Adbuc
313 525 416 582 unum,
438 505 518 567 Psal.
542 509 611 572 119.
624 507 654 585 1)
667 509 791 589 saepius
807 511 933 570 iteratur
953 508 1014 568 hoc

80 593 234 672 verbum,
257 589 404 669 meditari,
424 599 473 655 nt:
495 589 685 653 Testimonia
706 599 759 652 tua
772 593 929 656 meditatio
946 609 1015 651 mea

82 683 158 754 θοις
187 684 217 736 et
246 673 416 736 Moditsbor
446 675 476 733 in
499 674 764 737 iustificationibus
796 679 856 738 tuis
878 693 1012 756 semper3

83 765 119 818 et
146 777 217 820 cnm
239 758 331 819 variis
353 756 610 836 modisvertatur‚
633 766 736 820 tamen
757 759 847 820 facile
868 759 897 820 in
920 778 1012 820 unam

83 842 240 922 colligam
274 841 528 922 significationem
565 860 688 919 omnes,
725 861 804 924 quae
835 850 898 922 est,
931 840 1013 922 quod

82 925 190 1006 vulgo
213 925 331 1002 dicitur,
354 924 556 986 amicabiliter
577 927 743 1007 applicare,
765 946 833 988 sese
848 927 1013 994 insinuare,

83 1011 252 1071 teutonice
266 1007 314 1077 ²):
351 1009 498 1085 {recubitet
533 1029 566 1080 aa
596 1011 653 1086 iiim
684 1011 770 1086 tino,
803 1011 857 1082 fetu
890 1029 923 1088 pt
957 1009 1015 1086 itm

83 1092 205 1166 stetten,
241 1091 323 1172 quod
357 1091 435 1154 Gen.
458 1094 487 1155 4.
522 1092 645 1152 dieitur:
683 1093 833 1174 Resp'exit
859 1093 942 1154 Deus
975 1091 1013 1152 ad

83 1173 194 1236 Habel
228 1175 318 1238 etad
342 1177 570 1250 maceracius,
605 1175 644 1236 ad
669 1177 744 1238 (lain
775 1183 876 1240 autem
900 1183 930 1236 et
952 1192 1014 1236 mn·

84 1279 169 1319 nera
193 1260 257 1320 eius
281 1277 342 1320 non
365 1261 511 1336 respexit.
554 1259 698 1320 Proverb.
722 1262 742 1325 8
763 1260 866 1322 aliter:
903 1259 944 1320 Et
966 1257 1015 1319 de·

84 1341 236 1403 lectabor
256 1361 311 1422 per
327 1342 463 1422 singulos
486 1342 568 1415 diea3
591 1345 756 1404 etiterum:
778 1343 916 1405 Deliciae
928 1361 1016 1402 meaa

86 1424 133 1484 ael
157 1425 239 1487 filios
260 1425 514 1506 bominum31sa.
539 1427 593 1489 17:
621 1425 655 1486 ln
678 1427 731 1489 illa
753 1425 802 1487 die
824 1423 1017 1488 inclinabitur

85 1508 141 1568 vir
163 1507 202 1568 ad
225 1508 322 1569 Deum
346 1527 452 1581 suum,
486 1516 516 1570 et
547 1526 609 1569 non
642 1509 836 1571 inclinabitur
865 1507 903 1569 ad
932 1507 1017 1569 idola

88 1609 159 1651 sna.
206 1590 271 1652 ianr
289 1591 348 1656 isa.
371 1594 427 1656 66:
449 1591 488 1652 Et
511 1611 604 1672 snper
625 1611 725 1672 genua
747 1591 941 1655 blandientur
963 1608 1016 1651 vo·

86 1673 159 1751 bis3
194 1693 296 1735 rursus
326 1674 396 1736 lsai.
419 1676 457 1738 6:
491 1675 531 1735 lit
559 1675 666 1737 oculos
695 1677 759 1736 eius
789 1675 907 1737 claude.
956 1672 1015 1734 Ob·

91 1775 200 1825 secro,
221 1759 281 1818 sint
301 1760 361 1820 iata
384 1761 487 1819 omnia
507 1777 598 1828 vera,
621 1765 654 1819 ut
673 1759 754 1820 idem
777 1757 902 1820 verbum
923 1756 1016 1818 medi·

90 1842 165 1918 tari,
188 1839 347 1918 inclinari,
370 1839 532 1918 delectari,
555 1841 680 1904 delicias
702 1842 830 1917 habere,
853 1841 1017 1920 respicere,

92 1921 239 1999 blandiri,
263 1923 416 1997 claudere,
438 1931 469 1984 et
492 1925 516 1984 si
538 1925 648 1984 fuerint
669 1925 766 2005 plura,
789 1923 948 2005 significet.
971 1923 1016 1983 lu-

92 2013 177 2068 atum
213 2014 356 2068 antemna
383 2013 430 2067 est
457 2013 503 2069 tot
532 2007 684 2068 vocabula
711 2028 751 2070 ex
781 2025 843 2069 uno
876 2004 1017 2086 multipli-

80 2108 184 2163 care,
219 2107 287 2150 cnm
318 2091 420 2170 possis
448 2090 497 2150 vei
520 2091 624 2151 omnia
646 2089 695 2152 vel
717 2091 847 2170 plurima
869 2091 901 2150 in
923 2109 1015 2149 unum

94 2171 301 2252 significatum
326 2172 480 2248 colligere,
504 2181 534 2231 et
555 2173 659 2254 figuris
682 2173 756 2236 solis
779 2172 918 2234 variare?
960 2171 1017 2232 lte·

93 2255 200 2334 spexit
221 2255 305 2316 Dens
328 2255 367 2317 ad
388 2255 503 2330 Habel,
524 2255 554 2316 id
578 2265 639 2333 est,
663 2256 722 2318 hoe
745 2257 860 2318 faciens
882 2257 1017 2316 animum
1089 2265 1092 2274 “

95 2337 219 2418 appulit
240 2338 278 2400 ad
302 2359 380 2399 eum.
426 2338 583 2419 Sapientia
605 2340 773 2401 delectatur
798 2359 854 2421 per
872 2338 1017 2417 singulos

94 2419 175 2501 dies,
198 2420 269 2482 dum
291 2422 352 2482 hoc
374 2441 470 2504 agens
499 2421 626 2502 appellit
656 2424 788 2484 animum
812 2441 899 2483 suurn
922 2423 1017 2482 omni·

92 2503 172 2579 bus,
201 2511 232 2565 et
251 2505 386 2586 insinuat
409 2525 442 2564 se
462 2504 635 2584 benigniter
661 2505 731 2566 flliis
754 2507 922 2588 bominum.
966 2503 1018 2564 Sic

93 2587 193 2648 homo
222 2587 359 2667 applicat
386 2607 456 2649 sese
484 2587 613 2649 dulciter
640 2588 678 2649 ad
703 2589 817 2667 Deum,
849 2589 893 2650 sic
920 2593 1018 2647 mater

95 2667 237 2732 blandita
254 2667 319 2730 fllio
340 2671 370 2731 in
394 2671 513 2752 gremio
535 2670 600 2752 flgit
614 2673 729 2732 vultum
745 2692 833 2732 suum
856 2671 885 2732 in
901 2670 1016 2731 vultum

95 2751 190 2824 illins,
212 2759 242 2813 et
263 2751 375 2814 blande
397 2752 435 2815 ad
458 2773 526 2814 eum
550 2756 651 2836 gestit.
694 2753 745 2816 Sic
767 2754 875 2815 oeulos
895 2753 1016 2816 illorum

97 2834 223 2908 clandit,
245 2835 370 2910 iaciens,
392 2843 427 2897 ut
447 2843 558 2918 sponte
579 2837 649 2898 illos
670 2835 766 2920 figant
786 2838 816 2897 in
840 2855 896 2898 sua
917 2835 1017 2897 studia

97 2927 129 2978 et
152 2920 197 2978 sic
219 2917 416 2992 claudentem
439 2920 484 2981 sio
505 2921 682 2981 testimonia
699 2927 751 2981 tua
765 2919 922 2981 meditatio
946 2939 1018 2982 mea

98 3009 155 3081 ost,
179 3001 249 3062 dum
274 3003 383 3063 ceteris
398 3004 581 3082 contemptis
605 3002 643 3063 ad
665 3003 733 3082 ipsa
756 3023 804 3064 me
826 3009 923 3064 verto.
946 3001 1016 3062 Bre-

98 3085 175 3144 viter
197 3103 319 3146 omnem
341 3085 425 3146 illam
449 3086 625 3146 varietatem
648 3084 761 3168 colligo
784 3088 814 3146 in
837 3085 914 3161 boo,
935 3084 1017 3163 quod

99 3165 203 3311 rprtpl,
236 3166 377 3250 applico,
416 3173 489 3248 apto
528 3187 578 3229 me
610 3170 743 3248 gratuito
776 3178 805 3230 et
839 3188 878 3228 ex
912 3169 1015 3228 animo

99 3269 116 3309 a
159 3269 221 3312 ra.

181 3331 267 3394 Haec
288 3351 326 3394 eo
341 3332 584 3413 dictaputentur‚
608 3342 641 3395 ut
652 3332 806 3418 probetur,
829 3333 1015 3413 Scripturam

292 3505 519 3517 -..,-.-....,-.....-.

171 3601 200 3663 1)
218 3600 249 3653 ln
269 3599 333 3654 edit
353 3601 439 3670 orig.:
459 3601 520 3658 118.
557 3601 587 3661 ²1
607 3601 637 3654 In
656 3599 719 3654 adit.
738 3600 798 3654 len.
817 3599 843 3653 le
865 3601 934 3653 'turz
954 3597 1015 3666 cidi

102 3670 220 3742 antistes,
239 3670 373 3742 irmntttb
393 3685 423 3742 pn
443 3670 495 3741 itm
515 3671 594 3741 tino,
612 3669 664 3739 teto
682 3685 712 3742 pt
732 3669 785 3741 tim
803 3667 834 3738 itt
853 3685 891 3727 m.
