2252 4006
136 169 203 242 268
421 175 745 236 ·srurrttsssrrsrsr

222 331 307 394 Sicut
325 335 405 394 euim
427 333 467 394 ab
486 333 575 396 initio
597 334 733 396 omnium
753 339 962 396 erectururmu
982 350 1053 394 sens

140 433 197 497 per
216 417 349 496 pessima
381 433 521 498 quaeque
546 436 588 478 ex
618 418 771 499 optimis
767 419 956 497 quibusque
988 423 1055 478 usta

141 506 220 563 suut
262 499 370 560 llam
362 519 392 560 ιιι
415 518 566 580 supremo
581 501 776 590 augelorum
782 503 889 578 choro,
912 501 964 562 ubi
977 499 1055 560 Deus

141 583 273 644 maxime
296 585 430 644 omniurn
458 593 601 665 operatus
624 589 687 662 est,
715 571 856 664 peccavit
883 583 1006 643 Lucifer
1026 592 1057 643 et

139 665 219 726 lecit
233 668 397 728 maximam
420 669 576 731 iacturam
619 667 652 726 lu
666 667 854 728 Paradiso
845 686 890 726 ιιι
898 667 1057 746 primoeo

140 765 200 828 que
222 750 341 829 optimo
367 751 490 810 homine
516 751 631 810 lactum
660 754 708 811 est
735 752 903 810 maximum
933 757 966 810 et
994 768 1057 829 pso

141 838 294 892 autumet
315 833 468 893 damnum.
511 833 631 894 Deinde
652 833 730 894 Gen.
753 837 781 898 6.
799 831 1056 911 nascebanturgi-

139 923 249 996 gsutes
271 925 301 976 et
322 917 457 996 tyranni,
492 935 531 978 ex
563 917 654 976 nullis
684 917 750 976 aliis
776 935 866 996 quam
900 915 972 976 liliis
1004 915 1056 976 De

134 997 276 1072 ιοιιιιιι.]]
321 999 359 1058 Et
381 999 518 1059 Christus
541 1000 596 1060 Dei
625 999 704 1059 lilius
734 1017 794 1060 uon
825 997 1057 1079 crucifigebatur

140 1083 198 1142 uisi
229 1083 260 1142 iu
290 1090 397 1142 sancta
428 1083 551 1142 civitate
571 1082 734 1143 Ierusalem
760 1084 807 1158 (iu
830 1101 891 1162 qua
926 1081 1058 1142 maxime

141 1165 275 1224 omnium
299 1165 466 1226 honoratus
488 1163 589 1235 erut²t
622 1171 654 1225 et
681 1166 811 1245 plurimu
836 1167 952 1226 fecerat
975 1165 1057 1224 mira·

141 1248 239 1322 culs),
262 1247 361 1326 noque
383 1247 421 1307 ab
443 1248 510 1308 aliis
531 1267 622 1327 quam
644 1247 864 1329 aprincipibus
879 1255 912 1308 et
933 1249 1057 1308 summis

140 1330 334 1392 sacerdotum
357 1338 387 1392 et
407 1330 590 1391 doctissimis
613 1339 706 1411 atque
722 1332 935 1406 sanctissimis,
959 1330 1012 1392 sed
1030 1336 1058 1391 st

139 1413 245 1474 ludam
267 1413 431 1493 oportebat
453 1414 566 1476 damno
588 1429 656 1474 esse
678 1433 740 1475 uou
754 1415 871 1495 vulgari
884 1414 995 1492 ordini,
1006 1413 1058 1474 sed

140 1495 350 1576 apostolorum
375 1499 485 1557 coetui.

224 1578 312 1661 Sim)
336 1580 419 1640 Deus
441 1580 553 1640 nullam
577 1599 709 1659 uuquam
732 1579 837 1640 urbem
859 1581 890 1639 iu
914 1579 1058 1640 orbeter·

140 1681 240 1722 rarum
269 1665 331 1724 tam
348 1663 456 1722 multis
485 1665 590 1743 gratiis
619 1673 650 1723 et
671 1663 792 1724 Sanctis
821 1663 994 1738 benedixit,
1027 1671 1058 1722 ut

140 1745 288 1824 Romam,
322 1748 370 1806 cui
402 1747 470 1826 plus
507 1765 598 1826 quam
628 1746 769 1809 omuibus
796 1747 920 1824 reliquis
949 1746 1058 1806 tribuit

141 1830 246 1908 ltaque
270 1833 393 1908 oportet
413 1849 480 1889 eam
505 1831 594 1890 etism
617 1829 844 1910 prorelereuda
865 1831 974 1908 gratia,
991 1847 1058 1908 que

140 1912 337 1972 mudmodum
360 1912 539 1990 Ierusalem,
572 1914 737 1972 maximum
761 1913 905 1972 damnum
936 1912 1009 1972 darc
1030 1921 1058 1971 st

140 1995 254 2055 mondo
277 2014 379 2055 verum
403 2001 433 2056 et
461 1997 709 2056 nocentissimum
738 1995 947 2056 antichristum
976 2013 1058 2074 prse

140 2086 230 2150 stare,
251 2081 304 2156 qui
326 2077 418 2174 longe
439 2078 508 2158 plus
530 2077 582 2138 det
603 2079 673 2137 mali
695 2084 726 2138 et
746 2077 945 2152 incommodi,
968 2096 1056 2157 quam

141 2160 277 2222 Christus
309 2163 391 2240 prius
415 2160 563 2220 bonorum
586 2161 722 2220 contulit.
767 2163 809 2220 lta
841 2179 921 2221 nunc
954 2179 1059 2221 reuera

136 2241 182 2320 nt,
206 2249 239 2303 ut
259 2243 364 2303 omuia
393 2243 449 2304 sub
471 2245 527 2304 Dei
556 2250 588 2304 st
575 2244 719 2304 tChristi
745 2244 871 2304 nomine
898 2250 936 2304 st
959 2245 1058 2324 specie

138 2288 237 2387 ndns
268 2325 308 2386 Ut
329 2345 420 2386 nemo
442 2327 556 2400 credat,
579 2325 857 2407 doneoipscmet⁴j
881 2328 996 2404 veniat,
1011 2327 1057 2386 cb-

141 2408 283 2470 sooudita
304 2409 496 2471 tenebrarum
520 2411 632 2470 lumine
654 2411 700 2469 sui
723 2409 881 2484 adventus,
898 2417 936 2470 ut
954 2409 1058 2470 beatus

143 2489 173 2552 S.
195 2491 306 2555 Paulus
319 2491 441 2570 scribit,
462 2492 694 2556 illuminaturus.

83 2634 85 2639 ,
223 2575 260 2635 Hi
284 2575 400 2635 articuli
431 2593 513 2636 nuuc
540 2577 613 2636 satis
635 2576 712 2652 siut,
743 2594 812 2634 uam
841 2577 866 2635 si
900 2575 1058 2654 quisquam

142 2658 329 2737 papistarum
372 2659 528 2738 voluptate
564 2659 701 2739 pransus
739 2658 900 2725 conabitur
936 2657 1058 2719 eosdem

95 2795 99 2806 ,
141 2741 217 2800 tueri
231 2747 260 2799 et
274 2740 445 2818 defendere,
463 2747 526 2801 tum
550 2760 608 2822 ego
631 2760 685 2801 eos
712 2741 806 2801 multo
829 2740 1012 2801 luculentius
1033 2749 1058 2799 et

142 2821 252 2882 clarius
275 2823 437 2904 depingam
460 2833 552 2903 etque
575 2824 754 2920 describam,
777 2823 869 2920 louge
891 2826 983 2885 etiam
999 2823 1058 2904 plu·

142 2923 190 2965 res
212 2906 362 2966 eiusmodi
384 2908 596 2986 producturus.
639 2907 676 2966 Hi
699 2907 778 2966 euim
802 2909 862 2967 siut
874 2907 1001 2968 initium
1018 2925 1057 2966 as-

143 2988 287 3064 veritatis,
295 2986 327 3070 ⁶)
352 2989 502 3072 siquidem
526 2990 755 3052 hacteuuseum
768 3009 860 3050 causa
881 3007 983 3086 papae
1007 2991 1057 3049 lusi

142 3078 259 3132 tautum
282 3080 321 3132 et
333 3072 453 3132 iocatus
474 3092 551 3133 sum.
591 3071 751 3133 Onusam
743 3073 851 3132 rullei
875 3075 999 3136 nomios
1019 3075 1056 3132 in-

137 3155 220 3262 uspi,
242 3173 368 3234 speruus
399 3172 469 3216 essa
491 3162 697 3235 opportunum
720 3163 751 3215 et
782 3155 871 3216 huius
897 3157 1056 3237 temporis,

215 3454 243 3520 1)
261 3453 292 3506 lu
314 3453 357 3506 ed
367 3455 442 3508 lem:
462 3453 523 3506 Dei.
542 3455 571 3510 2t
592 3453 708 3509 lbidemt
730 3456 757 3506 iu
778 3467 832 3524 que
850 3459 878 3507 et
889 3455 1008 3523 plurima
1025 3457 1054 3508 le·

144 3528 219 3575 curet
235 3525 368 3578 miracula
385 3526 449 3578 ideo
471 3540 504 3576 e
471 3540 644 3579 maxrum
665 3528 788 3579 omnium
814 3527 964 3581 honoratus
993 3535 1052 3580 arat

135 3590 177 3654 Β)
195 3591 279 3646 lbid.
299 3595 348 3647 lta.
413 3595 442 3659 4)
494 3595 583 3650 idem:
603 3596 765 3650 Dominus
757 3598 823 3704 lpse.
889 3596 921 3665 5)
941 3599 1053 3652 Ibidem:

146 3661 312 3728 trsgoediaa.
