2252 4006
287 195 422 252 librorum
440 197 509 250 iaris
528 195 654 252 onnonilti
673 201 723 252 ote.
911 189 973 260 261

54 367 150 430 quam
172 352 203 410 in
227 352 317 414 terris
338 349 472 412 iadioare
493 357 605 432 potest,
624 351 693 432 ipse
715 367 789 417 sero
811 367 894 432 papa
913 367 975 412 orn·

56 453 113 494 nes
137 435 278 496 homines
299 435 423 510 iudioat
446 437 475 499 9.
499 453 528 514 q.
550 433 579 500 3.
603 452 630 498 o.
644 436 779 497 Cuncta.

142 517 199 578 llio
219 518 369 578 artioulus-
395 525 442 578 est
464 517 602 598 ospitalis
625 513 827 596 artioulus¹)‚
855 517 925 597 qui‚‘
944 523 978 578 ut

53 600 137 661 bene
169 600 289 661 radioes
322 609 436 682 ageret,
469 621 523 680 per
545 601 640 662 multa
662 600 796 681 capitula
824 605 855 660 et
876 616 977 682 paene

51 702 111 762 per
134 691 232 744 totum
254 685 301 744 ius
317 687 497 744 eanonicam
511 702 630 764 semper
645 685 791 763 repetitus
803 689 858 758 est,
878 689 914 743 ut
936 683 977 744 ia-

52 766 117 826 oile
139 774 296 848 appareat,
318 769 366 828 ius
389 768 569 828 eanonioum
592 770 623 827 in
644 767 705 828 hoo
718 785 810 828 unum
826 783 978 827 esseoon·

52 851 188 926 vietum,
223 855 257 910 ut
282 869 365 931 papa
396 849 490 912 libere
518 857 624 930 posset
645 861 675 910 et
698 849 800 911 faeere
822 857 851 910 et
885 848 978 910 delin-

53 951 152 1012 quere
176 933 321 1014 qnidquid
344 933 443 1010 vellet,
454 932 670 1014 licentiamque
686 933 758 994 dare
778 931 937 1015 peccandi,
949 939 980 992 et

51 1016 209 1098 impedire
239 1017 329 1078 bona.
379 1016 485 1078 Stante
518 1021 596 1078 enim
630 1018 690 1078 hoo
722 1017 866 1093 artionio,
898 1017 980 1076 iaoet

51 1098 240 1180 profligatus
262 1100 399 1161 Christus
422 1101 537 1160 eteius
560 1099 694 1160 verbum.
740 1101 786 1162 Eo
816 1118 890 1160 vero
916 1117 978 1160 non

52 1191 169 1259 stante,
190 1183 271 1244 iaoet
291 1189 388 1244 totum
410 1185 456 1243 ius
479 1185 670 1258 sanonicum,
685 1203 745 1243 una
765 1201 834 1244 oum
856 1199 938 1263 papa
950 1187 981 1243 et

53 1267 123 1326 eius
147 1265 287 1342 Sedess)
324 1266 383 1327 Sed
405 1275 487 1327 stare
508 1285 568 1327 non
591 1272 703 1346 potest,
727 1285 797 1327 nam
820 1265 850 1328 Β.
872 1263 980 1328 Petrus

52 1350 220 1430 praeeipit,
243 1356 272 1425 l,
292 1346 355 1410 Pet.
378 1352 410 1412 2:
434 1349 548 1410 Omnes
570 1351 737 1426 honorate3
765 1356 796 1410 et
817 1348 847 1412 S.
868 1347 980 1408 Paulus

54 1432 94 1492 ad
118 1431 213 1494 Rom.
227 1435 281 1496 12:
304 1433 437 1493 Invicem
449 1433 567 1492 honore
585 1433 835 1512 praevenientem
857 1431 980 1492 uchri·

54 1521 124 1575 sius
148 1535 244 1596 saepe
274 1515 365 1576 dixit:
398 1514 457 1590 Qui
479 1516 542 1575 vult
564 1517 662 1577 maior
691 1533 776 1590 esee,
810 1517 849 1576 sit
872 1517 980 1577 minor.

54 1598 206 1660 Similiter
238 1599 269 1661 S.
291 1597 402 1658 Paulus
441 1597 472 1659 S.
494 1598 614 1658 Petrum
642 1597 681 1659 ad
709 1597 810 1660 Galat.
832 1598 861 1660 2.
883 1617 982 1679 repre

54 1681 177 1760 bennit,
199 1702 260 1744 non
284 1681 488 1742 ambulantem
511 1681 679 1742 seeundum
699 1680 910 1762 Evangelium.
934 1679 982 1741 Ad

55 1763 160 1836 hoo³)
189 1765 221 1826 S.
244 1765 349 1825 Petrus
372 1785 433 1825 una
454 1783 522 1825 oum
546 1763 575 1826 Β.
597 1765 734 1826 Iohanne
755 1765 794 1826 ab
816 1764 882 1825 aliis
910 1783 982 1845 apo-

56 1849 149 1910 stolis
173 1857 317 1928 tauquam
340 1848 494 1908 subiectus
517 1848 700 1909 mittebatur.

142 1930 280 2012 Ideoque
301 1930 439 2010 neque⁴)
464 1940 509 1990 est
530 1949 630 2010 neque
652 1936 843 2010 potestesse
865 1945 981 2004 verum,

56 2032 176 2094 papam
199 2015 312 2074 nemini
336 2013 504 2074 subiectum
528 2033 596 2074 ease
624 2012 693 2096 et⁵)
722 2033 740 2073 a
768 2014 889 2073 nemine
910 2009 983 2072 iudi-

57 2098 124 2157 eari
147 2114 257 2178 posse,
279 2098 402 2177 quando
425 2099 662 2178 ipsesupremus
684 2097 818 2157 omnium
832 2113 983 2156 essenon-

58 2179 170 2240 tendit.
213 2179 253 2239 Eli
272 2182 319 2239 ins
340 2182 533 2255 sanonicum,
557 2199 625 2240 oum
648 2179 709 2241 hoo
730 2180 770 2240 sit
791 2179 855 2238 eius
877 2177 985 2238 lunda·

58 2269 200 2323 mentum
223 2270 253 2322 et
273 2269 337 2322 tota
358 2265 447 2337 ratio,
470 2269 621 2342 repugnat
636 2264 668 2322 in
691 2261 833 2322 omnibns
856 2263 918 2322 suis
940 2277 986 2322 ar-

59 2345 164 2406 tionlis
197 2351 228 2406 et
253 2345 389 2426 partibus
409 2345 591 2425 Evangelio.
634 2345 702 2406 Hoo
732 2343 854 2424 quidem
881 2363 986 2405 verum

61 2437 126 2504 est,
156 2425 372 2506 secularem‘)
403 2435 587 2508 potestatem
616 2429 677 2488 suis
703 2426 896 2488 inferioribus
923 2445 985 2486 non

62 2530 136 2572 esse
159 2511 336 2572 subiectam.
380 2510 440 2572 Sed
463 2510 600 2571 Christus
627 2511 688 2570 hoo
709 2511 799 2570 vertit
830 2515 860 2570 et
890 2516 987 2569 mutat

63 2594 185 2654 dioens:
215 2593 280 2654 Vos
303 2601 404 2655 autem
427 2611 488 2654 uon
512 2596 572 2670 sio,
598 2594 709 2656 solens
737 2595 910 2672 superiores
939 2593 984 2653 sui

63 2677 173 2758 populi
202 2695 270 2738 esse
293 2677 434 2738 omnibus
462 2677 617 2738 subiectos
647 2683 677 2738 et
704 2676 742 2737 ab
771 2677 814 2736 eis
843 2675 986 2736 indioium

65 2761 141 2840 pati.
185 2758 271 2821 Siout
292 2759 367 2820 dioit
386 2759 458 2825 Lno.
480 2761 537 2822 21:
560 2759 661 2840 Reges
684 2759 819 2840 gentium
833 2758 989 2819 dominan-

65 2849 114 2902 tur
136 2860 243 2904 eorum
271 2849 302 2903 et
323 2843 372 2923 qui
396 2849 591 2922 potestatem
606 2845 636 2902 in
660 2859 714 2903 eos
735 2841 865 2921 habent,
895 2843 987 2901 bene·

66 2924 115 2986 fiai
141 2932 297 2987 vocantur.
341 2923 405 2986 Vos
428 2944 501 2987 vero
524 2945 585 2985 non
608 2925 662 3004 sio,
683 2924 737 2985 sed
760 2925 810 3004 qui
832 2924 989 2986 maiorest

66 3010 96 3068 in
121 3007 220 3084 vobis,
242 3008 295 3069 ilat
315 3007 394 3068 siout
415 3009 524 3087 minor,
537 3010 628 3087 etqui
641 3025 821 3089 praecessor
844 3015 898 3087 est,
912 3008 990 3066 siout

69 3091 265 3152 ministrator.
310 3089 474 3166 Quomodo
497 3099 598 3151 autem
621 3100 723 3172 potest
738 3093 804 3173 ipse
825 3108 893 3151 esse
914 3089 961 3149 iul
977 3122 989 3135 ·

69 3176 149 3251 rior,
171 3175 196 3232 si
220 3193 239 3234 a
260 3175 380 3234 nemine
403 3175 516 3254 patitur
536 3172 671 3238 iudicari.
684 3171 716 3256 ἲ)

128 3477 158 3544 1)
179 3475 210 3530 ln
229 3475 273 3530 ed.
291 3471 367 3530 lem:
394 3474 525 3530 articulus
545 3475 624 3542 regni
643 3473 854 3538 antichristiani,
873 3474 919 3540 qni
938 3477 988 3524 ate.

73 3546 105 3616 2)
125 3545 210 3602 lbid.:
230 3547 373 3614 pestilente
386 3547 462 3602 Sede.
501 3544 530 3608 3)
550 3545 637 3600 lbid.:
657 3545 734 3598 hauc.
770 3544 803 3610 l)
825 3543 905 3598 lbid.:
926 3543 989 3596 ideo

74 3619 186 3688 neque(
226 3621 258 3682 5)
279 3617 309 3672 ln
329 3617 371 3672 ed.
391 3621 474 3686 orig.:
495 3623 532 3670 ut.
578 3617 610 3684 6)
632 3613 716 3670 lbid.:
735 3621 765 3678 ut
784 3615 936 3684 secularem
956 3641 990 3676 7·-

75 3707 131 3746 uon
151 3706 212 3746 essa
231 3685 391 3746 subiectam.
429 3691 457 3757 7)
476 3687 508 3744 In
527 3689 570 3743 ed.
588 3687 658 3744 ian:
677 3702 707 3742 so
724 3685 849 3743 indicari.
