2254 4008
124 120 169 190 44
378 124 420 180 De
442 125 519 195 Gapt.
542 124 637 194 Babyl.
656 124 798 180 maasiae

130 279 236 354 sionis,
258 278 359 340 nullus
384 300 489 342 eorum
512 286 637 358 tractat,
665 286 758 360 atque
778 280 823 341 ita
844 278 936 340 tidem
957 285 989 338 at
1010 285 1056 338 tc·

126 369 189 423 tam
226 364 338 424 missae
379 365 518 425 virtutem
549 363 638 424 nubis
665 361 879 438 obliterarunt.
935 359 1055 422 Deinde

125 445 253 506 alteram
276 449 340 506 eius
362 455 496 527 partem,
518 449 635 508 scilicet
656 449 775 528 signum
798 467 852 507 sen
874 462 1054 506 sacramen·
1111 453 1112 456 ’

125 538 188 589 tum
211 530 308 589 solum
332 539 469 609 versant,
505 531 642 610 sedita,
674 540 705 590 ut
736 549 794 592 nec
821 531 852 590 in
881 528 939 588 hac
960 527 1054 588 fidem

126 611 268 692 doceant,
292 613 345 674 sed
368 633 439 674 suas
462 615 722 694 praeparationes,
746 622 777 673 et
800 631 895 693 opera
912 617 1056 691 operata,

125 697 374 777 participationes
397 706 427 756 et
443 698 573 774 fructus,
598 699 731 775 missam,
755 697 855 757 donec
875 697 905 755 iu
927 693 1055 775 prolun-

126 778 197 838 dum
220 781 368 858 venerint,
390 788 421 840 et
442 780 480 840 dc
503 780 842 842 transsubstantiatione
864 779 993 858 aliisque
1013 781 1056 836 iu·

125 861 218 922 linitis
241 863 460 943 metaphysicis
490 865 578 942 nugis
608 870 810 944 negarentur,
839 868 870 923 et
891 863 1056 922 scientiam

125 964 290 1024 verumque
331 965 418 1006 usum
450 956 510 1006 tam
543 947 715 1007 testamenti
747 965 838 1026 quam
866 943 1056 1006 sacramenti

124 1046 193 1088 cum
218 1030 359 1089 universa
371 1028 432 1090 fide
444 1030 611 1105 abolerent,
632 1029 839 1108 lacerentque,
862 1038 894 1088 ut
915 1027 1055 1108 populus

123 1110 234 1172 Christi
273 1117 324 1184 (ut
352 1113 502 1193 propheta
533 1113 623 1187 dicit)
661 1113 893 1174 oblivisceretur
922 1111 980 1171 Dei
1006 1111 1052 1170 sui

125 1193 232 1254 diebus
262 1195 437 1257 innumeris.
479 1196 525 1257 Tu
547 1215 637 1272 vero,
665 1199 731 1256 sine
758 1197 835 1256 alios
863 1211 1055 1276 percensere

125 1278 227 1336 varios
249 1277 363 1338 fructus
386 1278 508 1340 auditae
529 1281 640 1340 missac
667 1288 698 1340 et
726 1281 861 1341 animum
883 1287 967 1338 tuum
995 1275 1059 1336 hnc

124 1360 258 1437 intende,
281 1369 313 1420 nt
335 1380 404 1421 cum
426 1361 620 1442 propheta*)
639 1361 765 1423 dicaset
786 1361 905 1437 credas,
928 1360 978 1420 hic
1001 1358 1057 1418 tibi

124 1461 144 1502 a
163 1443 231 1503 Deo
253 1451 392 1524 paratam
415 1464 483 1505 esse
516 1465 653 1506 mensam
684 1465 788 1506 coram
823 1453 870 1524 te,
904 1443 1057 1504 adversus

125 1545 232 1588 omnes
256 1529 306 1606 qui
330 1528 474 1588 tribulant
495 1535 543 1605 te,
565 1531 595 1588 in
618 1547 678 1608 qua
700 1535 845 1609 pascatur
867 1535 897 1586 et
926 1527 1057 1606 pingue-

126 1617 193 1669 scat
213 1609 289 1670 tides
312 1615 372 1675 tua.
417 1611 486 1672 Non
514 1619 614 1671 autem
645 1613 779 1691 pascitur
811 1611 885 1670 tides
919 1617 973 1670 tua
997 1609 1057 1668 uisi

126 1694 340 1772 promissionis
361 1693 483 1754 divinae
505 1694 610 1772 verbo,
632 1693 726 1755 homo
748 1695 828 1755 cuim
851 1712 912 1754 non
936 1693 967 1752 in
984 1692 1057 1752 solo

126 1795 207 1857 panc
230 1778 313 1856 vivit,
336 1776 390 1838 sed
411 1778 442 1836 in
465 1779 548 1838 omni
561 1776 664 1851 verbo,
689 1777 770 1856 quod
784 1775 923 1857 procedit
944 1774 984 1835 de
1002 1793 1058 1835 ore

128 1859 258 1938 Dei.**)
305 1859 458 1935 Querela
482 1861 574 1921 missa
597 1867 667 1920 aute
690 1861 794 1920 omnia
815 1859 899 1920 verbi
921 1859 1057 1938 promis·

127 1937 222 2004 sionis
246 1951 275 2002 te
298 1943 527 2004 observatorem
558 1962 627 2004 esse
649 1943 889 2004 curiosissimum
920 1947 1057 2021 oportet,

127 2033 272 2105 tauquam
296 2025 519 2105 opulentissimi
542 2027 685 2103 convivii,
708 2025 903 2086 omnimodae
917 2042 1058 2104 pascuae

127 2116 158 2169 et
186 2115 312 2168 sanotae
338 2108 513 2169 refectionis
535 2116 623 2187 tuae,
657 2121 690 2170 nt
722 2109 782 2168 hoc
815 2127 888 2188 prae
910 2107 1057 2168 omnibns
1111 2181 1112 2188 ἵ

126 2192 252 2252 maximi
269 2191 375 2268 facias,
397 2191 557 2271 plurimum
572 2193 602 2251 iu
624 2192 654 2251 id
668 2189 815 2268 confidas,
838 2189 1057 2251 etfirmissime

124 2277 155 2335 in
178 2293 215 2333 eo
238 2273 375 2348 haereas,
398 2276 489 2334 etiam
512 2294 567 2355 per
582 2281 709 2335 mortem
733 2281 764 2334 et
786 2275 889 2334 omnia
912 2280 1054 2353 peccata.

126 2355 263 2432 Quodsi
286 2356 404 2433 leceris,
426 2377 486 2417 nou
510 2359 609 2418 sclum'
631 2358 727 2418 stillas
749 2358 834 2436 istas,
859 2362 889 2416 et
909 2357 1056 2416 minutias

125 2445 274 2500 fructuum
306 2441 433 2517 missae,
467 2459 542 2520 quas
573 2441 696 2520 quidam
718 2442 809 2500 etiam
842 2441 1056 2519 superstitiose

125 2521 290 2598 finxerunt}
313 2522 367 2582 sed
389 2524 488 2602 ipsum
511 2524 625 2584 iontem
648 2523 848 2604 principalem
870 2523 951 2582 vitae
976 2522 1053 2581 obti-

125 2604 228 2682 nebis,
263 2605 353 2666 fldem
388 2606 505 2666 scilicet
526 2606 625 2686 verbi,
659 2626 699 2666 ex
731 2625 792 2686 qua
825 2603 1053 2666 omnebonum

125 2687 200 2763 fluit,
224 2689 302 2748 sicut
323 2688 388 2748 lob.
410 2690 439 2750 4.
464 2689 550 2750 dicit:
579 2689 638 2765 Qui
660 2691 689 2749 in
714 2709 763 2750 me
784 2688 896 2766 credit,
920 2687 958 2748 de
981 2707 1053 2748 ven·

126 2778 171 2831 tre
201 2773 265 2830 eius
294 2770 390 2832 fluent
413 2790 511 2850 aquae
542 2773 646 2850 vivae3
667 2773 755 2832 item:
784 2771 843 2847 Qui
873 2770 983 2832 biberit
1013 2789 1054 2830 cx

125 2872 217 2936 aqna,
239 2873 331 2934 quam
354 2873 413 2932 ego
437 2854 527 2932 dabo,
550 2854 602 2915 fiet
623 2857 654 2914 in
678 2874 716 2916 eo
739 2855 807 2916 fons
830 2855 1053 2933 aquaevivae,

125 2937 262 2998 salientis
285 2938 314 2996 in
339 2938 432 2996 vitam
455 2945 619 2998 aeternam.

207 3018 271 3079 Iam
295 3018 458 3095 doceant,
481 3039 560 3098 quae
582 3020 682 3080 solent
704 3037 760 3080 nos
773 3025 901 3098 tentare,
924 3019 1054 3080 nesroc-

125 3108 174 3162 tus
197 3103 308 3163 missae
331 3102 546 3182 percipiamus.
590 3103 727 3164 Alterum
750 3109 806 3178 est,
828 3121 884 3162 nos
899 3120 1053 3182 essepec·

125 3191 246 3246 catores
268 3192 299 3246 ct
320 3184 462 3264 indignos
484 3205 558 3266 prae
585 3187 679 3247 nimia
700 3186 815 3246 vilitate
835 3184 925 3245 rebus
948 3187 1053 3248 tantis.

126 3266 280 3343 Alterum,
302 3269 422 3328 etiamsi
447 3268 531 3346 digni
560 3287 712 3344 essemus,
741 3268 920 3346 magnitudo
949 3275 1052 3327 tamen

125 3367 224 3408 rerum
247 3356 332 3410 tanta
354 3356 415 3426 est,
444 3356 476 3408 ut
498 3357 606 3410 natura
627 3351 826 3430 pusillanimis
855 3368 916 3410 non
938 3351 1054 3412 audeat

127 3449 165 3490 ca
186 3439 291 3511 petere
313 3438 367 3491 aut
388 3451 521 3510 sperare.
564 3432 642 3492 Nam
672 3434 880 3494 remissionem
907 3442 1052 3512 pcccato-

134 3562 552 3576 ——n———tssb———t--v-b—

185 3620 216 3688 ·)
236 3617 308 3674 Psal.
329 3618 373 3677 23.
412 3617 462 3684 **)
482 3615 575 3673 blattb.
595 3617 620 3673 4.
