2262 4006
164 185 227 262 388
381 190 744 270 repastinantes
762 195 864 256 uuum

167 354 411 429 eoeleslastioam
440 354 640 415 hierarobiem
668 360 804 431 sonunt)
837 354 981 434 intelligi,
1014 372 1071 416 eun

165 437 332 498 iurisdictio
357 439 388 497 ln
416 438 547 498 eaelesia
574 439 647 502 nibil
669 440 726 517 sit,
753 441 814 498 nisi
841 438 976 498 ueritatis
1002 439 1073 496 mini-

164 521 307 596 sterium,
341 537 489 601 separans
518 523 669 600 sacrilega
697 523 870 582 temeritate
896 519 1025 583 officium
1051 529 1075 579 et

165 605 336 682 ueritatem,
360 613 393 665 ιιι
412 603 539 684 impleat
562 605 644 684 quod
666 606 817 683 sequitur:

205 729 259 804 nt,
279 732 582 813 prosperabitur
610 733 723 818 dolus
750 734 786 794 in
816 751 931 794 manu
955 731 1043 791 eius.
1108 743 1109 834 p

175 863 180 888 ¹
249 849 306 909 Vel
328 849 390 910 boe
410 851 535 914 nomine
556 853 586 910 in
598 853 701 931 primis
716 852 912 912 fortunarnnt
922 849 1078 910 antichristi

164 939 303 1011 donatus,
325 932 408 1012 quod
432 936 523 994 etiam
547 935 652 995 eleetis
674 935 831 1015 imposuit,
851 935 932 993 sieut
954 931 1078 992 Gbristus

164 1016 221 1075 ait:
255 1014 388 1096 Surgunt
415 1016 638 1097 pseudochristi
666 1026 696 1078 et
718 1017 1026 1098 pseudoprophetae,
1055 1023 1078 1076 et

164 1097 281 1158 dabunt
302 1099 402 1180 signa,
424 1101 466 1159 lta
488 1101 572 1160 utin
596 1108 729 1161 errorem
751 1099 951 1174 inducantur,
981 1099 1007 1157 si
1026 1097 1078 1158 lieri

162 1187 276 1261 potest,
298 1185 390 1243 etiam
411 1183 511 1244 eleoti.
555 1184 611 1243 Hie
626 1185 706 1244 enlm
725 1191 839 1254 mouet,
859 1183 1007 1258 futurum,
1028 1199 1076 1242 non

163 1272 279 1325 utnon
301 1275 403 1326 errent
423 1266 533 1344 alesti,
565 1265 619 1327 sed
644 1275 760 1326 utnon
783 1266 969 1326 iudueantur
990 1266 1020 1323 in
1041 1285 1078 1324 er·

163 1362 275 1423 rorem,
296 1346 328 1407 id
349 1357 405 1428 est,
428 1369 512 1410 error
535 1369 598 1410 non
620 1350 825 1412 dominabitur
847 1350 901 1424 eis,
924 1366 1026 1426 neque
1047 1355 1079 1408 te

164 1425 249 1490 nebit
271 1449 325 1490 eos
352 1433 383 1492 in
398 1431 515 1512 linem,
547 1431 601 1493 sed
627 1433 678 1493 vel
707 1434 737 1492 in
767 1439 865 1493 morte
893 1431 1078 1509 redimentur,

163 1513 244 1573 slent
265 1515 296 1574 in
319 1515 458 1578 oratione
480 1516 644 1576 Dominiea
673 1533 735 1578 nou
758 1515 822 1575 vult
851 1533 908 1576 nos
931 1532 997 1575 uon
1024 1521 1078 1573 ten·

164 1597 221 1656 tari
238 1598 333 1658 mariis
356 1599 585 1678 tentationibus,
606 1599 660 1660 sed
684 1598 871 1674 uoniuduai,
893 1598 922 1657 id
947 1607 1005 1674 est,
1027 1615 1077 1658 nou

164 1680 246 1739 vinei
270 1681 428 1760 tenerique
448 1683 621 1744 tentatione
646 1681 791 1742 induem
818 1699 924 1760 usque.
971 1680 1078 1760 Septies

163 1765 244 1822 enim
267 1763 350 1824 eadit
369 1766 477 1844 iustus,
499 1764 553 1826 sed
575 1763 666 1828 toties
688 1772 834 1845 resurget.
878 1763 931 1824 Sia
953 1783 1010 1844 per
1035 1781 1077 1842 pa

163 1863 234 1926 pam
257 1865 376 1908 errasse
397 1847 427 1911 S.
441 1849 640 1927 Bernardum,
656 1849 860 1925 Franoisoum,
882 1847 1077 1916 Dominioum,
1108 1845 1109 1902 ι

164 1935 196 1989 et
216 1930 328 1991 multos
357 1930 435 1992 alios
465 1934 676 1996 sanstissimae
699 1934 792 1991 ‘viros
818 1936 852 1990 et
879 1929 1025 2006 feminas,
1054 1937 1078 1988 ut

164 2026 290 2092 reguum
313 2013 459 2075 labiorum
483 2033 545 2077 non
568 2015 788 2094 intelligerent,
818 2021 853 2074 et·
871 2012 969 2074 mults
990 2031 1076 2092 papae

163 2095 341 2174 probarent,
364 2112 425 2158 non
448 2097 564 2177 dubito,
587 2096 703 2177 alioqui
725 2097 755 2157 ill
768 2117 836 2156 eum
850 2098 1078 2157 insurrexissent

164 2177 258 2239 verbo
280 2179 347 2257 Dei,
371 2179 425 2240 sed
442 2181 578 2243 nondum
602 2188 674 2242 erat*
688 2190 818 2262 tempus.
861 2179 1015 2240 Huomihl
1030 2178 1077 2238 Bn-

162 2269 360 2324 narenturam
383 2282 522 2342 numero,
545 2263 817 2346 ineomparsbilem
838 2265 952 2340 virum,
976 2265 1005 2322 in
1026 2279 1076 2340 quo

163 2342 368 2406 multuml'uit
388 2349 530 2428 spiritus,
558 2367 631 2428 pree
651 2346 810 2424 omnibus,
843 2347 893 2426 qui
916 2365 956 2406 ex
978 2345 1076 2406 eoade-

164 2429 233 2489 miis
254 2431 366 2491 servati
395 2437 474 2494 sunt.
505 2431 561 2490 ·De
594 2449 656 2510 quo
683 2446 811 2491 numero
842 2436 874 2490 et
901 2428 931 2490 S.
954 2429 1076 2488 Thomas

164 2513 312 2591 Aquinas,
332 2513 359 2572 si
381 2520 483 2574 tamen
507 2521 631 2575 sanetus
653 2520 710 2594 est,
733 2533 803 2573 nem
818 2513 1015 2573 vehementer
1034 2510 1076 2570 du·

164 2594 245 2672 bito,
265 2614 334 2656 eum
357 2596 437 2658 adeo
460 2597 533 2657 nihil
556 2596 641 2658 olliet
670 2598 793 2678 spiritus
814 2597 845 2655 in
868 2614 917 2657 eor
962 2595 1075 2666 Omnes,

163 2678 305 2761 inquam,
328 2679 357 2738 bi
379 2681 433 2740 riri
456 2682 485 2740 in
510 2696 613 2741 errore
633 2680 771 2756 bierunt,
806 2697 907 2759 papae
929 2678 1076 2739 abomina—

163 2760 419 2904 plgnsm'seeuti,
432 2763 486 2824 sed
509 2763 808 2842 eitrapertinasiam,
830 2772 861 2822 et
883 2762 930 2822 vel
946 2763 978 2822 in
991 2769 1073 2822 morte

175 2842 293 2905 lereti.
338 2857 340 2864 “
626 2876 629 2888 ·
670 2865 703 2894 m·

155 2936 158 2944 '
247 2925 279 2987 si
301 2942 375 3008 ergo
397 2928 514 2990 eleetos
537 2930 589 2990 ille
610 2930 792 3010 perrumpit,
819 2946 896 3007 quos
926 2939 1027 2988 tamen
1050 2927 1072 2984 in

155 3003 361 3092 dorruptione
382 3030 438 3073 sua
462 3030 524 3074 non
551 3014 676 3089 retinet,
710 3011 782 3091 quid
812 3011 851 3071 da
877 3011 1004 3090 reliquis
1021 3009 1072 3070 lieri

163 3093 331 3174 putandum
353 3101 410 3172 est,
433 3097 483 3174 qui
506 3095 796 3172 nonerrsntmodo,
820 3093 874 3154 sed
891 3093 1072 3174 pertinaeiter

164 3194 297 3238 errorem
320 3195 376 3258 pro
399 3179 512 3258 pietate
529 3179 723 3240 defendunt?
759 3179 785 3240 Ο
808 3177 907 3238 debile
929 3195 1071 3258 argumen-

163 3267 238 3338 tum,
260 3261 384 3341 quode
404 3261 494 3323 laetis
516 3270 547 3323 et
568 3259 715 3343 operibns
735 3262 916 3324 fluentorum
941 3259 1071 3340 eolligunt

164 3345 320 3428 papissae,
342 3355 430 3406 mors
450 3363 506 3407 sno
529 3348 644 3422 insani,
667 3346 798 3425 qnando·
813 3343 922 3404 Daniel
945 3343 1069 3404 robustos

163 3425 400 3489 etflanotornut
411 3428 547 3509 populos
554 3431 710 3509 eorrumpi
722 3428 894 3509 prophetet.
907 3460 910 3475 ·
923 3426 994 3487 Nun
1004 3427 1068 3484 enin

165 3507 204 3566 de
223 3507 301 3574 fletis
324 3509 443 3571 Sanctis
466 3511 612 3590 loquitur,
644 3530 713 3572 eum
736 3511 872 3572 Christus
900 3529 969 3570 eum
993 3507 1068 3588 expli·

165 3605 239 3648 osus
261 3589 378 3654 eleetos
400 3593 543 3673 appellet.
586 3593 667 3653 Nulli
689 3613 762 3673 ergo
784 3592 938 3653 fidendum
955 3592 1067 3654 Senato-

192 3687 231 3728 “u
258 3673 416 3754 exemplo,
444 3673 500 3736 sed
525 3674 625 3737 solido
648 3675 821 3758 seripturae
851 3676 1022 3744 testimonio
1047 3681 1069 3734 et
