2252 4006
268 215 407 271 ttubtcsti
428 215 532 309 datter.
551 231 576 271 s.
600 215 675 272 tuti.
877 169 946 282 291.

24 373 174 444 sunctum,
197 371 335 448 quumvis
357 381 464 430 revere
485 370 638 432 haeretice
659 371 779 450 dcccco,
802 373 833 430 et
848 371 939 452 plene

21 449 128 509 (insisti
147 451 318 512 doctricem
341 461 449 527 vestet,
475 453 551 514 icrte
574 453 760 534 imprudens,
780 453 833 514 sed
856 454 941 534 quod
1050 491 1053 496 ·

21 533 150 609 doleam,
175 535 267 595 huius
279 537 442 598 sutonitste
462 534 557 596 istius
569 543 616 596 tot
635 549 803 616 generosus
820 535 942 598 suimus

20 617 152 676 fidetium
178 617 290 678 Christi
322 637 377 700 pru
400 621 516 678 croceis
551 618 693 700 umpicuti
721 625 873 698 stcsocnu,
908 628 941 680 ut

19 700 161 758 ieremias
187 702 328 780 queritur.
370 731 371 736 1

98 781 162 841 Sed
185 783 271 860 heus,
292 783 373 863 quud
397 784 474 844 bene
496 783 609 846 oblitus
629 784 755 863 tusum,
777 799 816 844 nc
838 787 939 849 existi-

20 883 79 924 mus
102 865 165 924 hec
188 867 321 946 epistole
347 885 396 927 mc
418 867 518 927 denuo
541 867 637 947 redigi
666 869 696 926 in
720 877 800 926 tuem
825 870 938 928 cutori-

20 954 127 1027 tstem,
164 968 205 1008 nc
231 951 307 1009 tonte
328 951 537 1010 sanctissimus
560 951 701 1010 Vicetius
720 949 777 1010 Dei
799 952 829 1010 iu
853 951 939 1012 tensis

21 1030 144 1090 monost
165 1031 239 1111 titi,
272 1041 305 1092 ut
326 1031 475 1112 sunguine
498 1051 568 1093 meo
589 1033 708 1113 polluas
731 1049 838 1093 monus
860 1041 938 1112 tuns,-

20 1113 96 1192 qucd
132 1113 224 1190 dicu,
259 1135 297 1174 ne
330 1122 360 1175 ct
391 1117 440 1175 hic
462 1115 642 1176 catherinus
665 1116 938 1178 contradictionem

20 1196 162 1276 cciiigst,
191 1199 223 1256 in
244 1216 305 1276 qua
327 1197 519 1259 observande
541 1205 602 1258 tem
633 1205 678 1258 est
706 1201 881 1280 ingeniosus
909 1205 939 1260 et

20 1289 135 1358 scotus,
162 1287 197 1340 ut
218 1283 295 1340 esini
316 1296 396 1361 penu
417 1289 529 1360 aequet
547 1282 736 1344 industriam.

99 1361 183 1438 Quid
207 1365 298 1444 igitur
318 1365 428 1425 fecium
457 1364 718 1426 tuc'Cuthcrinc?
750 1367 801 1444 qui
830 1381 867 1424 cs
889 1383 938 1424 me

21 1447 203 1524 constringit
224 1449 380 1526 angustis,
413 1455 458 1524 nt,
493 1448 518 1506 si
541 1467 647 1508 omnes
682 1466 770 1507 meus·
795 1448 938 1508 huusescs

23 1527 87 1586 mihi
110 1530 273 1608 impositus
302 1529 434 1606 diinero,
472 1547 548 1609 quus
582 1549 674 1611 super
700 1544 823 1590 erenum
845 1533 938 1590 metis

23 1610 217 1690 muitiplioet,
251 1633 312 1673 unu
343 1619 443 1672 uotum
466 1615 563 1673 victus
585 1614 687 1689 iuenc,
714 1614 744 1673 in
768 1619 864 1673 totum
889 1631 939 1672 nse

23 1693 198 1754 tannetum
219 1707 250 1754 ct
271 1697 382 1756 victum
405 1695 509 1756 heberi
533 1699 636 1776 exiget
664 1696 769 1773 etium,
796 1696 937 1770 obsecro,

24 1795 110 1854 quum
130 1777 323 1838 Thomistioe
345 1777 488 1839 excutio?
511 1779 581 1839 Mihi
606 1781 655 1838 uui
669 1779 851 1851 mortuiiutn,
873 1781 935 1839 inno

23 1860 151 1936 bestiae,
172 1874 212 1920 ne
233 1878 309 1920 unus
332 1861 452 1940 quidem
476 1881 560 1922 ennon
580 1864 773 1942 ignoscetur,
805 1861 897 1940 idque
918 1876 936 1920 ιι

24 1942 183 2002 Thomistis
214 1943 313 2026 liciis,
347 1963 415 2004 cum
450 1946 562 2005 nultos
596 1961 714 2006 micres
745 1943 776 2006 fi,
797 1943 936 2004 Patribus

24 2027 160 2103 ignoscet
183 2027 325 2087 universe
353 2027 492 2087 ecclesio.
535 2027 634 2102 Quem
657 2028 780 2088 enheiut
800 2027 935 2088 (intineri-

25 2127 73 2166 nss
94 2107 133 2167 nd
158 2109 339 2170 victorium?
360 2109 482 2184 Quanto
503 2113 609 2170 iustius
628 2119 702 2186 etet,
727 2111 797 2170 mihi
821 2109 938 2170 bestius

26 2198 51 2249 st
70 2190 203 2251 horburc
226 2210 333 2253 omnes
356 2211 473 2252 errores
501 2193 669 2254 condonari
698 2201 822 2274 propter
844 2211 936 2253 unum

25 2275 198 2334 sententium
233 2275 430 2352 euthciieum,
467 2283 497 2336 et
525 2276 634 2336 Italum
659 2277 750 2337 istum
783 2276 878 2336 hence
905 2284 935 2336 et

27 2356 268 2417 humanissimum
291 2359 444 2418 homiuem
474 2361 576 2439 potius
599 2379 635 2419 ee
666 2360 734 2440 iege
755 2361 867 2436 teneri,
904 2367 935 2419 ut

28 2457 80 2498 unc
102 2459 206 2502 errore
229 2442 468 2522 comprehensus
494 2451 576 2503 totus
598 2460 745 2503 erroneus
765 2441 934 2502 haberetne.

27 2521 129 2582 Temen
153 2531 187 2583 ut
209 2525 311 2584 vident
329 2523 422 2586 homo
444 2523 547 2600 italus,
570 2533 601 2585 et
623 2525 735 2586 bestius
752 2523 935 2585 Germaniae

28 2605 154 2666 ncnniisii
177 2605 290 2667 hebere
312 2608 516 2687 inmanitatis,
539 2608 610 2668 nihii
633 2607 713 2668 eliud
736 2617 819 2689 pcto,
843 2616 933 2688 quem

29 2696 54 2745 ut
72 2707 172 2768 usquc
191 2689 299 2750 saltem
314 2691 489 2750 conditione
501 2711 681 2771 pugnemus,
705 2690 831 2772 qucudc
845 2693 934 2771 aequi

29 2774 231 2852 antagonistae
260 2788 329 2836 esse
357 2792 418 2833 non
447 2791 618 2852 possumus.
663 2775 701 2834 Ει
730 2775 802 2834 mihi
823 2774 934 2835 Cethe·-

28 2855 98 2913 rinus
120 2871 243 2934 quoque
266 2858 304 2915 sit
325 2857 354 2916 io
378 2863 475 2916 totum
489 2856 668 2937 haereticus,
691 2859 715 2917 si
739 2858 848 2916 ceteris
871 2875 935 2917 cm-

30 2936 106 2996 uibus
126 2938 227 2998 dilutis
250 2959 310 2999 une
332 2939 499 3018 atiquepen
515 2941 642 3000 bestium
664 2940 931 3000 ineritconvictus.

30 3016 88 3079 Seio
109 3030 210 3081 eutem
232 3041 281 3081 me
302 3023 361 3083 hcc
380 3021 471 3084 focile
485 3024 647 3104 impeti-ere
669 3045 688 3084 u
704 3021 881 3099 Gethsrinu,
903 3031 935 3082 ut

31 3103 74 3178 qui
92 3113 214 3182 punctus
237 3107 276 3164 sit
297 3107 388 3166 otium
416 3106 531 3184 iniquis.
548 3105 774 3166 conditionibus
796 3125 933 3186 pugnero

32 3202 90 3244 cum
109 3193 170 3246 tem
192 3188 284 3247 stultu
305 3187 479 3267 stolidoque
499 3187 612 3266 bestie,
634 3206 695 3269 quc
716 3191 863 3250 victurius
885 3189 934 3248 de

33 3285 76 3326 cuc
95 3278 172 3330 esset
195 3273 376 3350 spectetius,
402 3279 433 3332 et
454 3279 601 3350 quantum
620 3273 724 3332 videre
746 3271 868 3345 videor,
889 3273 933 3330 in*

34 3348 188 3428 dignabitur
210 3354 301 3416 etiem
324 3353 448 3429 bestico,
471 3373 550 3433 quoe
572 3374 704 3434 nequem
724 3353 929 3415 conditionum

33 3443 189 3508 praesumet
210 3454 278 3495 curn
301 3436 440 3512 homine,
471 3447 500 3496 et
528 3445 612 3498 teuto
641 3437 781 3518 homine,
816 3437 932 3496 scilicet

34 3509 94 3576 Itatc
114 3525 144 3578 et
163 3515 337 3590 Thcmiste,
366 3519 418 3579 sed
442 3521 486 3579 sic
511 3525 558 3580 est
578 3521 731 3600 ingenium
757 3519 930 3596 bestiarum,

34 3595 98 3740 {rii
111 3599 169 3697 isco
191 3619 251 3682 prc
268 3598 374 3664 Italics
394 3611 424 3662 et
445 3597 633 3664 Thcmisticu
662 3621 717 3663 sue
744 3595 931 3662 humanitate

56 3701 70 3739 ι
100 3701 208 3746 cunnus,

722 3763 786 3828 19*
