2262 4006
307 180 448 238 Ambrosii
467 178 577 236 Gathar.
598 198 623 238 a.
641 180 721 238 1521.
915 179 977 246 333

53 337 189 417 profeoit
209 359 268 417 res,
291 359 389 420 eaque
411 339 660 420 indispensabilia
682 339 773 400 etiam
798 359 898 420 papae
919 342 976 419 ipsi

56 422 103 496 (si
124 424 277 501 pecuniae
288 443 349 484 non
362 423 478 485 fulserit
489 428 590 504 spes),
613 430 645 484 at
666 423 747 503 quod
771 423 831 483 hoo
853 417 977 484 stultum

53 510 163 564 votum
193 515 301 566 eontra
321 506 378 567 Dei
401 517 595 586 praeseptum
619 507 777 584 emittitur,
800 507 851 585 qni
873 525 976 568 euram

53 590 164 647 uxoris
187 595 218 648 et
238 589 399 650 liberorum
423 592 587 669 praecepit,
612 607 650 649 ne
672 600 831 668 pennatum
844 588 978 667 quidem,

51 671 118 729 imo
141 670 262 751 insigne
284 673 424 732 meritum
447 681 597 750 censetur,
618 672 696 732 adeo
719 672 978 751 desipitistaspe·

52 753 233 812 eiosissima
254 753 357 816 lanias.
401 756 432 814 ln
457 756 535 814 liano
562 755 670 815 faeiem
695 756 807 834 colligo
830 753 977 814 Fraterni-

52 843 154 894 tatum
177 845 288 916 sectas,
311 837 348 896 ad
371 838 554 899 abolendam
578 838 744 917 prinoipem
768 838 850 897 illam
874 837 977 898 irater-

52 919 185 980 nitatem
209 918 279 979 fidei
299 929 329 980 et
343 922 476 980 caritatis
499 941 553 1000 per
574 930 712 980 satanam
737 921 882 1000 singulari
894 919 977 980 indu·

51 1003 131 1059 stria
149 1002 299 1064 inventas.
342 1003 420 1065 Nam
443 1010 473 1062 et
501 1005 560 1062 hae
580 1003 636 1062 snb
659 1003 830 1064 nominibus
853 1003 979 1064 Sancto-

51 1103 124 1142 rum
149 1093 179 1144 et
201 1086 450 1146 inreverentiam
475 1086 668 1164 reliquiarum
699 1085 905 1164 stabiliuntur,
941 1085 979 1146 de

51 1185 187 1244 quarum
211 1168 306 1230 abusu
336 1170 519 1228 dictumest
547 1169 634 1246 alias,
657 1175 688 1228 et
715 1171 839 1248 proprio
866 1170 897 1227 in
920 1169 979 1228 hoo

52 1261 228 1310 monstrum
253 1251 329 1312 libro
350 1251 440 1312 fuerit
461 1271 549 1332 opus.

142 1332 336 1394 Duodaoims
358 1340 388 1394 et
400 1334 505 1394 ultima
518 1331 607 1415 (nam
624 1334 690 1394 aliis
703 1333 778 1392 alias
792 1352 978 1394 commemo-

52 1415 172 1476 randas
193 1415 350 1496 relinquo)
376 1424 422 1477 est
442 1418 537 1478 chaos
559 1417 632 1477 illud
655 1425 685 1476 et
705 1417 797 1476 ianua
818 1419 979 1496 potensin-

52 1499 146 1572 l'erni,
169 1500 338 1559 inoredibili
370 1500 447 1560 isole
469 1499 661 1579 spectabilis,
685 1499 913 1576 Universitates,
936 1501 979 1560 in·

53 1599 164 1659 quam,
195 1583 226 1640 in
264 1581 373 1660 quibus
395 1584 536 1663 periuria⁴
557 1591 588 1642 et
621 1583 734 1642 abusus
768 1583 899 1642 nominis
923 1583 980 1642 Dei

52 1672 130 1723 sunt
150 1665 302 1741 introitus,
335 1665 445 1726 deinde
465 1668 660 1728 conversatio
693 1667 723 1724 in
757 1684 847 1726 omne
878 1666 980 1726 soelus

54 1747 157 1806 libera
180 1753 211 1806 et
230 1746 493 1826 licentiosissima3
520 1750 577 1808 sub
600 1750 636 1809 iis
667 1757 767 1808 tamen
791 1751 925 1827 pereatis
949 1756 980 1819 et

52 1829 281 1908 perditionibus
303 1833 488 1909 promittitur
511 1832 638 1894 seientia
660 1840 690 1890 et
704 1833 863 1908 sapientia,
888 1833 978 1890 etiam

52 1914 248 1993 praestitutis
271 1913 363 1973 titulis
385 1920 416 1973 et
426 1912 570 1993 gradibus
587 1916 654 1974 viee
667 1913 784 1973 soilioet
796 1915 979 1974 mercedum.

54 1993 140 2070 Quid
165 2000 266 2055 sutem
290 2003 449 2077 praestant
469 1996 612 2058 tandem?
657 1997 787 2056 Primum
821 1997 980 2058 electiores

55 2078 224 2138 Christiani
253 2080 358 2159 populi
387 2079 600 2141 adolescentes
630 2079 680 2140 hio
707 2081 929 2158 prostituuntur
951 2089 980 2140 et

54 2163 87 2219 iu
112 2168 225 2240 patens
242 2169 346 2240 guttur
367 2163 474 2222 interni
498 2164 712 2242 proiioiuutur,
735 2170 768 2221 ut
790 2181 844 2242 per
865 2163 979 2222 idolum

57 2244 187 2304 lldolooh
208 2243 369 2325 figuratam
392 2253 495 2325 putem
508 2243 597 2305 'hano
608 2244 821 2325 perditionem,
837 2247 884 2304 oui
902 2245 981 2306 lilios

56 2337 88 2384 et
111 2325 191 2387 filias
214 2329 287 2388 olim
322 2328 536 2388 dilectissimos
574 2328 745 2388 lustrabant
779 2347 831 2408 per
869 2331 979 2407 ignem.

59 2410 182 2470 Deinde
208 2411 369 2490 proposito
399 2411 580 2490 Aristotele,
602 2429 660 2470 neo
686 2413 754 2491 ipso
784 2421 866 2470 reete
894 2411 980 2472 intel-

58 2495 154 2569 leoto,
192 2512 261 2560 oum
293 2493 456 2573 gentilibus
490 2501 520 2554 et
556 2494 696 2559 humanis
730 2494 821 2554 literis
859 2496 982 2575 ingenia

58 2576 237 2636 Christiana
258 2585 462 2656 occupantur,
495 2578 558 2638 imo
592 2587 796 2637 excaecantur
830 2585 860 2636 et
881 2579 981 2657 oppri-

60 2666 196 2720 muntur.
238 2659 277 2718 Et
298 2678 354 2738 pro
376 2660 471 2720 verbo
494 2659 551 2721 Dei
573 2679 673 2739 papae
695 2660 840 2741 dogmata
852 2671 981 2720 [ruolan-

59 2752 118 2819 tor,
144 2750 176 2802 ut
197 2741 334 2802 videatur
356 2741 393 2802 ad
416 2743 618 2824 Evangelium
641 2743 774 2803 funditus
788 2745 982 2823 exstinguen-

61 2824 134 2884 dum
164 2843 222 2884 neo
256 2827 394 2896 astutius,
430 2845 488 2886 neo
521 2825 674 2886 ellioaoius
707 2827 861 2886 invenisse
894 2837 980 2886 satan

62 2913 283 2984 commentum,
307 2925 399 2986 quam
423 2909 659 2970 Universilatnm
688 2907 910 2989 erigendarum,
933 2909 982 2970 ubi

62 2991 119 3050 sub
144 2990 232 3051 titulo
264 2990 422 3052 doetrinae
445 2992 636 3052 Christianae
665 3011 725 3051 non
755 2994 813 3052 nisi
843 3013 981 3072 pugnan-

63 3074 184 3134 tissima
206 3073 397 3134 Christianae
414 3074 483 3136 fldei
507 3076 697 3139 docerentur.
731 3075 779 3136 De
797 3093 901 3154 quare
921 3076 982 3135 lon·
1012 3112 1024 3127 ·
1051 3149 1053 3152 Ι

64 3176 106 3236 gs
128 3165 160 3216 et
183 3156 278 3218 multa
310 3155 401 3216 nobis
423 3166 505 3218 esset
527 3157 708 3238 disputatio,
744 3159 769 3217 ai
801 3165 920 3238 tempus
952 3165 983 3216 et

64 3242 161 3300 otium
184 3239 309 3302 faverat.
332 3241 444 3320 ⁶Atque
466 3261 505 3302 ex
527 3241 573 3301 his
594 3242 696 3300 lustris
718 3249 748 3301 et
769 3239 901 3320 spelaeis
917 3238 980 3320 in')
1012 3297 1017 3306 ,

64 3323 274 3402 gubernacula
295 3325 494 3384 adolasiarum
517 3333 681 3400 vocantur,
708 3326 732 3384 si
756 3324 878 3404 quando
907 3325 982 3401 opti-

65 3426 132 3466 mos
156 3425 268 3468 vocare
292 3407 388 3467 visum
413 3417 468 3470 est.

101 3677 133 3738 ll
153 3676 184 3730 In
202 3675 244 3730 ad.
262 3675 336 3730 iana
354 3674 398 3732 sd.
