2258 4002
247 175 359 230 Bnilarn
378 175 463 230 Leon.
482 175 512 226 ii.
533 173 654 228 damnat.
676 189 700 226 a.
724 171 801 230 totu.
925 169 987 238 183

54 327 304 408 satisfactiones,
325 329 520 390 remittuntur
546 329 600 389 eis.
645 325 747 403 Quare
769 326 912 388 divinitus
934 332 987 389 aut

53 411 142 472 nulia
178 419 225 474 est
257 412 438 490 satisfactio,
480 418 534 472 aut
571 411 682 472 remitti
717 410 892 472 humanitus
924 428 987 472 nun

96 500 173 558 test.
922 509 926 514 ·

52 509 94 574 po
140 577 213 639 Hoc
234 577 332 640 iibens
356 578 576 653 concesserim,
607 576 690 658 quod
720 577 853 638 occissis
881 582 987 655 mater,

52 661 108 739 pio
133 661 250 722 affectu
272 668 477 742 praeventura
500 679 621 721 manum
646 661 720 737 Dei,
751 660 881 739 castigat
907 658 987 720 iiiios

52 761 131 804 suos
157 743 418 806 satisfactionibus
432 742 623 823 quibusdam,
645 763 685 804 ne
696 745 851 803 incurrant
863 741 987 824 flageiia

52 827 132 904 Dei,
169 829 250 889 sieut
270 828 422 888 Ninivitae
445 827 588 908 operibus
612 827 674 887 suis
697 827 875 907 spontaneis
901 843 987 911 pras·

52 918 213 971 venerunt
244 911 389 972 iudicium
420 911 487 973 Dei.
531 909 616 970 Haec
649 928 752 990 pocus
783 908 906 987 quidem
940 915 988 968 est

54 992 238 1071 arbitraria,
261 1013 321 1054 non
345 996 374 1054 in
398 1000 512 1071 totum,
542 999 575 1054 ut
594 993 638 1053 iiii
661 993 784 1071 volunt,
806 992 861 1064 sed
883 997 986 1053 tamen

53 1079 249 1138 necessaria.
303 1077 345 1137 At
372 1077 468 1138 nostri
497 1075 722 1155 induigentiarii
755 1077 847 1136 etiam
881 1081 987 1136 contra

55 1159 226 1220 ecclesiam
250 1166 404 1236 asserunt,
426 1160 543 1227 remitti
560 1157 682 1238 penitus
705 1177 827 1218 omnem
850 1157 987 1218 satisfac·

55 1243 191 1324 tionem,
216 1244 307 1304 etiam
330 1261 348 1302 a
369 1243 482 1302 iustitia
506 1241 608 1302 divina
628 1242 815 1321 requisitam,
837 1240 918 1320 quod
942 1248 989 1300 est

56 1343 227 1386 erroneum
251 1334 281 1386 et
299 1327 438 1406 impium.
480 1325 559 1386 Nam
588 1331 641 1385 aut
670 1343 726 1384 uos
756 1330 808 1384 aut
836 1324 987 1402 homines,

57 1416 112 1468 aut
135 1409 223 1470 Deus
246 1410 332 1490 punit
356 1415 500 1490 peccate,
533 1406 615 1487 quod
643 1407 685 1468 iiii
707 1427 762 1487 per
781 1406 987 1488 indulgentias

57 1491 176 1553 toiiuut
200 1494 335 1554 omnino.

146 1575 263 1636 Contra
285 1575 365 1636 hanc
385 1593 491 1635 eorum
502 1572 605 1634 fictam
628 1579 659 1633 at
678 1571 788 1634 salsam
804 1573 987 1634 satisfactio·

58 1677 150 1735 nem,
179 1677 271 1738 qnam
301 1665 331 1717 et
352 1657 450 1718 solam
472 1655 600 1732 habent,
631 1674 690 1736 ego
713 1657 863 1736 pugnavi,
896 1674 986 1735 quarn

59 1740 134 1804 ideo
158 1741 258 1805 seium
282 1739 445 1818 tinxerunt,
468 1745 501 1800 ut
521 1739 605 1803 luera
626 1757 682 1799 sua
704 1745 861 1820 augerent,
883 1748 914 1800 et
935 1738 986 1799 hc·

59 1825 160 1886 mines
185 1824 395 1899 exhaurirent,
425 1821 564 1888 satiarent
592 1839 629 1884 ac
650 1819 829 1901 perderent,
856 1839 939 1900 cunr,
963 1823 987 1882 si

61 1913 168 1968 assent
195 1908 237 1988 pii
264 1914 421 1986 pastores,
451 1906 553 1985 potius
579 1905 774 1984 imponerent
801 1923 937 1985 poenas,
959 1911 988 1965 et

61 1989 218 2054 ecciesiae
239 1989 383 2068 exemplo
406 1989 619 2069 praevenirent
641 1987 757 2066 Deum,
786 1989 864 2050 sicut
887 1988 988 2050 Mases
1064 2057 1068 2074 Ι

61 2092 134 2134 enm
157 2073 318 2153 praevenit
339 2069 509 2136 occidenda
532 2069 612 2134 tilios
635 2070 727 2133 israel
740 2079 864 2151 propter
878 2089 987 2151 necea·

63 2163 127 2216 tunr
165 2155 251 2220 vituii
277 2155 368 2219 aurei.
419 2153 573 2234 Optimum
601 2160 704 2215 eutem
737 2153 842 2230 inerit,
875 2155 901 2218 si
930 2171 988 2214 uos

62 2240 150 2318 ipsos
173 2239 358 2318 puniremus,
381 2236 553 2301 hoesnteur
566 2235 704 2316 iacimus,
727 2236 850 2316 quando
869 2256 907 2298 ex
920 2242 988 2300 toto

65 2319 162 2382 corde
184 2322 276 2380 vitam
300 2328 396 2380 totam
422 2325 589 2398 mutamus,
619 2319 678 2379 hac
699 2320 778 2378 enirn
801 2320 990 2400 paenitentia

66 2412 94 2464 et
118 2404 331 2464 satisfactione
352 2403 437 2463 Deus
467 2408 628 2463 contentus
657 2407 720 2481 est,
753 2409 899 2481 quantum
922 2420 990 2481 pro-

64 2486 139 2548 bant
168 2485 344 2566 Scripturas
377 2490 519 2566 sanctae,
558 2491 588 2545 et
626 2483 802 2564 praesertim
836 2484 989 2545 iohannes

67 2569 220 2649 Baptista,
247 2568 317 2629 Luc.
341 2571 369 2634 3.
407 2568 459 2630 aa
486 2567 507 2631 1.
529 2567 663 2628 Corinth.
689 2570 742 2630 11:
769 2566 802 2629 Si
825 2568 988 2646 nosipsos

67 2652 288 2730 indicaremus,
327 2670 388 2712 non
426 2651 531 2730 utique
561 2649 763 2711 iudicaremur
794 2669 812 2710 a
846 2649 990 2730 Domino,

69 2735 136 2794 eum
160 2740 262 2795 antem
282 2731 462 2810 iudicamur,
485 2733 649 2794 aDomino
661 2733 849 2812 corripimur,
870 2739 903 2792 ut
926 2751 988 2793 non

69 2836 136 2878 cum
154 2817 216 2878 hoo
232 2816 346 2878 mundo
359 2815 546 2877 damnemur.
586 2816 779 2896 Eccepoena
796 2821 827 2876 et
836 2817 988 2896 correptio

70 2919 193 2980 prorsus
224 2897 456 2977 irremissibilis,
494 2917 573 2978 quae
607 2918 625 2958 a
657 2898 727 2959 Deo
758 2899 926 2976 imponitur
961 2903 990 2958 et

72 2984 119 3044 exi
145 2985 212 3045 tur.

54 3091 57 3098 ¹
122 3001 357 3126 glVehementer
379 3069 480 3124 autem
497 3061 555 3124 ¹odi
578 3069 608 3122 et
629 3061 781 3126 sublatum
798 3063 909 3124 vciiem
932 3063 993 3124 hee

72 3145 252 3209 vocabulum
276 3147 453 3224 satisfactio,
476 3146 557 3226 quod
580 3165 642 3206 nou
665 3145 811 3207 modain
830 3146 990 3226 scripturis

73 3249 130 3292 nou
157 3232 325 3306 iuvenitur,
360 3229 413 3290 sad
444 3235 474 3289 et
501 3228 707 3308 periculosum
734 3227 827 3290 habet
858 3245 991 3308 sensum,

74 3315 154 3394 qnasi
178 3314 245 3374 Deo
263 3313 426 3392 ⁴quisqnam
456 3312 554 3391 possit
583 3329 637 3390 pro
667 3310 729 3372 aiio
752 3318 880 3392 peceato
904 3312 991 3371 satis·

75 3397 187 3473 iacere,
224 3413 293 3457 eum
326 3397 420 3476 gratis
450 3395 502 3454 iiia
535 3395 675 3473 ignoscat
711 3395 822 3455 omnia.
874 3393 991 3454 Deinde

77 3482 196 3541 occasio
216 3479 281 3554 fuit,
303 3485 335 3538 at
357 3498 375 3538 e
396 3477 519 3539 salutari
541 3477 749 3556 poeniteutiae
769 3475 990 3537 remedionun·

78 3562 158 3628 dinsa
177 3562 323 3626 mamas.
374 3560 490 3624 Veiiam
515 3559 629 3639 magis,
652 3565 687 3620 ut
705 3556 880 3638 disciplina,
904 3559 993 3619 casti·

77 3648 164 3730 gatio,
187 3645 331 3724 visitatio,
353 3643 505 3726 correptio
519 3649 573 3706 mat
585 3641 646 3704 aiis
659 3638 990 3726 quapiamdariptume
