2262 4006
292 183 436 242 Ambrosii
457 181 567 238 Gathar.
587 198 611 236 a.
633 181 709 256 tpal.
755 137 758 144 Ι
912 175 975 244 377

51 339 142 402 mela.
187 340 279 402 Tollit
306 341 385 401 enim
413 338 618 401 obedientiam
647 337 777 399 liliorum
805 336 974 416 aparenti-

50 423 117 500 bus,
142 443 264 484 armans
288 423 367 485 lilios
389 425 420 484 in
442 433 595 504 parentes,
619 424 701 484 utin
725 422 856 482 ilenrico
879 417 972 499 tw)

51 517 80 566 et
102 508 207 566 multis
231 501 297 568 aliis*
320 509 416 567 visum
440 519 494 568 est.
539 507 613 568 Sese
634 509 713 566 enim
729 507 793 566 vult
813 525 886 587 prae
909 523 974 564 om·

51 587 140 650 nibus
173 589 276 650 audiri.
325 589 400 650 item
432 591 514 670 quod
538 589 643 651 orbem
672 586 817 651 caedibus
851 597 881 648 et
907 607 974 646 san·

51 674 145 751 guine
170 673 266 752 replet
289 675 448 734 concitatis
472 693 527 752 pro
552 672 673 734 libidine
696 693 778 732 mera
790 670 924 752 Regibus
946 678 976 730 et

48 755 242 836 Principibus
265 759 294 815 in
325 766 427 816 mutua
458 758 600 831 vulnera,
633 764 664 816 ut
687 755 824 832 dubites,
846 774 884 816 an
907 757 974 832 ipse

50 846 139 900 satan
170 859 301 919 regnans
334 841 407 900 talia
434 848 547 920 posset.
591 840 654 900 lam
688 841 766 918 rapit
794 837 974 916 magnificus

50 922 128 983 latro
155 924 273 1001 integra
295 942 390 1004 regna
412 933 442 982 el.
464 923 608 1000 ducatus,
639 922 827 1000 devoratque
856 923 973 1000 episco-

53 1014 163 1086 pat-us,
186 1006 374 1078 sacerdotia,
410 1017 440 1065 et
463 1008 554 1066 totius
578 1005 659 1066 orbis
688 1025 748 1065 non
773 1003 870 1064 solum
890 1023 976 1084 opes,

53 1087 106 1146 sed
131 1097 164 1148 et
185 1089 384 1148 substantiam
410 1089 550 1162 Annalis,
572 1089 689 1166 Palliis,
712 1095 742 1147 et
763 1086 886 1147 infinitis
909 1087 974 1146 aliis

50 1171 178 1248 artibus,
200 1191 349 1251 nusquam
363 1192 423 1232 non
436 1172 605 1250 fallacibus,
627 1171 752 1246 dolosis,
776 1168 973 1230 mendacibus

53 1253 155 1316 verbis
179 1263 287 1315 texens
310 1261 341 1314 et
368 1263 509 1316 retexens
532 1257 652 1330 omnia,
681 1261 771 1333 prout
799 1255 897 1314 visum
921 1262 977 1313 est.

53 1337 139 1397 Haec
163 1340 243 1398 enim
273 1340 376 1400 omnia
407 1341 451 1398 sic
479 1347 621 1418 operatur
651 1338 744 1398 homo
774 1337 831 1396 iste
859 1336 976 1416 peccati

55 1429 84 1480 et
106 1419 188 1480 filius
213 1420 400 1500 perditionis,
426 1432 457 1481 ut
479 1429 607 1500 peccata
629 1441 698 1480 esse
709 1428 810 1498 neget,
831 1421 894 1479 imo
907 1437 978 1498 pee-

56 1513 124 1563 cata
149 1523 218 1566 esse
240 1512 370 1584 statuat,
404 1505 428 1566 si
453 1505 520 1583 quis
545 1506 570 1564 ei
600 1503 769 1564 resistatvel
799 1501 978 1582 ogganniat,

55 1587 144 1646 etiam
169 1587 257 1646 nullis
276 1587 399 1647 infernis
421 1588 494 1648 satis
508 1587 698 1666 castigabilis
710 1587 860 1665 trahitque
873 1604 975 1646 secum

57 1672 84 1727 in
108 1669 191 1729 hanc
214 1671 394 1730 sententiam
418 1670 597 1751 sacrilegam
621 1673 719 1730 sinon
742 1675 838 1729 totum
862 1667 978 1744 orbem,

57 1759 137 1812 certe
160 1753 268 1812 saltem
292 1752 400 1832 vulgus
424 1753 504 1826 cleri,
529 1763 560 1814 et
580 1772 723 1831 magnam
746 1761 861 1831 partem
886 1751 978 1811 laico·

57 1856 137 1910 rum,
175 1855 340 1915 secumque
375 1840 600 1898 consentientes
632 1835 728 1916 perdit
758 1837 786 1894 in
811 1842 979 1912 aeternnm,

58 1929 87 1976 ut
108 1919 155 1977 sie
178 1939 239 1978 non
264 1940 323 1978 uno
348 1919 458 1994 modo,
492 1919 545 1979 sed
578 1917 718 1980 omnibus
750 1918 849 1978 modis
880 1925 979 1977 vastet

59 2009 88 2060 et
108 2010 285 2081 corrumpat
297 2005 409 2062 omnia.
440 2003 479 2062 Et
501 2006 539 2061 sit
552 2022 622 2062 vere
634 2001 815 2061 mirabilium
833 2007 980 2062 vastator.

138 2083 199 2145 Sed
213 2085 251 2144 ad
263 2087 397 2144 maxima
413 2087 611 2164 omniumque
635 2087 787 2145 teterrima
811 2085 980 2162 veniamus,

59 2186 187 2245 eaquae
208 2170 237 2227 in
261 2175 484 2228 sacramentum
508 2169 611 2229 altaris
634 2176 663 2227 et
675 2167 817 2247 baptismi
832 2186 886 2229 seu
907 2185 977 2245 poe·

61 2250 205 2310 nitentiac
227 2261 390 2330 grassatur.
422 2251 554 2311 Primum
571 2251 638 2311 tulit
661 2250 698 2310 ab
716 2251 847 2310 ecclesia
862 2252 979 2310 univer·

60 2353 122 2394 sum
137 2336 313 2413 mysterium
326 2334 445 2394 Missae.
476 2334 561 2394 Hanc
573 2336 617 2393 sic
633 2335 763 2394 vastavit
774 2335 803 2392 in
828 2333 923 2410 laicis,
947 2340 978 2391 ut

60 2417 183 2476 alteram
206 2424 321 2496 partem
345 2418 389 2476 eis
411 2418 531 2498 penitus
555 2418 699 2490 auferret,
725 2436 782 2476 uec
804 2415 901 2476 solum
926 2435 976 2475 au-

59 2499 161 2579 ferret,
183 2501 236 2560 sed
259 2507 438 2580 peccatum,
466 2501 528 2560 imo
558 2510 724 2560 extremam
747 2499 896 2559 haeresim
920 2506 977 2558 sta-

61 2590 171 2656 tueret,
193 2584 216 2641 si
240 2584 307 2662 quis
329 2583 415 2643 iuxta
435 2583 544 2642 Christi
567 2585 735 2643 institutum
767 2590 893 2660 utraque
917 2589 979 2641 ute-

62 2673 147 2726 retur.
194 2665 271 2724 Proh
296 2666 392 2734 Deum
421 2668 540 2742 vivum,
571 2673 685 2745 quanta
712 2665 842 2726 audacia
864 2664 978 2724 abomi-

64 2749 190 2808 nationis
212 2748 325 2808 huius?
347 2748 377 2809 si
401 2750 480 2808 enirn
495 2749 631 2809 Christus
653 2747 859 2827 prohibuisset
880 2753 979 2808 utram

64 2832 210 2910 speciem,
241 2831 413 2891 haereticus
444 2840 510 2891 erat
538 2839 696 2909 utramque
725 2830 888 2910 accipiens.
941 2833 980 2890 At

65 2934 139 2973 nunc
163 2933 230 2973 cum
255 2933 315 2974 non
338 2914 508 2994 prohibeat,
532 2933 635 2994 aoper
656 2914 716 2974 hoc
740 2914 853 2974 nullum
872 2931 980 2992 pecca·

68 3009 123 3056 tum
157 2997 219 3056 illio
252 3006 362 3076 ponat,
395 2999 457 3057 imo
489 2997 625 3057 instituat
658 3007 817 3075 utramque
851 3008 980 3077 partem,
1047 3002 1049 3010 ’

67 3088 161 3139 tamen
185 3079 324 3139 Vicarius
347 3081 376 3139 in
405 3099 437 3139 re
467 3098 527 3139 non
557 3078 725 3160 prohibita,
758 3077 811 3138 sed
845 3078 928 3140 licita
951 3086 981 3138 et

68 3161 165 3238 libers,
187 3163 248 3221 imo
273 3161 425 3223 aOhristo
448 3162 598 3240 ordinata,
620 3165 887 3223 statuitsummem
910 3162 979 3222 hae·

68 3247 167 3322 resim,
198 3245 308 3305 nedum
332 3253 501 3325 peccatum.
545 3247 608 3306 Nec
630 3247 675 3306 sie
697 3245 905 3305 antichristum
929 3264 980 3323 ag·

71 3330 206 3406 noscitur,
228 3329 299 3407 quin
323 3329 424 3389 adhuc
445 3327 605 3408 adoratur,
629 3336 660 3389 ut
680 3328 820 3388 Vicarius
842 3327 908 3386 Dei.
952 3326 978 3387 Ο

70 3411 169 3472 horror
193 3412 255 3472 irae
283 3411 391 3471 furoris
421 3411 554 3474 Domini.
604 3413 697 3472 Plane
728 3431 786 3491 ego
816 3416 911 3470 totum
935 3431 979 3470 sr-

71 3493 156 3556 bitror
178 3491 324 3573 ablatum,
347 3495 432 3556 euius
446 3501 563 3575 partem
585 3495 718 3557 ablatam
734 3493 833 3572 video,
856 3491 979 3572 quando

118 3675 148 3745 1)
168 3674 199 3730 Iu
218 3675 260 3730 ed.
275 3679 364 3747 erige
383 3675 495 3732 Hierico
514 3674 559 3733 lv,
