2258 4002
270 215 377 270 Bullarn
398 215 479 270 Lean.
498 216 533 273 X.
551 215 670 271 damnat.
689 229 714 272 a.
732 217 813 274 1520.
943 215 1005 284 195

143 377 208 430 tum
241 370 366 449 quilibet
399 370 603 452 Christianus,
638 373 730 431 etium
758 372 784 430 si
816 373 923 432 mulier
954 379 1006 434 aut

142 473 221 534 puer
243 463 335 514 esset.

163 566 250 632 Cum
277 590 316 630 ex
348 569 512 650 praedictis
544 579 665 652 patent,
708 571 792 650 quod
825 591 888 632 nun
920 581 1004 652 pute·

74 663 141 712 stas
167 654 305 731 ministri,
327 653 382 714 sed
403 652 478 715 tides
501 656 686 737 poenitentis
700 655 909 717 remissionem
933 674 1003 735 psc-

44 773 48 786 -
75 732 220 796 catorum
244 744 397 818 operetur,
420 737 510 797 velim
533 735 636 800 doceri
659 736 697 797 sb
719 735 785 801 istis
802 732 1004 818 Bullensibus‚

74 817 238 900 quomodo
261 819 329 900 plus
353 837 435 902 papa
455 819 676 900 iaciat,‚quam
701 817 827 898 quilibet
849 819 1004 902 sacerdos,

75 921 149 960 cum
180 899 272 962 tidem
311 903 379 983 ipse
407 921 505 984 aeque
534 922 595 965 non
633 909 790 983 praestare
820 906 934 994 possiq,
969 923 1006 966 su

74 983 208 1064 quilibet
228 986 390 1064 sacerdos,
423 1005 481 1044 uec
512 987 573 1047 elio
596 985 690 1047 verbo
722 983 879 1064 absolvat,
912 1005 1004 1065 quam

73 1066 146 1128 illo:
180 1061 394 1147 Quodcunque
416 1069 544 1132 solveris
567 1079 624 1133 stc.
647 1088 707 1148 quo
737 1069 837 1129 omnis
859 1070 1004 1132 sacerdos

74 1145 222 1214 absolvit.
267 1148 298 1212 si
320 1170 395 1232 ergo
417 1151 497 1211 idem
525 1151 666 1230 verbum,
694 1151 802 1212 eadem
824 1149 900 1212 fides
924 1164 1004 1214 utro-

76 1233 184 1314 bique,
208 1252 287 1313 quse
309 1241 356 1296 est
379 1231 549 1296 differentia
571 1233 714 1295 illorum?

161 1318 205 1378 At
237 1336 326 1377 casus
353 1320 498 1378 reservati
532 1318 581 1378 hic
613 1337 714 1399 papae
741 1317 810 1400 plus
848 1317 1004 1380 tribuunt?

74 1394 116 1460 At
149 1397 195 1459 illi
227 1400 384 1461 huminum
416 1402 537 1462 statutis
564 1402 696 1479 inventi,
729 1420 791 1465 non
824 1403 1004 1482 evangelieo

75 1482 226 1542 mandato
249 1486 340 1562 positi
363 1489 449 1562 sunt,
484 1503 543 1545 nec
576 1484 615 1546 sd
642 1485 852 1544 remissionem
885 1486 1004 1564 culpae,

75 1565 132 1626 sed
154 1566 194 1626 ad
216 1565 427 1628 remissionem
450 1574 698 1648 poenaetuntum
722 1563 835 1646 valent,
857 1574 890 1627 ut
908 1574 1004 1648 patet,

75 1650 243 1730 poenitens
265 1651 344 1709 enim
369 1669 406 1710 ao
429 1649 557 1710 eredens
578 1651 675 1710 iustus
699 1658 755 1728 est,
778 1650 850 1710 lieet
867 1650 1002 1712 nondum

75 1731 263 1792 satisfecerit
294 1733 476 1794 reservaturi
507 1752 647 1812 casuum,
684 1733 744 1794 hoc
775 1742 837 1812 est,
871 1739 1002 1814 tyranno

77 1815 216 1875 violento
241 1817 513 1895 conscientiarum,
541 1818 592 1897 qui
614 1815 789 1876 reservandi
816 1812 931 1876 nullum
956 1814 1002 1875 lus

76 1913 213 1978 unquam
236 1898 350 1962 habuit.

163 1977 387 2062 Respondeant
408 1987 527 2060 autem,
556 2002 594 2042 an
623 2001 706 2063 papa
728 1981 808 2042 aliud
832 2000 1003 2042 sacremen-

76 2067 140 2124 tum
173 2066 381 2144 poeniteutiae
410 2064 536 2142 habeat,
560 2059 657 2146 ¹quam
687 2069 751 2125 totu
780 2063 932 2126 ecclesie?
970 2062 1002 2126 Si

79 2145 162 2207 idem
186 2154 233 2210 est
255 2147 366 2227 ubique
388 2154 623 2228 sacramentnm,
645 2153 675 2208 et
696 2148 775 2208 idem
799 2147 837 2207 ab
860 2147 1001 2208 omnibus

75 2229 243 2311 suscipitur
264 2237 295 2290 et
317 2229 421 2306 datur,
452 2230 523 2310 quid
546 2250 620 2310 prae
648 2231 756 2290 ceteris
779 2225 909 2310 amplius
931 2229 1003 2292 tacit

75 2311 104 2373 in
128 2332 169 2373 eo
192 2311 295 2394 papa?
328 2316 375 2374 An
399 2314 476 2374 torte
501 2320 532 2374 et
553 2314 635 2374 aliud
662 2312 829 2393 baptisma,
859 2317 890 2374 et
910 2308 1000 2376 aliam

77 2397 203 2456 missam
226 2393 327 2475 habet,
350 2414 441 2475 quam
464 2415 571 2458 omnes
593 2397 643 2458 alii
662 2394 846 2457 Christiani?
873 2394 904 2455 Si
928 2416 1001 2478 ergo

76 2499 137 2540 una
161 2475 248 2558 lides,
272 2498 364 2540 unum
389 2477 556 2560 baptisma,
579 2480 780 2558 campanis,
809 2498 886 2538 unus
909 2479 1000 2576 oaliq,

77 2580 157 2622 unius
179 2559 329 2625 Dominus
350 2561 381 2623 in
405 2570 471 2624 tota
492 2562 633 2642 ecclesia,
654 2581 708 2622 cur
729 2581 790 2622 non
815 2581 875 2621 una
895 2581 1001 2642 poem·

77 2641 190 2724 tentia,
228 2663 289 2707 uus
317 2647 455 2706 remissio
485 2643 706 2726 peccatorum?
742 2645 789 2705 An
819 2637 879 2704 hoc
900 2647 999 2709 solum

77 2735 302 2789 sacramentum
318 2729 481 2807 diversum,
503 2735 535 2788 et
545 2737 720 2789 monstrosa
730 2727 905 2788 diversitate
917 2721 998 2790 aliud

77 2813 107 2871 et
129 2809 212 2872 aliud
233 2827 290 2891 pro
313 2807 452 2873 locurum
475 2819 505 2872 et
525 2831 726 2892 personarum
750 2810 926 2874 diversitate
947 2812 999 2872 ha·

78 2892 186 2954 betur?
210 2894 341 2956 Valeant
361 2896 473 2977 impiae
495 2897 572 2956 istae
595 2895 736 2954 draconis
758 2894 872 2974 antiqui
896 2913 999 2956 vuces.

161 2975 251 3051 Quod
274 2982 375 3040 autem
404 2978 531 3040 absente
552 2974 713 3040 sacerdote
736 2977 826 3036 etism
850 2995 925 3055 puer
947 2985 999 3042 aut

78 3059 186 3120 mulier
228 3068 259 3120 et
297 3060 423 3139 quilibet
460 3061 648 3123 Christianus
687 3059 848 3120 absolvere
885 3068 998 3142 potest,

78 3139 160 3205 llatt.
178 3143 223 3209 18.
248 3143 330 3206 clare
352 3149 446 3224 patet,
468 3145 517 3206 ubi
541 3143 677 3206 Christus
700 3143 840 3204 omuibus
857 3141 997 3208 Christia-

79 3227 123 3286 nis
147 3222 234 3287 dicit:
257 3225 470 3308 Quodcunque
491 3229 643 3291 solveritis
665 3231 897 3308 superterram,
919 3225 998 3288 sulu-

80 3311 140 3370 tum
163 3311 220 3370 erit
240 3309 269 3370 in
292 3305 397 3372 coelis.
441 3309 527 3371 Hanc
553 3311 697 3374 invictam
720 3311 912 3372 autoritatem
935 3325 996 3372 non

81 3392 150 3452 mihi
173 3393 364 3472 subvertent,
394 3391 444 3473 qui
473 3397 552 3455 enim
576 3395 746 3476 baptisatus
769 3399 830 3474 est,
858 3395 994 3473 spiritum

80 3474 188 3536 Christi
209 3476 311 3558 habet,
333 3477 382 3537 ubi
405 3483 506 3538 autem
519 3479 642 3560 spiritus
655 3479 775 3557 christi,
797 3477 837 3537 ibi
859 3478 995 3540 omnium

79 3565 214 3640 potestas
235 3568 266 3620 et
286 3558 420 3628 libertas.

763 3793 826 3863 13·
