2252 4006
155 189 217 258 214
364 159 494 250 Assertid
515 211 589 252 omn.
608 197 662 250 crt.
682 195 716 252 D.
735 195 769 258 ts.
788 195 820 252 L.
837 211 887 268 per

217 347 321 428 tendi,
352 348 497 430 quidquid
525 367 630 414 verum
652 349 786 432 videtur,
821 353 885 416 sive
908 353 1069 436 probatum,

217 433 282 496 sive
303 431 500 514 reprobatum
521 433 611 496 inerit
632 454 650 496 e
672 451 857 516 quocunque
879 439 1017 500 concilior

240 551 339 628 Quem
363 551 534 631 mciigniter
566 560 596 611 et
617 550 765 613 insidiose
786 555 996 615 successimus
1027 555 1071 618 ille

155 634 266 696 cuncti
288 635 419 695 vicarius
442 639 546 714 captet
568 650 636 695 mes
658 632 760 696 verba.
806 636 857 698 Sic
886 639 966 698 enim
993 642 1072 719 p'cnit

155 718 236 780 iiunn
257 715 432 787 drticuium,
461 711 499 778 uc'
521 718 549 776 si
568 734 627 800 ego
650 718 796 779 voluerim
821 721 959 781 conciliis
981 725 1070 782 resisti
1113 783 1114 802 ,

153 814 210 946 pro
245 802 377 862 cuiusvis
409 799 548 862 libidine·
594 799 661 884 Ego
692 803 772 862 enim
806 802 898 865 docui
943 805 1072 866 conciliis

187 883 314 946 esentire
348 891 379 945 et
409 885 565 958 resistere,
601 885 627 945 ei
670 887 793 963 qucudd
831 889 984 949 contrariu
1030 889 1072 948 vel

154 968 328 1049 Seriptnrue
368 968 415 1028 vei
448 967 504 1027 sibi
537 967 611 1046 ipsis
650 969 837 1032 statuisseitt.
881 969 1072 1052 scripturam,

154 1055 302 1133 inquunt,
343 1051 415 1112 unic
449 1050 579 1110 iudicem
617 1063 685 1110 esse
725 1053 935 1115 conciliorum.
989 1053 1073 1130 Quod

155 1136 218 1196 dixi
252 1135 378 1216 prepter
411 1133 542 1194 concilis
587 1133 640 1193 iiie
676 1136 861 1216 novissime,
905 1138 935 1196 in
971 1137 1073 1217 quibus

154 1218 228 1281 cinti
252 1218 408 1282 definitum
437 1224 484 1276 est
507 1218 593 1277 iuxta
614 1215 797 1297 Scripturas,
829 1219 883 1279 sed
907 1223 1013 1280 omnis
1033 1233 1074 1280 se·
1113 1263 1114 1292 1

154 1301 287 1363 eundum
309 1310 393 1362 merc
416 1300 572 1360 hominum
603 1305 716 1360 statute
747 1309 778 1361 et
794 1303 930 1378 somnia,
964 1305 990 1364 si
1019 1309 1075 1382 qus

154 1386 270 1470 optime
291 1389 405 1446 ittitutu
427 1392 508 1461 eunt,
529 1389 562 1443 ut
577 1384 679 1462 potius
694 1383 852 1444 hominum
865 1385 1076 1463 conciliabulo,
1113 1393 1114 1458 i

154 1487 245 1548 quem
281 1451 432 1529 ecciesiae
461 1465 592 1527 concilis
614 1465 715 1526 dicere
752 1470 864 1548 possis.
907 1469 986 1530 Nem
1010 1470 1077 1552 qnid
1113 1481 1114 1548 i

157 1553 359 1614 (tonst‘tutiue
379 1549 525 1611 statutum
548 1550 597 1625 sit,
620 1549 789 1610 videbimus
811 1551 898 1613 infre.
1113 1605 1114 1616 ,

235 1634 326 1712 Qucd
348 1635 373 1695 si
396 1635 485 1694 etium
511 1649 592 1692 nune
615 1632 765 1706 dicerem,
789 1635 913 1696 cuilibet
933 1653 990 1716 prc
1015 1635 1076 1695 libi·
1113 1633 1114 1686 ἓ

154 1719 225 1780 dine
247 1719 340 1779 littere
369 1716 506 1778 conciliis
528 1716 687 1792 resistere,
722 1725 806 1778 recte
829 1717 979 1793 dicerem,
1008 1719 1076 1798 quin

154 1802 281 1864 articulo
303 1799 508 1882 praecedente
532 1798 695 1859 confitetur
716 1801 926 1862 sanctissimus
948 1803 1075 1862 viceriu's

154 1885 221 1962 Dei,
244 1895 278 1946 ec
298 1886 329 1945 in
344 1882 482 1960 conciliis
496 1881 697 1942 determinare
720 1899 766 1958 ec,
789 1899 868 1962 qnae
890 1903 952 1945 non
975 1902 1076 1946 neces·
1113 1901 1114 1964 i

125 2011 128 2018 ·
152 1969 233 2030 iuria
259 1975 330 2029 nunt
351 1967 390 2028 dd
413 1965 559 2042 salntem,
591 1975 689 2044 ecque
717 1976 810 2046 pesse
832 1975 951 2028 vertere
973 1969 1003 2028 in
1027 1985 1076 2028 ne·
1113 1967 1114 2052 i

152 2053 296 2129 cesserie,
318 2050 389 2112 ideo
406 2064 468 2109 nnn
491 2047 589 2109 solunt
613 2050 710 2108 resisti
724 2049 750 2110 ei
774 2049 885 2127 licebit,
908 2050 963 2112 sed
977 2051 1077 2130 cuam,
1113 2055 1114 2058 ’

152 2137 230 2197 dicut
257 2135 384 2196 delirum
416 2126 469 2193 cut
509 2133 677 2192 morionem
713 2132 803 2193 rideri
843 2153 861 2193 a
892 2134 1078 2196 morionibus

152 2223 285 2300 oportet,
308 2223 340 2278 ut·
362 2218 413 2296 qui
436 2217 464 2274 in
488 2213 579 2274 rebus
594 2215 688 2274 sectis
703 2222 788 2276 tsnts
811 2216 860 2276 rei
883 2216 1009 2278 leuitate
1032 2216 1077 2277 vel

152 2301 285 2363 unientis
311 2301 401 2360 etiem
433 2299 527 2372 icctri
557 2303 587 2357 et
626 2299 733 2378 nugari
766 2305 830 2359 tum
862 2299 976 2360 audeat
1002 2301 1076 2382 ip‘se,

150 2389 213 2446 tuin
237 2381 330 2462 cureat
351 2383 438 2444 elius.

234 2466 357 2529 Adduxi
380 2468 481 2526 eutem
503 2479 560 2543 pre
578 2476 647 2523 meu
661 2464 811 2524 sententie
823 2465 1071 2527 Panormitcuunt

152 2552 190 2614 de
212 2551 299 2616 elect.
324 2566 351 2614 c.
394 2545 595 2629 significasti,
629 2546 798 2626 dicentem,
832 2547 901 2630 pius
925 2563 995 2609 esse
1018 2568 1075 2610 cre·

151 2635 283 2696 flendum
307 2635 358 2694 uni
380 2633 500 2712 privetu
521 2628 619 2706 fideti,
648 2637 738 2708 quem
763 2631 818 2691 toti
841 2630 995 2711 doncilio,
1027 2641 1075 2692 tut

150 2723 261 2799 pupae,
283 2718 307 2777 si
329 2716 486 2777 rrie‘licrem
508 2713 703 2772 *autoritatem
717 2712 765 2773 vel
788 2715 937 2774 reticuere
956 2714 1071 2776 hunus

152 2801 213 2863 Onr
233 2801 314 2861 hunc
325 2817 387 2860 non
405 2796 561 2858 damnavit
573 2795 782 2855 'sanctissimus
799 2795 908 2857 Christi
924 2797 1074 2859 vicarius?

151 2881 230 2960 Quid
252 2884 283 2943 in
306 2884 382 2943 meis
395 2881 494 2942 verbis
518 2873 627 2939 cdicse
643 2878 828 2956 criminetur,
850 2883 931 2958 'quae
955 2880 1073 2942 ciinnde

151 2966 306 3048 pendent?
328 2966 359 3028 si
383 2967 434 3026 uni
456 2966 575 3046 privetu
598 2962 666 3040 plus
690 2961 875 3022 credendum
899 2967 964 3042 est,
987 2979 1073 3044 quum

152 3051 284 3112 concilio
306 3050 337 3109 in
361 3049 464 3128 telique
488 3055 572 3117 cusu,
594 3051 699 3104 noune
714 3046 861 3106 sutoritce
875 3047 1073 3109 conciliorum

151 3140 274 3215 quoqne
297 3125 435 3192 subiecta
457 3138 504 3192 est
525 3126 623 3187 eidem
647 3129 766 3208 privato
790 3127 893 3188 fideli?

233 3215 294 3278 Sed
316 3213 398 3294 finge
419 3211 667 3275 Panormitcnum
691 3210 750 3270 hoc
773 3228 833 3271 nun
858 3211 985 3289 dixisse,
1007 3212 1074 3292 quid

151 3301 189 3360 cd
211 3298 338 3359 Psulurn
362 3296 513 3370 dicemus,
543 3293 593 3371 qui
616 3291 717 3355 uelat.
733 3296 761 3356 1.
786 3293 871 3354 distr:
892 3292 925 3356 si
947 3296 1074 3374 angelus

150 3381 188 3440 de
211 3381 299 3443 ccelo
322 3377 403 3440 uliud
426 3375 696 3459 evengeliecverit,
719 3375 883 3439 anathema
904 3376 966 3437 sit?
998 3379 1074 3439 Vide

61 3481 64 3488 ·
152 3461 216 3538 hic,
241 3461 432 3523 sanctissime
453 3480 550 3541 pepe,
572 3457 682 3517 Penius
705 3458 869 3520 anathema
889 3459 975 3521 iubet
997 3479 1074 3538 csse,

153 3544 243 3602 etiem
266 3544 291 3603 si
313 3541 440 3622 angelus
454 3541 592 3604 dscceio
615 3538 696 3600 eliud
710 3539 856 3603 docuerit.
898 3541 938 3602 nt
959 3549 1073 3622 qutntc

154 3625 251 3706 dregis
279 3623 445 3687 enathsme
471 3637 540 3685 esse
568 3621 674 3700 debet,
703 3623 728 3683 si
749 3641 831 3704 pepe
865 3623 904 3686 dc
916 3631 1007 3688 -tetre
1027 3625 1073 3687 vel

155 3704 315 3765 concilium
337 3705 376 3767 de
394 3705 513 3768 interm
534 3703 614 3767 uliud
637 3703 817 3767 docuerint?
867 3714 871 3728 '
