2258 4002
312 147 470 203 ramnum
489 146 524 205 o.
541 115 744 204 insunuans.
933 144 998 212 inl

77 307 150 378 runt,
172 307 203 362 et
223 308 326 364 tamnu
349 303 485 365 omnium
499 303 632 364 virorum
654 303 767 366 heroas
790 320 859 365 aare
873 303 999 366 lentant.

76 384 261 465 dispeream,
283 387 309 446 ai
331 404 393 448 uon
415 387 692 467 compertissimum
710 388 822 464 habeo,
843 387 998 449 *maximoe

75 473 103 528 et
112 469 333 548 antesignanos
354 469 448 531 duone
459 468 643 550 populorum
655 471 715 530 han
729 478 839 551 (quam
852 471 994 546 renitavi)

74 550 137 631 plue
160 571 252 632 quam
274 553 388 634 septies
410 551 510 614 stulta
531 559 563 614 et
591 554 719 614 ridioula
741 554 913 616 mtiunoula
935 569 998 614 mo·

74 642 119 694 toa
141 633 180 696 ad
202 653 339 696 meorum
364 635 535 697 libellorum
567 635 806 700 damnationem.
849 636 918 717 logo
941 637 999 697 uini

73 717 146 778 iram
168 717 226 778 Dei
257 737 348 800 nuper
374 737 431 780 noa
464 720 652 780 saevientem
681 719 758 781 tlona
787 720 999 801 intelligerem,

73 818 130 878 qua
151 799 355 862 effoeminantia
376 802 478 882 puerit
513 810 544 862 at
570 802 648 864 faeni
674 803 718 864 illi
740 804 898 865 hominum
931 803 999 864 ulti·

73 902 140 944 mae
160 903 202 944 ex
232 885 316 946 omui
337 891 418 946 terra
457 904 514 946 nna
543 884 686 965 rubiaoit,
715 905 789 966 prae
817 886 1000 966 indignitate

71 967 111 1026 rei
134 966 330 1048 dirumperer.
373 969 443 1028 Mea
464 968 617 1029 sententia
638 969 694 1030 luit
714 977 744 1029 et
766 970 924 1030 aethaeo:
946 968 1000 1030 Sa·

74 1049 275 1112 tietantionem
298 1070 383 1130 eam,
412 1064 505 1133 quam
528 1049 631 1112 olavaa
654 1061 768 1132 queant
790 1052 914 1129 tollore,
937 1071 998 1112 nnn

73 1149 139 1192 erse
159 1133 233 1193 iuria
255 1133 364 1211 divini,
386 1135 432 1196 siu
455 1140 546 1210 earet,
568 1153 629 1195 nnu
652 1153 745 1216 poene
768 1153 835 1197 eam
858 1135 923 1196 tolli
945 1151 1000 1216 per

73 1214 182 1276 nlavee.
227 1215 258 1276 fii
281 1217 353 1297 quid
376 1215 457 1280 aliud
481 1216 553 1278 mihi
581 1216 643 1278 hon
670 1218 799 1280 artinalo
829 1219 879 1279 inti
900 1217 1000 1278 Bulla·

71 1302 150 1358 torae
173 1299 345 1379 imponunt,
367 1317 424 1362 tuo
447 1319 532 1361 more
554 1300 678 1379 laniuut3
702 1301 775 1380 quid
796 1302 878 1363 enim
899 1301 1000 1380 refert,

69 1381 93 1440 oi
116 1381 311 1445 untiohriatut
333 1383 518 1444 mentiatur?

454 1545 612 1611 Sextus:

133 1669 294 1757 Oontritio,
317 1693 396 1758 quae
417 1681 542 1756 paratur
564 1671 865 1758 perdianuasionem‚
888 1675 998 1738 nollen-

136 1758 249 1818 tiouem
279 1766 310 1820 et
337 1758 571 1820 detentationem
594 1763 810 1840 pennatorum,
842 1779 905 1840 qua
933 1759 1000 1840 quia

134 1842 284 1922 recogitat
305 1861 403 1904 annos
425 1843 540 1905 euoain
554 1842 755 1904 amaritudine
772 1843 895 1904 animae
916 1863 1000 1920 auae,

134 1923 334 2004 ponderando
371 1936 568 2005 pennatorum
600 1923 798 2004 gravitatem,
837 1923 999 1986 multitudi-

137 2022 216 2085 nem,
238 2003 434 2084 foeditalem,
464 2009 661 2070 amissionem
694 2016 838 2070 aeternae
871 2004 1000 2070 beatitu-

136 2089 229 2168 dinia,
268 2109 305 2150 ao
340 2097 484 2152 aeternae
517 2091 723 2154 damnationis
757 2087 1002 2170 requisitionem,

132 2171 210 2234 haee
239 2174 381 2235 nontrilio
403 2174 475 2236 lenit
498 2174 705 2256 hypocritam,
726 2175 789 2236 imo
812 2175 910 2254 magia
932 2193 1001 2255 pen·

136 2263 283 2319 notorem.

155 2373 236 2434 Proh
263 2371 473 2436 inoredibilem
496 2374 678 2436 oaenitatem
706 2381 738 2435 et
764 2374 916 2435 inanitiam
938 2371 1001 2434 bul·

77 2457 170 2518 larum
192 2457 330 2535 interum,
352 2467 438 2516 meua
460 2464 543 2518 nerto
565 2464 613 2519 eet
634 2457 780 2518 artioulua
802 2464 833 2519 et
855 2457 999 2518 Ohriatia·

78 2539 234 2617 uiuimus,
255 2549 347 2620 quem
365 2539 437 2600 milri
459 2539 731 2602 innumerabiliter
753 2541 842 2622 papia
864 2547 896 2600 et
916 2539 1001 2620 papi·

78 2623 212 2683 alienon
242 2623 342 2704 patiar
371 2625 556 2706 extorqueri.
598 2623 669 2684 Hoo
694 2624 776 2684 enim
804 2642 842 2684 ea
864 2621 1003 2684 doctrina

80 2706 137 2786 egi,
159 2705 380 2786 poenitentiam
404 2705 515 2766 nulline
537 2725 607 2768 eoae
628 2707 786 2783 momenti,
808 2707 866 2768 niai
887 2707 918 2766 in
941 2703 1002 2765 lide

79 2789 254 2850 eternitate
275 2787 379 2863 flaret,
402 2788 484 2868 quod
505 2789 628 2870 ipnimot
649 2789 762 2850 donent
783 2807 922 2870 quoque,
944 2789 1003 2848 niti

80 2870 158 2950 quod
181 2889 240 2932 noo
262 2870 333 2951 quid
355 2869 443 2948 fidet,
465 2890 524 2932 neo
545 2871 741 2953 quidnaritaa
763 2871 812 2950 eit,
833 2880 888 2933 aut
904 2874 1006 2932 nolunt

80 2961 128 3014 aut
148 2954 273 3016 donent.
316 2953 391 3018 ldeo
419 2953 492 3016 dum
523 2971 593 3016 mea
615 2955 763 3022 damnant
789 2971 845 3016 aua
866 2956 1003 3036 ipsorum

81 3035 262 3118 imprudenti
286 3035 531 3098 nontradintione
553 3037 708 3100 damnant.
746 3037 824 3099 Dino
846 3055 931 3118 ergo,
954 3036 1005 3116 qui

79 3121 297 3198 poeniteutiam
321 3121 366 3180 ein
388 3119 495 3195 donet,
524 3126 558 3180 ut
584 3122 755 3200 promissae
776 3120 1004 3182 mirerinordiae

81 3201 134 3262 Dei
156 3210 187 3262 et
208 3201 279 3264 fidoi
301 3203 331 3264 in
355 3202 486 3264 eandem
507 3221 569 3264 uon
589 3205 735 3265 maiorem
755 3201 869 3264 habeat
890 3221 1005 3278 noram,

81 3303 167 3364 quam
205 3283 373 3348 oerniflnae
411 3285 517 3364 indua,
565 3287 615 3346 hin
656 3287 875 3368 poenitentiam
912 3284 1006 3346 Iudae

82 3367 253 3429 lanhariotie
262 3366 295 3450 ¹)
318 3368 419 3445 donet,
433 3368 579 3450 postilena
592 3379 649 3450 eat,
671 3369 811 3430 diabolus
825 3371 1005 3445 animarum,

135 3639 166 3710 t)
189 3640 221 3692 lu
239 3639 283 3694 edi
302 3641 389 3713 orla:
408 3639 564 3694 ammothie.
