2252 4006
231 193 337 250 Battum
356 195 442 252 Lton.
461 194 496 252 Χ.
516 193 638 255 damnat
658 210 681 247 a
709 192 788 250 tm
918 186 986 254 21?

310 351 548 414 Trinasimus
570 351 730 431 primus:

186 485 220 547 ln
244 489 328 548 omni
347 488 547 570 operaboao
569 489 666 549 iustas
687 488 805 568 peooat.

27 661 29 666 .
146 605 252 670 Finitis
274 609 396 670 tandem
422 611 556 679 arfioulis
579 610 638 670 illis
659 601 839 688 nugalibus,
870 602 900 660 in
924 599 989 678 qui·

60 689 115 750 bus
138 709 199 754 nao
220 694 329 774 piatas,
354 713 413 755 nen
434 694 564 756 eruditio
580 693 684 754 dooari
699 683 856 752 vel-audiri
880 683 989 762 potuit,

60 772 112 834 sed
135 771 176 835 da
204 776 347 856 superbia
378 784 409 837 st
445 777 542 838 abusu
565 777 724 838 Romanae
753 767 989 830 abominationis

60 859 161 917 ansati
186 878 289 920 sumus
311 860 439 942 pardara
468 861 577 938 verba,
607 878 717 941 operas
741 863 771 917 at
787 858 923 930 tempus,
946 869 990 910 ra·
1114 855 1120 872 ⁴

59 941 211 1003 vertimur
232 962 313 1004 nuno
335 946 374 1006 ad
398 964 446 1005 res
469 946 564 1005 aerias
587 955 617 1004 at
631 943 792 1019 salutares,
815 953 925 1013 nempe
948 931 986 992 sd

59 1025 209 1107 matiam,
244 1026 371 1088 liberum
400 1027 571 1105 arbitrium,
604 1033 781 1109 peccatum,
822 1017 861 1078 de
894 1017 991 1097 gloria

59 1107 219 1170 hominum
249 1110 300 1171 ad,
318 1111 446 1191 gloriam
475 1111 533 1172 Dai
568 1116 776 1187 transeuntes,
811 1107 849 1168 do
881 1106 990 1186 quibus

59 1190 151 1252 rebus
180 1200 210 1254 et
230 1195 335 1274 primis
357 1194 492 1256 articulis
516 1195 654 1255 nonnihil
676 1191 883 1254 tractavimus.

142 1274 236 1336 Huno
256 1283 357 1338 autem
380 1277 538 1339 artioulum
561 1297 619 1360 ego
643 1278 672 1337 in
686 1275 805 1337 Galatis
828 1275 886 1334 mai
895 1293 919 1350 s,
941 1273 990 1334 da·

60 1356 132 1418 inde
161 1359 192 1418 in
216 1359 465 1422 Resolutionibua
499 1367 591 1441 atqua
624 1360 771 1422 adversus
805 1357 990 1420 dootriaatss

60 1441 259 1503 damnatores
281 1451 312 1504 st
329 1443 533 1504 inoandiarios
547 1443 755 1504 Lovanionsas
776 1447 838 1501 tam
852 1441 990 1520 eopiosa,

59 1531 223 1602 praeterea
256 1526 385 1588 eundem
420 1526 482 1587 duo
522 1527 716 1588 eruditissimi
755 1525 810 1584 riri
836 1523 986 1603 Theologi

60 1605 96 1668 D.
130 1608 274 1671 Andreas
297 1609 486 1672 Oarlstadius
519 1619 550 1670 at
583 1609 716 1670 Ioannes
738 1607 870 1668 Dotitius
901 1605 989 1666 aditis

60 1689 173 1752 libellis
196 1693 240 1753 sio
264 1692 471 1769 deolararunt,
494 1693 570 1766 utl)
595 1692 625 1752 in
649 1690 830 1752 adversariis
853 1688 990 1750 inoradu·

61 1773 95 1833 tis
109 1774 195 1835 vnihil
218 1776 299 1838 atiud
322 1777 452 1852 videam,
475 1795 565 1855 quam
589 1774 719 1853 auroa*)
744 1772 858 1854 aspidis
880 1772 990 1834 surdas

61 1863 90 1916 et
111 1857 285 1919 obturantis
314 1859 448 1921 auditum
472 1879 576 1937 suum,
609 1879 681 1935 sau,
714 1864 747 1917 ut
768 1853 987 1937 apostolus**)

61 1941 111 2015 ait,
135 1939 176 2001 ad
200 1941 577 2018 tabulaseosoonvarsoa,
598 1942 757 2002 avaritata
779 1938 883 1999 auditu
906 1958 988 1999 avar-

61 2040 104 2084 so.
155 2022 234 2100 Quid
256 2025 300 2086 illi
322 2026 499 2101 admittant,
527 2026 579 2104 qui
601 2023 696 2086 nubes
725 2024 779 2083 has
801 2023 988 2083 testimonio»

61 2125 125 2166 ran
153 2115 328 2168 sanatorum
355 2126 416 2169 non
439 2108 621 2169 admittunt?
651 2108 792 2168 Attamen
814 2104 987 2164 instandum

62 2197 107 2248 ast
130 2189 298 2252 mandante
321 2191 429 2252 eodem
451 2188 635 2260 Paulam)
661 2195 850 2272 opportune,
878 2190 989 2268 impor·

61 2279 152 2348 tuna,
175 2272 216 2334 ob
237 2273 298 2335 hoo
320 2276 435 2354 ipsum,
459 2274 541 2354 quod
564 2291 670 2334 sanam
688 2272 858 2333 dootrinam
881 2271 990 2332 nolunt

62 2355 224 2416 sustinere.

92 2478 97 2488 ι
146 2437 325 2518 Quidargo
347 2459 447 2501 meum
468 2439 629 2500 articulum
644 2437 812 2500 damnant?
835 2441 989 2498 Damnent

62 2520 135 2582 illud
158 2521 231 2585 Eua.
256 2524 310 2588 64:
339 2522 379 2583 Et
400 2523 471 2584 saoti
493 2541 598 2583 sumus
620 2522 768 2582 immundi
791 2538 898 2581 omnes
921 2539 987 2594 nos,

63 2611 92 2664 st
114 2606 204 2684 quasi
228 2623 347 2686 paunus
369 2613 574 2667 menstruatas
597 2607 757 2666 universae
778 2603 912 2664 iustitiae
934 2620 987 2663 no·

63 2691 162 2763 strae,
192 2696 222 2749 at
242 2688 316 2749 illud
339 2687 439 2751 Eoola,
463 2691 498 2753 7:
532 2687 602 2749 Non
635 2694 682 2749 ast
709 2688 803 2748 homo
835 2689 932 2748 iustus
956 2686 986 2744 in

64 2775 160 2848 tarra,
194 2772 244 2850 qui
275 2771 369 2834 saoiat
389 2770 519 2846 bonum,
543 2779 574 2831 st
594 2790 656 2832 non
678 2777 795 2852 poooat.
839 2769 988 2847 Obsecro,

65 2854 113 2932 qui
136 2853 296 2915 universas
307 2861 428 2915 nostras
449 2854 581 2916 iustitias
592 2853 764 2914 immundas
781 2854 863 2930 dioit,
885 2869 987 2912 nonna

65 2953 154 2998 omna
178 2954 256 3017 opus
278 2936 391 2998 bonum
413 2942 543 3018 paooato
567 2936 715 3016 poliutum
739 2935 869 2997 asserit?
897 2935 987 2995 Dam-

64 3025 135 3079 nant
156 3027 188 3079 at
208 3020 282 3080 illud
305 3019 417 3082 Psalm.
441 3018 556 3102 143²):
584 3020 653 3080 Non
675 3020 769 3080 intras
791 3021 821 3079 in
842 3018 985 3079 iudicium

65 3119 130 3161 onm
154 3119 244 3164 servo
266 3110 336 3181 tuo,
358 3105 429 3183 quia
451 3121 513 3164 aon
535 3101 746 3164 iustifloabitur
767 3104 797 3162 in
820 3107 987 3182 oonspaotu

65 3189 116 3244 tao
138 3185 238 3246 omnis
261 3187 376 3247 vivam.
420 3187 503 3248 Deus
525 3188 605 3247 anim
628 3187 724 3246 iustus
745 3184 848 3264 iudex,
871 3183 984 3245 bonum

67 3283 141 3346 opus
166 3267 311 3330 damnare
339 3287 400 3330 non
423 3277 534 3350 potest.
579 3269 655 3331 (ium
687 3274 788 3329 autam
819 3267 870 3327 hio
896 3267 1000 3342 diost„

66 3367 124 3409 non
147 3350 304 3412 iustifloari
327 3350 419 3412 ullum
450 3353 619 3430 viventem,
652 3353 742 3412 stiam
773 3369 892 3412 servum
917 3349 985 3426 Dai,

773 3477 776 3484 n

115 3557 144 3620 1)
163 3555 195 3609 In
213 3557 276 3610 adit
295 3554 357 3611 den.
377 3556 569 3610 tantammodo
588 3557 703 3680 lassitur:
731 3564 786 3610 tam
806 3557 920 3622 copiosa
940 3555 983 3608 ds·

68 3625 174 3694 duravi,
193 3633 223 3680 nt
238 3630 267 3680 ia
285 3627 449 3682 advorsariis
468 3634 518 3684 sta
555 3628 587 3694 2)
660 3627 702 3682 ad.
722 3629 763 3682 ori
785 3640 806 3680 .t
826 3625 886 3680 142.

74 3707 82 3721 ’
117 3698 148 3767 *)
169 3697 268 3754 raum.
286 3699 330 3758 sa.
368 3697 417 3770 ··)
436 3699 487 3755 ua
508 3703 532 3757 1.
568 3699 626 3765 ···)
647 3701 671 3755 1.
689 3697 808 3752 maort.
827 3696 852 3752 a.
