2252 4006
158 166 222 234 280
389 169 863 240 monumentorum

158 325 239 386 serio
260 295 329 384 telis
350 324 541 405 insipientiae
563 343 621 385 eon
678 325 748 384 ‘one
780 325 993 402 oorriperetur.
1032 325 1067 384 Ar

89 397 102 428 ¹
158 406 388 476 annumero
399 407 541 486 qrrinuuid
563 408 611 468 sel
682 407 688 421 ’
750 403 1070 468 rslflomssnomtus

158 492 331 570 imeretur,
351 489 519 560 lnttediblli
540 499 665 574 stupore
686 490 757 558 looo
770 490 909 560 suntne
930 488 1071 556 edome-

159 568 261 652 rimns,
282 571 374 652 idque
395 573 534 633 homines
555 572 597 632 illi
620 573 743 662 egregie
769 570 898 640 fastuosi
921 580 953 636 et
972 590 1072 652 super-

159 656 255 716 ciliosi
275 657 433 734 sentirent,
457 657 542 752 qussi
565 665 743 736 perpetuum
764 655 823 714 illis
847 653 1015 714 Germania
1035 653 1072 712 lu-

160 737 289 800 dibrium
323 739 423 798 lutum
448 746 507 816 stt,
536 737 706 818 imprudenti
741 737 840 798 lroste
866 737 988 797 sudent
1023 754 1073 795 no·

160 821 205 882 bis
226 822 327 882 adhue
349 821 483 900 quotidie
504 821 643 882 foediore
664 828 806 900 portenta
828 819 1003 895 obtrudere,
1025 818 1074 878 ud·
1120 880 1121 885 ,

159 905 219 964 hue
242 903 272 979 ¹)
323 903 455 978 bestius,
499 904 600 965 sdhno
641 902 807 981 barbaros,
855 902 957 963 adhue
999 909 1074 960 trun·
1120 894 1121 965 l

160 1005 214 1049 eos
236 1006 292 1047 nos
315 1006 383 1047 esse
411 988 476 1046 sine
509 986 568 1046 fine
604 987 767 1050 somniant.
819 986 943 1046 Interim
975 984 1075 1045 divino
1117 992 1122 1061 j,

124 1069 127 1072 ’
160 1070 350 1150 providentie
377 1068 508 1130 tenebris
531 1069 732 1148 palpabilibus
755 1068 855 1129 obruti
881 1087 944 1128 non
963 1065 1077 1145 vident,
1117 1064 1120 1075 '

159 1171 228 1219 sess
250 1152 296 1214 bis
316 1153 432 1218 bestiae
452 1151 532 1228 tort,
551 1153 605 1231 qui
622 1167 700 1212 oum
717 1169 790 1231 noge
811 1169 889 1210 mn
906 1149 1078 1230 Bnbylonio

160 1237 259 1304 tritius
288 1236 395 1314 privati
423 1234 545 1298 leonum
569 1236 646 1294 siout
668 1233 724 1298 hos
746 1235 919 1294 oomednnt.
964 1232 1079 1308 Prosilit
1116 1257 1122 1356 ἱ

160 1319 239 1379 eninr
260 1317 416 1392 tormer,
436 1335 475 1380 se
496 1319 574 1380 siout
595 1335 689 1377 sonex
712 1318 843 1394 mulinis,
874 1335 1009 1377 rumex
1031 1335 1080 1394 pe·

160 1401 216 1464 riit.
260 1400 388 1461 Secutus
420 1409 466 1459 est
489 1400 653 1464 Osietsnus
681 1399 752 1474 ille,
786 1407 937 1460 secretum
973 1397 1080 1477 implet

159 1502 318 1544 numerum
341 1483 539 1558 catherinus,
569 1482 792 1542 Thomislsrum
820 1483 881 1542 iem
905 1483 1030 1560 tertius,
1053 1480 1081 1540 bi

160 1566 366 1629 Tlronrlstieso
383 1566 527 1625 loetiouls
554 1567 583 1624 in
607 1565 694 1626 ltelis
747 1583 886 1643 roueres,
919 1585 935 1624 e
970 1563 1081 1643 quibus

159 1650 237 1710 elios
259 1665 367 1709 omnes
390 1648 677 1709 lioebitssstimsre.
720 1583 826 1725 §sque
849 1648 928 1706 enim
949 1663 970 1706 e
993 1645 1081 1706 isses

162 1732 245 1812 vulgi
266 1729 419 1812 prodeunt
449 1731 479 1790 hi
510 1730 663 1808 sonrsbei,
700 1731 754 1790 ssd
786 1730 848 1790 slto
866 1730 908 1789 oe
930 1729 1082 1809 sunguine

113 1811 117 1817 ’
160 1815 272 1890 Troes,
298 1814 470 1896 Troiaeque
497 1815 711 1894 Astysnootss.
762 1811 841 1888 Quin
869 1813 955 1892 ipsos
977 1812 1082 1872 ‘Proin-

100 1912 109 1922 '
161 1917 218 1960 nos
240 1897 478 1974 aestimabimus,
500 1899 524 1955 si
548 1895 624 1958 tales
646 1913 753 1956 eorum
775 1902 846 1956 sunt
866 1893 1045 1956 Hectores?

243 1979 312 2041 Hoo
333 1997 405 2040 reso
428 1981 689 2058 unicum-operae
716 1979 769 2038 fuir
790 1979 937 2058 pretium,
970 1977 1084 2058 legisse

162 2062 438 2124 sordidissimorum
460 2062 563 2140 libros,
585 2071 618 2122 ut
639 2061 886 2158 intelligeremus,
909 2079 972 2140 quo
995 2063 1083 2138 inge·

164 2164 309 2290 lulli
329 2143 1083 2306 tlllttlttllltltptltltzl”tlt

164 2312 246 2372 buno
268 2311 464 2373 Outbsrinum
487 2311 571 2371 nulls
607 2329 679 2370 vere
710 2316 831 2388 torquet
863 2329 913 2369 res
933 2307 1084 2384 sosibius,

164 2413 255 2475 quum
287 2394 369 2474 quod
392 2393 569 2454 Silvestrum
596 2393 734 2454 ltelloum
763 2400 795 2452 st
820 2392 917 2452 lsleos
947 2391 1084 2452 eruditos

117 2515 121 2520 .
164 2477 237 2542 dixi.
280 2477 348 2558 Ego
382 2485 482 2537 sutem
517 2477 607 2556 plene
638 2475 711 2536 illud
746 2493 851 2536 verum
873 2494 955 2535 nune
984 2473 1084 2550 uideo,

163 2559 352 2623 Thomistam
378 2579 485 2640 purum
509 2579 576 2620 esse
600 2561 716 2628 usinum
741 2575 859 2636 verum,
879 2560 945 2618 sive
964 2558 1010 2618 sit
1030 2557 1084 2618 lo-

164 2644 210 2704 lns
231 2645 296 2704 sire
319 2642 502 2706 Germanus.
545 2643 584 2702 lot
605 2641 678 2722 quid
700 2641 780 2710 eliud
802 2639 925 2718 flerent,
948 2642 1002 2720 qul
1024 2657 1083 2700 non

165 2727 223 2786 nisi
245 2746 336 2786 unum
359 2726 508 2786 Thomem
530 2726 645 2806 legunt,
679 2730 790 2785 vorent
819 2731 849 2784 st
870 2725 961 2784 inse
985 2722 1082 2804 (quod

165 2809 287 2887 dieunt)
311 2808 611 2886 transsubstantiant,
633 2809 681 2868 eui
704 2814 735 2866 ut
756 2823 817 2867 non
839 2805 963 2867 insideo
979 2807 1084 2868 sensti

165 2893 299 2953 muniens
321 2912 340 2954 s
362 2910 443 2972 pepe
469 2891 528 2951 sibi
558 2891 659 2952 dotem
690 2889 781 2971 (quid
804 2892 883 2949 enlm
907 2905 969 2950 non
996 2897 1083 2969 quest

163 2973 355 3045 senetillesne
376 2971 651 3055 Sanctissimusl),
673 2973 710 3034 ds
732 2991 794 3052 quo
814 2970 986 3033 inorsdlbili
1005 2971 1082 3036 rann

164 3057 356 3140 superbiunt,
392 3059 435 3117 its
467 3076 553 3117 sunm
583 3057 768 3133 doctrinm,
803 3071 930 3136 prorsus
961 3056 1080 3116 inanem

164 3144 303 3223 spiritus,
334 3159 395 3200 non
420 3139 524 3201 dubito
546 3140 699 3220 quendam
727 3141 793 3198 irus
816 3137 874 3198 Dei
897 3137 1082 3218 pbiulsmin

163 3233 274 3286 terrem
297 3243 365 3284 esse
388 3225 529 3299 misssm,
561 3222 601 3282 ob
634 3241 724 3301 quom
759 3229 860 3282 temen
890 3223 1079 3302 potissim

165 3317 212 3368 sst
233 3308 440 3379 esnonisstus,
464 3316 505 3384 ut,
529 3305 619 3384 qusle
632 3314 714 3364 esset
726 3303 875 3380 meritum,
899 3303 969 3364 tslis
989 3305 1021 3363 si
1041 3322 1081 3362 es·

165 3390 325 3450 noninstor
344 3389 544 3466 eontingerst.
587 3387 656 3447 Non
678 3385 761 3466 quod
784 3401 893 3466 negem
917 3386 1007 3448 illum
1021 3404 1081 3446 esse

221 3657 254 3721 1)
275 3658 304 3710 ln
323 3659 386 3711 edit.
404 3658 477 3712 lem:
497 3675 558 3710 eum
578 3657 676 3712 solutes
