2252 4006
117 177 181 250 311)
339 183 494 253 Responsio
512 185 545 238 l).
563 185 599 239 Ι.
617 185 645 238 L.
663 186 700 239 sd
716 183 816 239 librum

117 338 183 400 mus
205 338 328 418 fugies?
347 338 406 400 Ubi
427 359 510 420 papa
530 344 621 405 tuus?
641 339 701 402 Ubi
722 339 853 401 ccclesia
877 338 950 400 tuat
977 338 1033 398 Vis

119 419 243 483 dicam?
264 421 360 483 Audi:
443 451 446 458 ·

198 521 283 601 Papa
304 524 451 601 peccator
471 529 517 583 est
537 523 676 585 minister
696 521 819 585 diaboli.

196 605 336 666 Ecclesia
356 626 457 684 papae
478 613 526 666 ast
546 625 706 686 synagoga
727 613 862 667 satanae.

196 689 332 750 Glrristus
352 691 449 748 iustus
471 697 518 749 est
538 711 593 750 rex
613 691 755 753 iustitiae.

197 772 338 832 Ecclesia
360 773 470 834 Christi
491 779 538 832 est
560 775 734 835 communio
758 772 950 834 Sanctorum.

197 879 246 938 Ex
269 878 378 957 quibus
406 878 483 940 ultra
506 878 712 952 damnabitur,
744 877 890 957 quidquid
920 877 1034 953 statuit,
1067 903 1073 908 ·

115 959 188 1022 lacit
209 967 241 1021 et
261 963 375 1040 patitur
393 982 491 1040 papa,
513 969 604 1022 ruunt
624 962 674 1022 hie
698 963 802 1022 omnia
823 961 947 1021 decreta
969 961 1033 1020 eius

114 1049 145 1102 ct
165 1045 339 1104 universum
367 1065 495 1124 regnum
523 1047 597 1109 eius.
641 1045 719 1120 Quia
746 1050 806 1104 stat
828 1043 966 1106 Christus
987 1043 1033 1102 fir·

115 1129 217 1189 miter:
254 1127 313 1202 Qui
342 1135 472 1187 nonest
500 1148 634 1201 mecum,
663 1134 771 1188 contra
791 1147 841 1188 me
863 1133 919 1190 est.
963 1125 1031 1186 Nou

115 1217 162 1268 est
184 1211 347 1269 conventio
371 1211 479 1272 Obnsti
502 1220 532 1272 et
553 1211 658 1279 Belial,
680 1212 755 1271 lucis
779 1217 809 1272 et
830 1209 1033 1271 tenebrarum.

116 1291 196 1368 Quid
220 1294 279 1365 hic,
302 1295 475 1363 catharine,
497 1295 594 1355 dieis?
625 1295 710 1354 Mitte
733 1302 799 1356 tuas
823 1294 1032 1353 distinctiones

115 1381 146 1436 et
167 1374 329 1456 Scripturis
352 1385 446 1453 certa,
467 1387 528 1452 aut,
550 1379 576 1438 si
599 1378 769 1455 distinguis,
790 1376 889 1458 proba
911 1376 1032 1437 distinc

113 1460 227 1520 tionem
247 1480 303 1539 per
323 1459 504 1540 Scripturas,
526 1468 557 1522 et
577 1460 735 1521 audiemus
756 1466 796 1522 ts.

420 1588 470 1648 Ex
491 1588 600 1668 quibus
620 1588 733 1650 iniero:

200 1703 290 1779 Quod
330 1707 509 1784 impiissime
540 1705 673 1767 abuteris
712 1706 837 1766 nomine
871 1703 1031 1778 ecelesiae,

114 1788 165 1867 qui
188 1789 300 1864 omnia,
322 1808 401 1867 quae
423 1809 477 1864 per
499 1809 610 1869 papam
634 1796 742 1851 etrus
765 1787 850 1862 iiunt,
872 1787 911 1848 ab
935 1786 1032 1846 eecle-

113 1871 159 1930 sia
180 1871 300 1930 iactatis
323 1891 391 1931 esse
413 1871 503 1933 lacta.
545 1873 686 1932 Fatemur
717 1878 748 1932 et
780 1890 837 1931 nos
870 1869 1031 1930 ecelesiam

112 1958 197 2014 reete
218 1956 321 2015 omnia
342 1956 454 2034 iacere,
476 1953 530 2015 sed
552 1961 583 2014 tu
607 1975 668 2016 non
693 1961 774 2015 recte
794 1954 887 2031 tacis,
910 1953 963 2033 qui
987 1972 1032 2012 ec

113 2036 237 2096 alesiam
265 2037 420 2116 appellas,
452 2039 533 2116 quod
566 2039 727 2098 ecclesiam
757 2053 829 2100 ¹esse
859 2055 920 2096 non
944 2042 1031 2115 potes
1073 2077 1075 2082 ·

111 2118 252 2198 probare,
266 2123 305 2180 tt
326 2121 382 2180 sub
395 2123 517 2180 nomine
530 2116 679 2181 eeclesias
700 2121 822 2200 saepius
839 2127 1031 2199 synagogam

112 2209 239 2262 satanae
273 2202 362 2263 nobis
391 2205 578 2284 proponitis,
614 2210 645 2264 et
679 2220 735 2281 pro
767 2203 849 2264 tacto
870 2201 1033 2262 *eeclesiae

111 2284 224 2345 tactum
247 2292 374 2346 satanas
396 2306 453 2347 nos
477 2287 577 2347 colere
606 2287 731 2366 cogitis,
759 2285 954 2366 perditissimi
977 2303 1032 2344 ros

113 2373 239 2428 satanas
256 2368 404 2432 ministri.
448 2370 618 2430 Ecclesiam
647 2373 725 2450 regit
747 2369 875 2448 Spiritus
897 2376 1032 2442 sanetus,

113 2449 167 2510 sed
189 2451 249 2510 iam
271 2451 433 2532 probatum
457 2459 518 2524 est,
551 2471 663 2532 papam
697 2459 726 2513 et
754 2471 839 2512 suam
869 2451 1043 2510 eeclesiam·

43 2606 44 2610 Ἰ
114 2534 236 2612 saepius
257 2535 321 2611 regi
345 2536 450 2613 spiritu
481 2541 623 2606 satanas,
645 2555 746 2614 neque
768 2536 847 2594 enim
869 2535 898 2594 in
923 2533 1030 2594 eodem

113 2624 242 2693 regnant
263 2618 384 2688 spiritus
397 2617 506 2679 Christi
529 2625 558 2678 et
581 2619 702 2698 spiritus
721 2624 857 2678 satanae.
889 2615 962 2676 Noli
985 2615 1032 2676 hio

77 2719 78 2724 ¹
114 2698 246 2760 clamare
268 2699 432 2773 llussitarn,
454 2701 642 2762 clamornou
661 2701 751 2761 solvit
763 2705 954 2778 argumenta,
976 2717 1032 2758 nec

116 2780 260 2859 allegatio
282 2784 535 2846 inconvenientis.
578 2783 721 2844 Dissolve
742 2785 825 2861 prius
849 2781 1031 2855 obiectast
1092 2800 1094 2804 ’

114 2870 176 2924 tum
200 2865 308 2938 clama,
332 2865 466 2927 dissolve
488 2871 588 2927 autem
611 2887 665 2946 per
686 2867 872 2945 Scripturas,
893 2884 956 2925 non
980 2884 1031 2944 per

113 2952 180 3006 tuas
202 2948 338 3025 putridas
360 2948 580 3012 distinctiones.
623 2952 723 3028 Atque
756 2955 787 3010 ut
816 2955 847 3009 ct
873 2947 925 3009 hio
953 2947 1031 3008 clare

115 3048 215 3109 agam,
238 3031 267 3090 in
291 3031 508 3112 Syllogismum
531 3031 636 3113 redigo
660 3032 856 3092 sententiam:

153 3127 274 3205 Omnia,
297 3149 376 3208 quas
395 3132 467 3192 lacit
490 3132 629 3204 ecclesia,
653 3133 780 3210 Spiritus
803 3137 929 3192 sanetus
951 3130 1029 3192 t'aoit.

155 3210 276 3290 Omnia,
299 3231 378 3290 quae
399 3235 480 3293 papa
503 3235 571 3275 eum
594 3217 655 3276 suis
676 3216 758 3287 tacit,
779 3215 850 3276 iacit
871 3213 1011 3286 ecclesia,

155 3292 275 3366 Omnia,
299 3315 378 3374 quae
398 3316 480 3377 papa
502 3315 570 3358 cum
593 3300 655 3358 suis
687 3299 777 3376 tacit,
808 3297 882 3358 tacit
903 3296 1028 3375 Spiritus

238 3386 371 3440 sanctus.
680 3403 684 3418 ·

198 3479 304 3560 Audis,
327 3481 511 3545 catharine?
542 3475 612 3545 Noli
635 3449 782 3545 lllaiorsm
810 3479 960 3564 probare,
981 3482 1030 3562 sad

113 3559 277 3642 Minorem,
312 3585 350 3625 ne
372 3567 496 3638 frustra,
530 3567 584 3628 sed
619 3568 731 3628 utiliter
759 3567 891 3628 labores.
947 3565 1029 3628 Tunc

116 3646 215 3702 autam
238 3644 391 3728 probabis,
413 3648 439 3708 si
455 3667 565 3730 papam
587 3670 679 3732 supra
700 3656 817 3734 petram
840 3649 1028 3712 aedificatum
