2258 4002
130 164 189 232 198
319 167 636 232 acernaacerna.
656 169 684 225 D·
704 168 740 232 tt.
758 169 789 230 L·
808 185 857 240 aar

190 323 407 398 municandos,
444 341 505 388 nac
533 323 660 392 antemi
693 321 751 390 aaa
783 330 915 406 atraque
946 319 1052 402 scacis

190 408 452 470 communicantes
473 413 545 470 sunt
566 407 711 470 haeretici
732 413 765 470 st
786 406 982 474 schismatici.

207 508 297 570 Hunc
329 508 487 570 articulum
519 508 664 570 revocati
697 507 774 568 libro
806 507 844 570 ds
863 509 1054 590 Captivitcte

128 591 330 672 Babylonica,
360 598 390 650 et
412 592 520 652 iterum
542 592 588 651 his
612 591 732 671 sciiptis
754 610 883 669 revoco,
914 599 950 652 et
966 591 1053 665 dico,
1122 593 1123 634 t

126 675 281 736 Bohemos
304 682 335 735 et
357 673 493 734 Graecos
530 675 561 734 in
581 674 641 735 hac
668 681 753 754 parts
782 694 840 736 nec
866 675 1054 750 haereticos,
1122 649 1123 708 ¹

58 827 70 840 ,
126 777 183 819 nec
204 758 432 836 schismaticos,
463 756 518 818 sed
537 757 816 820 &infinitissimas
844 763 875 818 at
896 757 1055 838 evangeli·

126 842 266 901 cissimos
289 861 366 919 esse,
388 859 466 920 qnos
489 846 520 900 et
542 840 587 901 his
610 840 710 901 verbis
733 860 788 902 oro
811 847 842 901 et
859 841 998 906 obtestor
1021 841 1051 900 in

125 921 277 1000 Domino,
310 929 342 983 ut
373 924 403 984 in
433 941 471 984 ea
502 922 654 984 sententia
685 917 809 984 firmiter
839 929 1056 1006 permaneant,

127 1023 195 1067 cum
228 1026 284 1088 pro
313 1025 347 1067 se
374 1006 509 1068 habeant
536 1026 715 1088 expressum
748 1009 865 1068 textum
889 1005 1054 1090 evangelii,
1122 1037 1123 1070 t

123 1091 310 1170 longaevum
334 1095 365 1150 et
385 1089 466 1170 apud
480 1087 616 1150 Graecos
638 1090 668 1150 in
690 1087 772 1151 hunc
793 1087 872 1174 diem
896 1098 1053 1152 servatum
1122 1115 1123 1144 ;

126 1171 311 1234 catholicum
335 1192 422 1234 usum
445 1172 597 1236 ecclesiae
618 1172 693 1250 Dei,
721 1192 779 1233 nec
800 1179 987 1234 moveantur
1009 1179 1054 1254 ty-

126 1256 213 1316 ranni
235 1256 314 1316 iliius
336 1256 467 1316 Romani
479 1259 510 1316 st
532 1255 700 1317 antichristi
712 1257 874 1317 vastatoris
898 1263 928 1317 et
951 1257 1055 1336 impiis
1122 1271 1123 1324 1

125 1336 267 1417 decretis,
289 1337 399 1421 quibus
421 1338 548 1400 alteram
571 1345 688 1419 partem
711 1340 894 1401 sacramenti
911 1359 969 1422 per
992 1340 1054 1400 vim

126 1415 251 1482 abstulit
270 1421 323 1501 iis,
352 1421 461 1501 quibus
484 1421 622 1484 Christus
643 1422 710 1502 ipse
732 1422 871 1499 donavit,
901 1425 955 1502 qui
984 1441 1054 1482 cum

126 1503 336 1565 sacerdotibus
374 1505 506 1584 imperet
544 1511 702 1584 utramque
742 1505 875 1585 speciem
919 1525 1055 1582 sumere,
1122 1501 1123 1564 i

125 1593 269 1648 causatus
287 1601 384 1650 nnnm
394 1594 621 1648 sacramentnm
641 1607 712 1648 csse
734 1596 892 1668 utramque
914 1590 1054 1668 speciem
1122 1589 1123 1634 t

126 1669 177 1750 (id
200 1669 283 1749 quod
303 1689 410 1731 venum
435 1669 511 1750 est),
534 1689 636 1730 rursus
658 1670 744 1730 iaicis
767 1689 858 1732 cnam
883 1669 1055 1752 prohibens

124 1754 233 1813 iterem
249 1765 312 1833 ‘pcc
333 1753 459 1814 libidine
480 1751 795 1815 causatnsmendacic
815 1753 875 1814 eibi
895 1754 956 1834 ipsi
980 1771 1056 1814 non·

124 1837 229 1912 traria,
250 1836 401 1916 integru-
412 1841 637 1900 sacramentnm
646 1853 742 1900 cnam
762 1837 896 1918 speciem
909 1851 993 1924 csse,
1007 1836 1055 1896 sic
1122 1835 1123 1896 i

125 1918 207 1980 aliud
231 1925 455 1980 sacramentum
479 1919 564 1982 laicis
592 1925 623 1979 ct
645 1919 727 1980 alind
748 1919 962 1980 sacerdotibus
984 1939 1056 2000 pat·-
1122 1923 1123 2004 i

126 2002 213 2078 titur,
245 2003 323 2063 sicut
357 2008 388 2062 st
415 2003 627 2082 poenitentiae
655 2009 880 2063 sacramentnm
905 2004 1055 2084 saperius
1122 2011 1123 2044 ³

125 2084 206 2146 alind
228 2104 330 2165 papae
348 2093 380 2146 et
399 2085 588 2146 cliudtctius
610 2086 762 2146 eedesiae
783 2084 880 2148 fluxit
1122 2147 1123 2150 ,

205 2167 458 2244 accusandos,
489 2167 662 2230 haereticos
684 2174 716 2228 et
733 2167 952 2230 ¹¹schismaticos
980 2185 1055 2230 assa
1122 2191 1123 2194 ¹

123 2265 236 2329 papam
259 2256 419 2330 stannes,
442 2251 495 2330 qni
513 2250 629 2311 idolum
647 2250 711 2311 -itoc
722 2251 894 2312 Romanum
907 2252 1054 2328 adunant,
1122 2251 1123 2256 ’

124 2333 183 2392 nisi
203 2332 282 2392 fanis
303 2333 401 2394 laico-s
431 2340 461 2394 et
486 2333 579 2394 andes
606 2340 736 2394 excusat
753 2336 944 2414 ignotantia,
978 2335 1054 2399 nim-

124 2415 197 2494 plex
212 2414 294 2476 ‘fides
315 2422 348 2476 at
376 2417 512 2477 violenta
538 2417 628 2481 huius
650 2418 747 2477 Assar
770 2419 948 2496 captivitas,
978 2419 1052 2498 quie

125 2498 318 2577 evangelium
338 2499 452 2560 christi
470 2499 786 2581 ‘plane-exstinguunt,
808 2507 937 2560 simum
950 2508 1054 2645 caEnt

125 2588 302 2660 sequnntur,
323 2600 473 2660 suumque
493 2599 617 2643 sensam
626 2587 765 2644 statuunt
780 2581 929 2644 advniens
944 2592 997 2646 cat
1011 2602 1051 2646 '0-

123 2662 213 2723 licsm
236 2663 397 2726 ecclesiam
419 2665 495 2741 Dei,
528 2672 561 2725 ut
581 2667 612 2724 in
645 2665 747 2726 mattis
766 2665 854 2745 aiiis,
883 2667 932 2726 ita
962 2673 998 2728 et
1016 2670 1050 2728 in

124 2745 213 2806 haias
236 2749 418 2810 sacramenti
441 2766 497 2809 usu
526 2755 558 2808 et
580 2747 774 2820 sacerdotum
802 2747 967 2812 coelibatu.
1010 2751 1050 2811 ili

124 2829 204 2888 enim
234 2837 305 2888 sant
332 2831 477 2891 haeretici
505 2837 536 2892 ct
566 2831 768 2909 schismatici,
799 2833 856 2910 'qni
890 2833 1049 2913 terminas,

125 2928 203 2988 qnos
224 2910 331 2972 Patres
353 2921 537 2993 pascamnt,
557 2914 836 2993 tnansgredinntm,
864 2920 895 2976 st
922 2935 942 2976 a
964 2933 1048 2978 nom-

124 2994 207 3052 mnni
230 2994 399 3056 catholicas
426 2997 579 3056 ecclesiae
605 2996 666 3056 situ
690 3016 729 3056 se
757 2999 843 3077 ipsos
866 3007 1048 3078 segregant,

123 3076 326 3155 propriosque
358 3097 396 3139 ac
416 3097 515 3140 novos
544 3080 618 3138 ritus
650 3098 706 3159 pro
736 3098 820 3141 mera
847 3079 974 3142 libidine
996 3081 1047 3142 ad-

124 3177 233 3218 versus·
251 3161 444 3240 evangelium
461 3163 649 3239 excogitant,
672 3161 703 3221 id
725 3162 807 3242 quod
829 3162 902 3224 iacit
923 3163 1048 3225 etfacit

122 3241 279 3310 Romanus
301 3242 353 3303 ilie
374 3243 578 3321 antichristus,
600 3263 658 3304 nec
681 3253 802 3311 veretur
824 3250 925 3316 tamen
948 3247 1045 3327 impu-

125 3321 200 3383 dens
222 3330 253 3384 et
274 3323 486 3466 blasfhemum
509 3345 655 3388 ossuum
678 3327 708 3387 in
732 3328 850 3389 coelum
864 3346 994 3412 ponere,
1017 3336 1047 3390 st

124 3422 266 3480 graecam
288 3409 450 3468 eccesiam
470 3428 598 3487 arguere
619 3409 801 3486 schismatis,
823 3410 905 3488 quod
926 3411 995 3491 ipss
1017 3419 1046 3472 et

124 3484 223 3545 nullus
245 3487 322 3549 alins
345 3492 447 3569 coepit
467 3492 581 3570 primus
604 3499 635 3551 st
655 3491 750 3552 solus.
848 3481 855 3503 '

208 3566 387 3629 consultum
414 3571 518 3651 itaque
548 3571 667 3634 videtur
694 3572 771 3636 mihi
789 3591 890 3652 nunc,
922 3579 1044 3636 utnon
1122 3617 1123 3628 η

128 3643 220 3704 modo
241 3666 296 3725 per
324 3651 505 3730 concilium,
538 3653 592 3714 ssd
622 3675 678 3734 per
705 3673 859 3737 quemque
883 3653 1044 3722 dicwesin
