2252 4006
157 186 220 258 274
462 189 606 246 resoluto
627 189 787 260 turpanda

157 362 198 407 ex
219 343 366 426 operibus
384 344 449 404 rute
468 345 634 408 inatitteari.
658 345 698 405 rtt
718 343 957 424 fideeanquiaita
979 343 1075 403 estin-

157 436 203 490 ter
224 442 320 508 npera
346 435 452 488 nonne
479 431 602 509 propria
624 429 696 488 eitra
720 429 860 506 gratiam.
903 425 980 488 (lum
1005 438 1075 504 ergo

156 529 214 572 nas
239 512 318 571 aient
339 509 493 571 Abrabam
522 511 646 571 eredere
670 519 801 590 oportet,
823 512 976 588 sequitur,
999 507 1077 587 quod

157 593 219 654 lltle'
239 593 337 653 iulrlta
365 599 396 653 et
423 607 505 672 quae
529 593 687 653 hominum
715 593 860 673 operibns
886 600 939 652 aut
966 591 1077 653 viribus

158 695 219 738 non
242 676 379 751 habetur,
401 677 525 736 eredere
548 684 679 756 oportet.

222 759 326 819 'lertio
349 758 437 822 Rom.
462 761 515 822 tt:
543 759 659 840 Omne,
688 757 769 836 quod
797 774 857 817 nou
881 765 928 816 eat
950 777 992 816 ex
1014 755 1079 832 fide,

158 849 318 922 pennatum
340 844 581 919 est,neeeasari0
605 841 644 902 de
664 839 725 900 flde
738 841 842 901 infusa·
850 840 996 919 loquitur,
1010 857 1079 917 ergo

158 923 234 984 fldee
256 925 406 1003 aequisita
434 933 594 1005 pennatum
617 933 678 1006 eat,
708 926 780 1006 quia
807 941 868 982 non
893 927 940 982 eet
962 931 1004 980 en
1026 921 1081 981 tide

159 1006 257 1066 inluta
280 1014 405 1086 prepter
427 1007 579 1086 accidens,
603 1009 675 1087 quia
696 1009 721 1066 si
746 1025 818 1084 non,
842 1011 913 1064 tune
936 1005 1081 1084 sequitur,

159 1089 243 1169 quod
275 1089 335 1149 nde
368 1086 467 1150 inlusa
498 1109 557 1149 non
581 1097 661 1150 esset
685 1095 777 1168 opus,
812 1089 883 1167 quill-
916 1089 986 1147 tine
1020 1087 1081 1167 ipsa

159 1179 261 1257 potest
283 1173 431 1251 aequlnita
454 1171 529 1231 lldes
552 1174 616 1230 aine
637 1181 768 1252 pennata
799 1176 884 1248 east,
917 1169 1004 1250 qnod
1039 1177 1081 1230 eet

159 1251 266 1314 eontra
288 1259 382 1316 tutam
406 1255 577 1334 epistolant.

241 1337 290 1396 &x
313 1335 422 1416 quibus
443 1339 593 1416 sequitur,
626 1335 710 1415 quod
743 1337 819 1396 tides
852 1337 1006 1414 aequisita
1042 1343 1082 1394 eat

159 1420 247 1499 quati
269 1419 457 1498 hypocrisin,
480 1419 562 1478 lintio
585 1428 616 1478 et
637 1419 790 1479 eltnulatio
813 1429 842 1478 et
865 1419 949 1478 velut
972 1426 1080 1497 spuma

159 1500 230 1562 fldei
251 1501 378 1563 inlusae
422 1500 508 1561 Sicut
528 1518 622 1582 opera
650 1502 849 1581 superborum
871 1502 954 1561 bonu
985 1505 1017 1560 et
1040 1516 1083 1558 ve

110 1625 112 1632 ·
160 1587 303 1644 elimenta
327 1586 440 1662 ovium,
464 1584 572 1663 quibua
595 1585 656 1664 lupi
678 1594 806 1664 rapaces
822 1593 944 1644 utuntur
968 1583 1020 1642 vel
1043 1593 1083 1642 te·

160 1665 281 1747 gunt-tir,
304 1675 453 1747 apparent
476 1682 544 1726 ease
568 1668 658 1744 boun,
683 1667 735 1726 ted
758 1683 819 1727 nnn
845 1675 931 1746 eunt3
953 1665 1083 1726 italides

160 1752 310 1830 acquisitu
333 1757 462 1828 apparet
484 1765 552 1810 ente
574 1749 661 1825 fides,
684 1749 737 1809 red
760 1759 806 1809 eet
827 1751 945 1829 npenlet
969 1749 1042 1809 littei
1057 1757 1083 1808 et

161 1835 247 1912 quasi
271 1834 391 1913 opinio:
415 1834 477 1892 inro
501 1848 561 1892 non
585 1833 719 1912 persistit
742 1833 770 1891 in
785 1820 1083 1908 tentationibue,ner

160 1923 207 1976 tet
238 1915 365 1975 fundata
397 1935 489 1996 super
520 1921 648 1995 petratn.
691 1915 776 1975 Patet
806 1921 879 1996 ergo
914 1915 1083 1974 differentia

160 1997 230 2058 fldei
255 2000 424 2077 acquisitae
444 2007 472 2058 et
495 1998 629 2072 intutae,
658 1999 729 2078 quia
756 1999 976 2078 aequinilaNeet
997 1998 1083 2058 valde

161 2080 268 2140 similia
291 2081 361 2141 fidei
384 2081 517 2141 inlusae:
550 2082 628 2140 aient
661 2081 765 2140 omnia
786 2075 881 2160 opera
908 2081 1084 2141 naturaliter

163 2163 244 2224 bona
267 2172 338 2222 eunt
359 2164 450 2223 valde
478 2164 588 2223 similia
611 2163 754 2242 operibus
777 2166 893 2242 gratiae
915 2164 1023 2244 benis,
1056 2172 1084 2222 ut

162 2247 253 2306 etiam
277 2265 296 2306 a
317 2244 478 2307 subtilibus
499 2247 673 2305 huminibus
698 2247 748 2305 vix
771 2248 999 2320 discernantur,
1032 2245 1082 2305 sed

161 2331 191 2389 in
215 2346 304 2388 eruee
326 2329 506 2410 probantur:
529 2331 600 2408 quin
633 2329 771 2408 ternpore
807 2328 937 2389 tdvereo
972 2338 1078 2388 natura

161 2411 242 2473 cedit
264 2422 331 2471 eum
361 2413 423 2471 auis
445 2411 598 2491 operibus,
620 2413 718 2492 gratia
744 2419 845 2471 autern
874 2399 989 2471 stabillt
1022 2426 1082 2471 nur·

162 2495 250 2555 Tune
272 2496 424 2554 iuvenitur
447 2494 578 2572 labitur,
602 2496 719 2554 tenitas
744 2501 774 2553 et
795 2493 988 2554 mendaeltrrn
1002 2501 1082 2554 uatu-

163 2592 225 2655 rae,
249 2586 374 2656 operum
399 2583 521 2638 srttrrum
546 2585 577 2636 et
597 2577 667 2636 ltdei
691 2577 820 2656 infusae,
844 2577 922 2636 eleut
942 2577 1018 2636 nteit
1039 2574 1082 2636 Pe.

163 2664 239 2724 115:
269 2661 336 2740 Ego
360 2660 474 2720 dixtin
499 2663 627 2726 externa
650 2669 736 2738 rnen,
760 2663 974 2721 omnishomo
1005 2670 1081 2719 nien-

163 2743 225 2804 tlax
247 2749 305 2804 ete.

496 2931 629 2993 Altera
651 2952 751 3013 pare.

247 3069 336 3131 Fides
358 3071 458 3132 intusa
481 3069 704 3152 tineaequttita
727 3079 773 3131 eet
795 3073 907 3148 urnula,
924 3073 996 3152 quia
1017 3068 1077 3152 ipsa

106 3179 110 3187 ·
163 3153 231 3215 tola
249 3155 321 3214 lauit
344 3157 446 3214 omnia
466 3155 500 3214 *et
521 3163 567 3214 est
588 3157 618 3214 itr
639 3155 783 3216 'omnibus
805 3155 917 3214 bonntn
942 3163 1034 3236 eaput
1054 3163 1080 3214 et

164 3238 235 3314 vita,
259 3237 376 3296 viderur·
398 3241 427 3296 tn
439 3237 602 3316 exemplls;
619 3235 708 3298 Hebr.
724 3239 757 3300 ll
773 3237 974 3298 addtrettntur.
997 3237 1079 3298 Unde

164 3327 195 3379 et
206 3318 367 3379 Christiani
383 3318 686 3397 appellanturtldelee
697 3339 716 3379 a
726 3318 786 3380 flde
798 3329 941 3400 unquam
952 3340 974 3380 a
985 3318 1078 3380 foruna

165 3408 196 3459 et
222 3403 328 3459 natura
358 3407 388 3460 et
410 3401 596 3480 proprietate
622 3411 690 3461 tna.
735 3402 807 3463 Slne
836 3402 895 3462 titre
925 3405 1005 3463 enlm
1031 3405 1077 3462 irn-

167 3481 313 3558 ‘poestbite
333 3490 381 3542 est
403 3482 525 3560 plaeere
547 3483 622 3547 Deo.
664 3483 768 3558 Quare
787 3484 877 3545 tidern
891 3491 959 3546 rese
975 3486 1004 3545 in
1021 3495 1078 3546 otn-

166 3563 254 3619 ninus
274 3563 426 3641 operibat,
449 3580 527 3642 quae
549 3565 681 3644 placent,
703 3585 830 3627 neeesse
843 3577 899 3646 ent,
911 3577 948 3628 a'e
960 3569 1077 3648 pertine

166 3647 339 3704 uenenaria
359 3653 406 3704 eet
427 3648 517 3705 etiam
539 3647 578 3707 ad
600 3657 825 3710 eaummentum
849 3657 1019 3715 aeternum.
