2254 4008
144 155 185 221 32
406 157 446 211 De
466 156 544 226 cept.
563 155 661 226 Baby}
680 157 819 212 Ecclesiae

143 312 206 372 lata
228 310 443 408 philosophia
436 330 466 371 m
478 311 609 371 eeclesia
631 312 773 394 grassari,
796 311 906 372 inistis
923 312 1064 372 trecentis

144 396 318 456 novissimis
341 397 444 471 anuis,
466 395 497 454 in
519 395 628 473 quihus
651 402 682 454 et
703 394 763 455 alia
790 393 885 456 multa
905 413 1063 474 perperam

145 485 216 538 sunt
237 478 446 572 determinata,
468 478 559 556 quale
581 485 636 555 est,
657 477 828 537 dissentiam
852 477 987 538 divinam
1009 497 1065 536 nec

148 562 286 642 generari
309 579 366 620 nec
395 579 557 640 generare,
588 563 728 620 Animam
752 579 820 620 esse
847 560 976 620 formam
999 559 1066 619 sub-

144 643 315 705 stantialem
338 644 475 724 corporis
497 644 631 721 humani,
653 651 684 702 et
703 644 741 702 iis
759 643 880 722 similia,
902 661 982 722 quas
1003 642 1066 702 nnl-

144 727 180 787 lis
202 746 327 808 prorsus
349 733 526 787 asseruntur
546 725 712 787 rationibus
735 733 787 786 aut
800 728 911 806 causis,
933 734 966 786 nt
989 727 1066 806 ipse-

144 819 207 871 met
229 809 391 870 eoufitetur
412 809 581 870 Cardiualis
604 809 843 871 Cameracensis.

229 893 339 953 Dicent
372 893 524 969 fortassis,
546 892 716 952 Periculum
752 892 912 953 idolatriae
945 909 1068 970 eogere,

145 984 179 1036 ut
206 994 267 1036 non
296 977 336 1035 sit
367 977 455 1055 panis
490 985 520 1035 st
553 976 652 1035 vinum
686 993 766 1037 vere.
809 974 980 1034 Ridiculum
1003 973 1069 1052 ⁸hoc

150 1057 256 1136 valde,
286 1077 354 1119 cum
377 1058 517 1118 subtilem
541 1057 765 1138 philosophiam
788 1059 825 1117 de
847 1057 1018 1118 substantia
1041 1064 1072 1116 et

145 1141 353 1202 accidentibus
382 1141 450 1201 laici
486 1160 640 1220 nunqnam
675 1143 891 1220 cognoverint,
932 1159 1007 1217 uec,
1043 1141 1068 1198 si

148 1224 343 1302 docerentur,
373 1243 483 1305 capere
504 1227 640 1304 possint,
670 1230 701 1284 et
726 1223 806 1284 idem
828 1225 867 1283 sit
889 1224 1070 1303 periculum,

145 1307 238 1368 salvis
261 1308 479 1384 accidentibus,
502 1325 581 1388 quae
604 1306 717 1383 vident,
740 1306 822 1386 qnod
844 1305 1071 1381 insubstantia,

145 1409 237 1470 quam
259 1409 321 1452 non
345 1390 456 1452 vident.
499 1390 530 1451 Si
554 1393 634 1451 enim
649 1390 820 1450 accidentia
842 1409 904 1450 non
927 1388 1069 1465 adorant,

143 1473 198 1534 sed
229 1474 371 1535 latentem
405 1474 445 1533 ibi
474 1473 641 1552 Christum,
676 1491 729 1533 cnr
755 1475 918 1533 adorarent
945 1490 1071 1552 panem,

144 1576 234 1636 quern
257 1577 318 1618 non
341 1556 465 1616 vident?

228 1639 289 1700 Onr
303 1647 404 1701 antem
427 1658 487 1700 non
503 1643 601 1720 possit
616 1640 752 1701 Christus
764 1657 874 1735 corpus
888 1657 977 1697 snum
990 1639 1072 1697 intra

144 1723 344 1784 substantiam
368 1723 455 1865 pesnis
478 1725 653 1802 continere,
681 1723 759 1782 siout
780 1723 811 1781 in
834 1721 961 1782 acciden
964 1719 1069 1781 tibus?

144 1805 255 1866 Eece'
248 1807 326 1903 ignis
349 1807 413 1866 cti
412 1825 510 1866 orrum
535 1805 613 1867 dnae
634 1806 823 1866 substantiae
845 1805 1071 1864 sicmiscentur

143 1889 174 1948 in
197 1889 275 1950 ferro
298 1891 404 1969 ignito,
428 1896 460 1949 nt
481 1889 636 1968 quaelihet
656 1907 726 1970 pars
750 1884 799 1948 ¹sit
809 1888 919 1948 ierrnm
937 1887 1069 1966 etignis.

144 1971 205 2033 Gur
226 1992 288 2034 non
310 1972 406 2032 multo
430 1974 526 2052 magis
554 1991 665 2052 corpus
693 1972 860 2052 gloriosum
884 1970 996 2030 curisti
1026 1971 1073 2028 sic

143 2057 174 2116 in
197 2058 280 2116 omni
304 2063 390 2136 parte
412 2055 558 2116 substant
539 2064 599 2116 tras
620 2056 708 2136 panis
730 2073 799 2114 esse
820 2053 938 2134 possit?

228 2137 309 2213 Quid
332 2137 465 2198 facient?
500 2139 636 2200 Christus
669 2158 709 2199 ex
731 2146 817 2199 ntero
847 2138 950 2197 matris
979 2142 1071 2195 natus

145 2221 280 2283 ereditur
301 2221 419 2284 illaeso
463 2221 573 2282 Dicant
600 2231 631 2283 et
652 2223 716 2297 hic,
746 2239 867 2280 earnem
896 2220 980 2280 illam
1004 2217 1072 2278 Vir·

144 2306 223 2385 ginis
246 2304 365 2364 iuterim
387 2303 480 2364 fnisse
501 2306 715 2379 annihilatam,
743 2323 807 2379 sen,
830 2308 863 2363 ut
884 2305 985 2382 aptius
1009 2301 1070 2364 dici

144 2387 260 2463 volunt,
283 2386 617 2466 transsubstantiatam,
640 2399 673 2449 ut
694 2387 861 2449 Christns'
854 2407 883 2446 ιιι
906 2384 1072 2445 accidenti-

145 2470 200 2530 bus
225 2473 289 2531 eius
312 2470 465 2531 involutus
488 2472 609 2532 tandem
640 2493 693 2553 per
724 2469 895 2530 accidentia
922 2468 1070 2549 prodiret.

88 2592 91 2603 v
144 2553 229 2615 Idem
252 2553 412 2614 dicendum
436 2555 492 2615 erit
514 2555 580 2614 de
573 2576 665 2616 ranna
680 2554 794 2632 clausa,
815 2560 845 2612 et
867 2555 947 2613 ostio
963 2569 1072 2611 monu-

145 2638 238 2697 menti
266 2638 387 2714 clauso,
422 2657 476 2717 per
506 2656 585 2717 qnae
614 2639 721 2698 illaesa
752 2637 875 2698 intravit
906 2642 937 2695 ct
964 2637 1070 2697 exivit.

144 2719 204 2781 Sed
228 2720 299 2780 hino
321 2727 393 2780 nata
415 2727 461 2781 est
484 2717 669 2802 Babylonia
678 2721 730 2781 illa
751 2719 967 2800 philosophias
981 2719 1070 2778 istius

144 2803 183 2864 de
205 2805 375 2883 quantitate
392 2805 548 2900 continua,
571 2804 712 2864 distincta
735 2802 944 2880 asubslantia,
968 2801 1070 2862 donec

145 2905 183 2947 eo
207 2895 330 2947 ventum
353 2889 405 2968 sit,
433 2893 467 2946 nt
487 2887 629 2968 ignorent
650 2898 680 2947 et
703 2887 777 2966 ipsi,
807 2904 885 2965 qnae
907 2886 967 2944 sint
990 2887 1069 2946 acei-

144 2969 310 3050 dentiaet
331 2987 409 3048 qnae
431 2969 608 3032 substantia.
651 2970 904 3049 Namqniscerto
918 2976 1068 3029 monstra-

145 3054 342 3133 vitnnquam,
356 3053 500 3132 calorem,
513 3054 657 3131 colorem,
679 3053 783 3133 irigns,
806 3053 915 3125 lucem,
935 3050 1069 3132 pondus,

143 3135 257 3217 figuras
279 3155 347 3198 esse
370 3136 560 3196 accidentia?
604 3137 743 3215 Denique
771 3135 978 3195 accidentibus
1009 3133 1068 3194 illis

143 3222 174 3280 in
196 3219 285 3281 altari
313 3221 413 3280 coacti
435 3226 504 3280 sunt
525 3219 642 3300 fingere
662 3237 775 3280 novum
798 3237 866 3278 esse
893 3218 1028 3278 scorsari
1051 3236 1069 3277 a

144 3302 222 3380 Deo,
245 3310 370 3383 propter
392 3302 598 3380 Aristotelem,
620 3305 670 3381 qni
696 3302 777 3377 dicit,
799 3301 974 3361 Accidentis
999 3320 1067 3360 esse

145 3392 192 3445 est
212 3387 328 3445 inesse:
351 3384 508 3445 etiufinita
521 3393 667 3460 monstra,
690 3383 798 3464 quibus
812 3383 952 3444 omnihus
965 3389 1069 3444 essent

144 3466 241 3547 liberi,
264 3469 290 3527 si
312 3468 490 3547 simpliciter
512 3487 622 3547 panem
645 3468 685 3527 ibi
708 3487 776 3527 esse
798 3485 904 3527 verum
924 3469 1068 3529 sinerent.

145 3549 185 3609 Et
206 3549 298 3629 plane
319 3548 451 3630 gaudeo,
474 3551 581 3609 saltem
606 3550 686 3631 apud
704 3550 826 3629 vulgum
840 3549 975 3610 relictam
999 3568 1068 3608 esse

145 3633 316 3715 simplicem
350 3632 442 3692 fidem
471 3635 654 3693 sacramenti
683 3633 784 3696 huius.
836 3632 913 3693 liam
944 3639 976 3692 nt
1006 3651 1068 3692 non
