2258 4002
50 139 53 146 ’
157 153 200 221 96
412 157 448 210 De
467 155 546 226 capt.
566 155 665 226 Babpl.
683 155 824 211 Ecclestse

157 392 212 454 scd
235 412 297 452 non
320 401 353 452 ut
373 392 425 452 lex
453 402 513 453 tus.
556 392 652 452 Duxit
672 393 813 454 Petritius
842 393 962 474 gentilis
985 393 1090 452 liloni-

158 494 226 536 oam
249 483 375 536 matrem
388 474 418 540 S.
431 476 594 555 Augustini
604 475 818 556 Christianam,
840 497 894 538 cur
914 495 975 536 non
987 473 1089 535 hodie

156 558 247 619 liceat
269 557 371 618 idem?
414 557 497 618 ldern
526 559 609 637 rigor
637 559 797 640 stultitiae,
824 561 886 620 imo
914 559 1088 638 impietatis

157 650 204 702 est
225 642 476 721 impedimentum
498 641 647 717 criminis,
668 640 801 722 scilicet,
823 643 874 702 ubi
895 643 963 722 quis
987 640 1090 700 duxe-

157 726 195 785 rit
216 727 299 804 prius
328 724 477 804 pollutam
499 723 666 800 adulterio,
694 732 746 784 snt
774 725 963 786 machinatus
993 723 1091 782 tuerit

156 808 187 868 in
218 815 347 867 mortem
379 807 502 867 alterius
536 807 692 886 coniugis,
725 825 787 885 quo
819 827 887 868 cum
918 799 1089 887 superstite

157 890 338 950 contrahere
360 891 468 969 possit.
511 889 665 969 Obsecro,
693 890 773 950 unde
794 892 851 951 iste
878 892 960 970 rigor
981 889 1088 949 homi·

157 991 230 1032 num
252 974 283 1032 in
304 973 455 1050 hominen,
477 973 598 1051 qualem
620 991 677 1031 neo
698 972 782 1032 Dens
805 993 938 1056 unquam
962 970 1089 1050 exigit?

159 1058 207 1116 An
229 1056 372 1134 ignorare
393 1074 427 1114 se
449 1056 607 1132 simulant,
636 1055 809 1116 Bstschabs
830 1075 956 1117 uxorem
981 1055 1088 1132 Uriae,

157 1148 287 1217 utroque
315 1139 440 1198 crimine
461 1136 604 1218 impleto,
631 1137 662 1198 id
684 1147 732 1198 est
751 1140 974 1220 praepollutsm
1001 1137 1088 1198 edul-

157 1223 234 1281 terio
258 1229 288 1281 et
310 1222 414 1280 occiso
437 1222 517 1295 virs,
548 1229 650 1280 tamen
680 1220 802 1282 ductam
825 1242 843 1282 a
866 1222 964 1282 David
995 1238 1087 1280 sanc

158 1305 276 1364 tissimo
299 1303 385 1364 viro?
417 1302 449 1364 Si
472 1303 522 1363 lex
545 1303 647 1363 divina
668 1304 746 1364 haec
768 1305 849 1384 fecit,
872 1305 944 1385 quid
965 1304 1089 1364 faciunt

157 1387 298 1447 homines
321 1387 442 1466 tyranni
462 1387 492 1445 in
515 1405 588 1447 suos
609 1387 799 1448 conservos?

154 1471 161 1488 ⁸
241 1469 389 1530 Censetur
410 1475 442 1530 et
462 1470 729 1549 impedimentum,
757 1471 840 1550 quod
869 1476 981 1531 vocant
1010 1468 1087 1548 liga-

158 1553 257 1631 minis,
280 1553 418 1629 honest,
440 1553 555 1631 siquis
578 1553 663 1612 alteri
685 1554 725 1612 sit
746 1554 888 1634 alligatus
912 1571 966 1632 per
990 1571 1085 1631 spon·

157 1635 243 1698 sslis.
286 1634 344 1694 Hic
367 1635 567 1715 concludunt,
598 1636 621 1694 si
646 1637 845 1715 posteriorem
875 1637 941 1716 quis
965 1652 1085 1714 coguo-

156 1719 249 1797 verit,
281 1719 391 1798 prioris
419 1735 541 1779 cessare
567 1718 733 1798 sponsalia.
783 1718 874 1794 Quod
900 1719 991 1798 plane
1022 1735 1084 1776 non

156 1803 257 1881 nepio,
280 1817 339 1880 ego
362 1799 493 1861 arbitror
515 1819 583 1860 eum
607 1820 676 1860 esse
698 1803 757 1860 ism
777 1820 839 1863 non
854 1803 900 1861 sni
923 1802 1007 1876 iuris,
1033 1801 1084 1877 qui

158 1886 209 1944 uni
232 1903 301 1944 sese
314 1883 474 1961 addixerit,
497 1901 534 1944 sc
546 1903 601 1963 per
618 1884 869 1963 hocprohibente
889 1885 954 1944 iure
976 1882 1085 1942 divino

159 1967 271 2028 debere
292 1968 386 2047 priori
403 1984 466 2026 nou
488 1968 641 2046 cognitae,
662 1967 780 2030 etiamsi
796 1968 997 2047 posteriorem
1011 1981 1083 2044 cog-

159 2051 295 2127 noverit,
329 2048 402 2110 dare
423 2050 503 2109 enim
531 2068 594 2110 non
617 2052 729 2130 potuit,
760 2051 843 2130 quod
877 2060 938 2111 non
967 2047 1084 2125 habuit,

66 2178 72 2190 ,
159 2132 214 2193 sed
256 2133 361 2192 fefellit
405 2151 473 2192 eam
507 2133 720 2211 commisitque
751 2152 857 2194 verum
889 2131 1084 2194 adulterium.

160 2215 250 2291 Quod
272 2227 374 2276 autem
398 2214 479 2276 aliud
501 2215 559 2276 illis
583 2217 679 2275 visum
703 2222 759 2295 est,
781 2217 863 2288 tecit,
885 2215 967 2296 quod
990 2232 1084 2295 copu-

160 2299 222 2362 lam
245 2300 344 2358 osrnis
365 2298 434 2378 plus
456 2297 664 2376 attenderunt,
688 2317 780 2378 quam
803 2300 936 2359 divinum
960 2298 1083 2357 menda·

159 2390 239 2461 tum,
271 2400 332 2460 quo
354 2382 447 2461 priori
468 2381 559 2442 fldem
581 2382 737 2463 pollicitus
765 2383 856 2444 debet
873 2399 1001 2460 semper
1022 2399 1082 2440 ser-

159 2483 243 2526 vare.
286 2465 345 2541 Qui
367 2466 448 2524 enim
471 2465 544 2525 dare
566 2465 646 2544 vult,
675 2465 713 2525 de
739 2484 795 2527 suo
824 2466 896 2526 dare
921 2462 1027 2541 debet,
1055 2470 1084 2522 et

159 2548 243 2609 Deus
266 2547 436 2629 prohibeat,
458 2566 498 2608 ne
520 2549 588 2627 quis
610 2547 732 2608 fratrem
755 2567 843 2608 suum
867 2547 1083 2608 circumveniat

158 2634 188 2692 in
212 2632 274 2693 ullo
297 2633 439 2713 negotio,
462 2632 544 2710 quod
567 2631 750 2691 servendum
773 2640 819 2692 est
841 2632 919 2691 ultre
941 2639 970 2689 et
991 2647 1083 2709 supro

160 2732 268 2775 omnes
291 2717 425 2776 omnium
438 2714 595 2774 hominum
608 2713 796 2775 traditiones.
838 2713 998 2791 haerede,
1022 2730 1079 2772 non

159 2816 253 2878 posse
275 2799 365 2858 telem
388 2798 476 2858 salva
496 2795 686 2858 conscientia
713 2816 781 2857 oum
804 2795 940 2857 secunda
961 2794 1080 2856 cohabi-

160 2890 235 2958 tare,
257 2888 288 2941 et
310 2883 370 2942 hoo
390 2880 640 2961 impedimentum
664 2899 732 2941 esse
755 2881 881 2941 omuino
903 2888 1079 2939 converten-

160 2963 242 3024 dum.
285 2964 316 3026 Si
339 2965 419 3024 enim
442 2973 552 3026 votum¹
574 2964 730 3044 religionis
757 2963 829 3024 lacit
850 2963 1001 3040 alienum,
1031 2979 1080 3019 cur

91 3067 93 3073 ’
159 3066 221 3108 non
245 3048 334 3107 etism
358 3047 434 3106 fides
458 3047 530 3107 data
552 3054 583 3107 et
604 3056 742 3127 accepta,
765 3066 835 3106 cum
857 3046 934 3105 haec
948 3045 1079 3123 sitprse·

159 3131 240 3212 oepti
263 3139 293 3191 et
315 3130 429 3189 fructus
452 3130 580 3210 Spiritus
603 3129 669 3190 Gal.
692 3133 731 3209 5,
753 3129 946 3189 illudentem
968 3125 1077 3187 arbitrii

149 3213 304 3276 ‘humanit
326 3213 411 3274 Etsi
435 3213 505 3273 licet
527 3215 615 3274 uxori
628 3215 724 3274 virum
747 3219 894 3292 repetere,
916 3217 989 3270 voto
1012 3209 1077 3268 facti

159 3300 317 3378 religionis
340 3316 402 3357 nou
426 3295 583 3373 obstante,
611 3314 665 3355 our
687 3313 748 3356 non
773 3296 862 3356 liceat
883 3312 1018 3373 sponsae
1038 3310 1076 3350 re·

160 3389 265 3460 petere
297 3398 445 3459 sponsum
478 3397 582 3454 suum,
616 3381 706 3439 etism
738 3386 844 3440 secuta
876 3376 988 3456 copula
1014 3393 1075 3435 curn

159 3463 278 3523 ultera?
305 3462 366 3524 Sed
389 3470 420 3522 et
441 3463 579 3541 superius
602 3460 751 3542 diximus,
772 3479 834 3521 non
857 3460 948 3520 licere
971 3474 1077 3519 vovere

161 3545 339 3624 religionem
363 3545 401 3621 ei,
423 3545 474 3622 qni
496 3543 586 3603 fidem
609 3544 692 3604 dedit
713 3544 843 3623 puellae,
865 3542 920 3602 sed
942 3547 990 3601 est
1003 3537 1077 3598 debi-

161 3629 392 3708 tordncendae,
414 3627 616 3707 quiadebitor
638 3635 685 3688 est
699 3627 769 3688 fidei
791 3624 969 3705 servandae,
991 3639 1075 3703 quam
