2262 4006
300 152 442 234 Ambrosii
460 157 571 217 Gathar.
590 174 614 214 s.
636 158 714 218 152¹.
916 153 979 222 383

56 387 295 452 Etvsstabit
329 389 533 461 robustos,
570 393 609 448 et
636 385 823 470 populum
858 385 976 448 Sanc·

451 479 583 534 torum.

134 623 217 682 Idem
243 621 281 684 de
303 623 473 697 Antiocho,
507 623 604 702 figura
626 640 740 701 papae,
772 621 845 681 dicit
867 620 976 682 Daniel

54 708 154 786 capite
178 713 304 766 octavo:
328 705 367 766 Et
390 705 500 764 deiecit
521 704 626 764 stellas
651 703 738 780 coeli,
762 713 791 763 et
814 704 972 766 conculca·

55 791 96 849 vit
118 808 189 866 eos,
211 797 241 848 et
263 787 399 849 Christus
417 789 521 848 Matth.
537 789 585 849 24.
607 789 638 846 in
663 805 794 846 errorem
819 787 975 850 ducendos

53 873 168 932 electos
190 871 347 952 praedicit,
372 879 402 931 et
425 867 581 948 Paulus*)
605 869 760 929 efficacem
779 888 911 929 errorem
934 870 977 930 lu·

53 965 151 1014 turum
186 955 303 1016 asserit.
348 954 378 1014 si
409 973 481 1014 vero
509 953 581 1014 milri
608 953 766 1031 indulgere
787 952 914 1033 vellem,
947 961 977 1014 et

52 1037 197 1098 hebraica
219 1037 313 1097 verba
335 1038 504 1117 acciperem
527 1037 556 1096 in
581 1055 618 1095 eo
632 1054 732 1111 sensu,
755 1045 786 1095 ut
808 1055 863 1116 pro
887 1036 975 1096 robu-

51 1123 103 1180 stis
140 1121 268 1198 robora,
301 1139 357 1217 pro
391 1121 507 1200 populo
539 1119 718 1180 Sanctorum
754 1119 913 1199 apostolos
946 1127 976 1180 et

54 1203 306 1284 Evangelislas
300 1208 529 1282 interpretarer,
557 1201 587 1261 id
621 1202 702 1282 quod
733 1195 827 1262 verba
850 1221 909 1262 non
932 1204 977 1262 in·

53 1290 113 1346 vita
136 1288 210 1346 milri
233 1286 414 1367 concedent,
437 1291 647 1361 sensusesset,
670 1303 782 1364 papam
796 1285 886 1344 talem
900 1285 974 1363 fore,

51 1389 100 1448 qm
93 1369 290 1450 'Scripturas
315 1377 437 1429 sanctas
464 1377 560 1448 (quae
583 1369 704 1427 unicum
718 1368 810 1428 robur
826 1368 975 1428 eeclesiae

51 1458 138 1526 sunt)
165 1462 195 1512 et
219 1453 364 1533 populum
389 1451 586 1528 Sanctorum,
616 1451 645 1510 id
669 1459 732 1528 est,
762 1451 921 1532 apostolos
945 1462 976 1511 et

52 1537 276 1632 evengelistae
305 1543 528 1616 corrumperet,
556 1533 696 1615 perderet
726 1541 975 1611 emereretur

52 1621 99 1698 qui
124 1619 209 1678 nulla
230 1621 393 1678 autoritate
415 1617 591 1698 Scripturas
617 1618 712 1677 teneri
742 1624 772 1676 et
798 1619 866 1698 capi
891 1619 974 1696 velit,

52 1701 103 1761 sed
126 1721 236 1762 omnes
259 1701 429 1782 Scripturas
461 1701 498 1760 ad
522 1721 607 1761 suam
639 1699 792 1760 libidinem
823 1708 975 1780 torqueat,

52 1783 213 1866 depravet,
242 1792 417 1865 corrumpat
447 1804 483 1844 ac
504 1784 628 1866 perdat,
657 1785 736 1843 sicut
763 1803 870 1845 revera
891 1786 972 1848 facit.

52 1867 115 1927 Hoc
139 1887 250 1944 sensu,
277 1867 308 1926 id
337 1866 420 1964 quod
449 1869 599 1946 sequitur,
629 1885 725 1946 prona
753 1869 974 1965 consequentia

52 1951 198 2030 sequitur
240 1914 314 2011 ldeo
338 1953 417 2011 enirn
441 1950 603 2030 Scripturis
634 1949 719 2010 nolet
741 1951 825 2030 cogi,
855 1970 912 2011 nec
942 1955 971 2012 in

53 2033 191 2095 ordinem
215 2034 321 2114 redigi,
344 2035 416 2114 quia
437 2053 493 2094 ano
517 2035 641 2094 arbitrio
664 2034 758 2093 libere
781 2035 883 2094 omnia
901 2036 973 2096 velit

50 2117 121 2197 geri,
147 2118 224 2189 dici,
247 2118 362 2195 doceri,
382 2117 510 2196 intelligi
533 2128 563 2177 et
584 2118 783 2196 interpretari.
828 2115 918 2194 Quod
941 2127 971 2178 ut

51 2200 203 2280 obtineat,
225 2201 325 2280 potius
349 2201 452 2260 omnia
474 2201 649 2282 corrumpit,
672 2209 701 2259 et
722 2199 971 2261 libidinosissimis

51 2282 314 2362 audacissimeque
345 2283 573 2360 interpretatur,
607 2302 698 2362 quam
732 2292 764 2342 ut
792 2303 883 2344 sensu
915 2304 971 2345 suo

51 2365 149 2443 cedat,
173 2375 227 2427 aut
240 2385 357 2427 errasse
379 2385 416 2426 ac
429 2365 509 2426 mala
525 2368 625 2446 egisse
638 2366 730 2426 videri
745 2365 826 2444 velit,
850 2376 881 2426 ut
894 2367 972 2428 haec

52 2449 153 2510 multis
175 2449 324 2529 exemplis
347 2449 429 2509 clare
458 2450 560 2509 doceri
583 2459 696 2529 queant
724 2451 753 2509 in
778 2452 839 2509 suis
862 2450 971 2511 Decre-

50 2533 100 2608 tis,
137 2533 188 2592 ubi
222 2551 370 2611 nusquam
404 2550 465 2593 non
504 2533 652 2613 depravat
683 2533 764 2593 dicta
787 2531 971 2614 Scripturas,

50 2615 159 2676 Christi
182 2625 213 2676 st
233 2616 452 2697 apostolorum.
496 2615 564 2676 Hoc
593 2624 640 2676 est
667 2616 748 2696 quod
778 2635 859 2679 nunc
881 2617 971 2678 dicit:

234 2795 279 2857 Et
307 2797 352 2857 ad
381 2815 530 2857 sensum
560 2817 664 2858 suum
695 2800 777 2859 erit.

130 2947 222 3024 Quod
255 2949 398 3009 hebraice
430 2949 538 3032 dicitur
575 2950 647 3010 Vesl
678 2949 837 3029 Schiohlo,
870 2960 900 3011 et
931 2953 970 3013 ad

52 3051 170 3092 sensum
185 3051 282 3102 suum
306 3033 523 3112 utsubintellig
505 3024 705 3110 ιὶιι,νιιιιιιιιι
729 3037 795 3112 erit,
808 3036 855 3095 vel
870 3037 972 3115 saciet,

53 3115 96 3173 vel
126 3115 239 3194 aliquid
274 3115 545 3177 eiusmodi.th
579 3081 711 3214 tangitul
743 3119 862 3198 insigne
898 3082 972 3179 illud

53 3199 193 3278 papensis
221 3199 321 3278 regni,
350 3217 411 3278 quo
434 3199 574 3258 omnibus
597 3201 736 3280 superior
747 3220 839 3300 papa
860 3203 970 3261 nullius

52 3279 161 3342 iudicio
184 3280 342 3342 subiacere
371 3282 508 3342 docetur.
560 3280 676 3344 Omnes
705 3285 785 3346 enim
807 3287 872 3364 ipse
895 3284 969 3346 iudi·

54 3381 117 3424 aare
141 3364 215 3444 vult,
239 3385 257 3424 a
281 3366 400 3426 nemine
422 3365 566 3445 iudicari,
593 3365 673 3428 sicut
694 3367 808 3428 iactant
830 3368 970 3429 scelerati

105 3656 130 3724 ⁸)
148 3655 175 3712 2.
192 3655 290 3712 Thana
308 3655 333 3712 2.
432 3727 450 3764 ο
