2250 4008
325 164 450 253 &bonis
470 195 645 252 Latomianae
664 198 714 291 etc.
918 191 981 258 493

61 357 135 412 sunt
157 350 348 432 respiciendo
366 371 427 414 nou
451 358 588 412 naturam
610 351 746 431 peceati,
775 350 829 410 sed
852 351 981 430 gratiam

62 434 141 513 Dei,
175 453 235 495 nso
263 434 358 496 babes
388 435 469 516 quod
492 435 542 494 hio
564 451 715 514 opponas.
758 433 820 494 lam
843 435 867 492 si
892 434 982 492 etiam

61 537 102 578 ex
125 519 228 582 animo
252 525 365 600 negent
386 517 553 580 seeundum
570 522 708 578 naturam
732 535 801 576 esse
814 525 985 595 peccatum,

30 620 125 669 ,non
149 607 252 663 tamen
275 602 422 682 probant,
450 621 508 662 neo
537 609 583 660 est
616 600 760 660 articulus
783 597 870 675 fidei,
902 598 985 678 quod

60 685 121 763 ipsi
145 687 280 746 sentiunt
296 692 348 745 aut
366 685 478 760 dicunt,
501 687 563 744 imo
581 683 753 764 periculose
775 681 889 761 dicunt,
912 682 982 742 dum

61 767 130 828 sine
154 769 297 848 exemplo
320 767 494 849 Scripturae
518 767 631 828 dicunt.

148 850 216 928 Sic,
245 851 327 931 quod
351 859 511 932 peccatum
542 849 693 930 significet
715 858 830 910 reatum
855 851 983 923 mnium,

61 953 122 992 nee
145 933 260 1014 probas
281 935 365 1016 ipsos
389 934 481 1012 velle,
514 952 572 994 nea
598 933 657 1015 ipsi
687 931 819 1012 probant
846 933 888 992 ita
916 949 984 992 esse

61 1015 186 1079 debere.
231 1017 295 1078 Vos
313 1018 472 1078 invenistis
494 1017 555 1077 hoo
577 1016 825 1077 obscurissimum
849 1014 984 1091 verbum,

61 1105 179 1179 reatus,
201 1099 283 1180 qood
307 1109 467 1181 peccatum
490 1100 659 1160 formaliter
685 1097 776 1158 vultis
800 1097 984 1178 significare,

60 1181 183 1242 seilicet
204 1183 361 1264 Scriptura
381 1185 549 1264 simplicior
571 1190 635 1259 est,
669 1181 743 1241 nihil
773 1182 832 1241 nisi
863 1199 985 1260 corrup-

61 1267 182 1326 tionem
206 1269 332 1327 stiram
355 1268 437 1328 sacili
459 1274 490 1328 et
511 1277 619 1348 aperto
642 1283 785 1326 sermone
807 1264 907 1324 babet.
940 1263 985 1325 lta

61 1348 149 1428 quod
179 1351 317 1412 remissio
341 1351 475 1410 omnium
504 1356 718 1431 peecatorum,
751 1344 984 1424 ablutionem1)

59 1439 280 1512 peccatorum,
318 1439 349 1494 et
381 1452 583 1514 quaecunque
615 1430 739 1492 tandem
773 1430 812 1491 de
844 1430 985 1510 baptismi

62 1515 166 1594 gloria
188 1534 249 1578 non
271 1517 423 1579 immerito
446 1516 560 1593 dieunt,
583 1533 643 1575 non
667 1516 780 1594 probas
802 1513 883 1574 idem
906 1519 985 1589 esse,

62 1597 150 1678 quod
164 1599 277 1660 nullum
290 1608 451 1680 paccatum
470 1610 580 1662 natura
599 1598 739 1679 relinqui,
761 1615 819 1657 nec
832 1598 890 1678 ipsi
904 1596 985 1656 idem

63 1681 208 1762 probant.
242 1681 313 1744 'Sed
336 1683 477 1744 omnibus
512 1681 614 1744 obstat
635 1681 764 1760 Paulus,
795 1680 848 1741 sed
881 1689 911 1738 et
932 1679 985 1738 Pe·

62 1763 192 1842 trust),
220 1783 349 1845 quorum
381 1767 431 1828 hio
451 1767 588 1827 carnalia
611 1763 763 1826 desideria
785 1763 914 1824 militare
936 1762 986 1823 ad·

63 1865 173 1909 versus
198 1849 347 1930 animam,
381 1849 433 1910 ille
461 1856 621 1930 peccatum
653 1849 682 1907 in
713 1865 843 1927 corpore
866 1845 985 1906 mortali
1042 1883 1044 1889 ,

62 1932 284 2012 concupiscere
325 1931 471 1994 adversus
505 1931 649 2013 Spiritum
682 1930 769 2010 dicit,
811 1937 986 2009 coguntque

64 2015 190 2074 Petrum
225 2014 306 2076 dieta
332 2015 534 2097 adgratiam
567 2015 720 2096 baptisato
747 2014 899 2075 faventem
935 2012 987 2074 do-

65 2116 202 2178 numque
223 2100 340 2180 peccati
362 2099 588 2174 adversarium,
610 2116 671 2159 non
695 2097 733 2158 ad
757 2104 895 2158 naturam
919 2113 987 2178 pec·

66 2181 130 2240 cati
153 2189 205 2242 aut
227 2181 326 2263 legem
356 2189 506 2264 spectare.
557 2181 595 2242 bt
626 2182 671 2240 sia
701 2182 819 2258 omnia,
852 2180 988 2257 Latonia,

66 2271 141 2325 sunt
163 2272 214 2326 tua
236 2265 341 2326 inania
363 2274 394 2326 et
416 2265 590 2339 confutata,
622 2263 761 2344 dispersa
790 2264 869 2322 sicut
891 2264 990 2344 pulvis

65 2353 140 2408 ante
162 2347 270 2410 faeiem
293 2351 387 2410 venti.
429 2349 506 2410 (lum
529 2365 603 2430 ergo
625 2347 879 2408 buicsententlae
901 2365 988 2406 meae

65 2433 171 2504 faveat
192 2434 309 2512 pietas,
348 2433 543 2494 consentiant
571 2430 665 2492 verba
686 2430 859 2512 Scripturas
887 2431 988 2512 sitque

66 2517 97 2574 in
122 2533 160 2574 ea
181 2514 361 2594 simplicitas
382 2516 604 2594 sinceritasque
625 2521 686 2575 tam
702 2515 873 2592 verborum,
896 2531 987 2592 quam

67 2617 189 2676 rerum,
224 2597 297 2659 uolo
333 2599 405 2660 mihi
441 2599 550 2660 auferri
580 2597 763 2658 vocabulum
786 2599 923 2677 peccati,
958 2598 987 2655 in

68 2680 212 2741 omnibus
234 2680 408 2742 bominibus
436 2681 640 2760 omnibusque
669 2679 811 2760 operibus
834 2698 938 2741 eorum
960 2683 990 2740 iu

68 2763 129 2824 bac
153 2764 223 2840 vita,
245 2765 365 2826 etiamsi
389 2763 545 2843 confitear,
568 2765 641 2824 nihil
664 2783 719 2824 eos
734 2763 848 2824 babere
870 2766 989 2843 peceati

68 2857 122 2909 aut
157 2848 229 2910 mali
263 2850 363 2930 operis
400 2848 568 2909 secundum
601 2848 729 2927 gratiam
748 2847 815 2908 Dei.
860 2845 989 2922 Quinte

69 2933 157 3011 sequi
180 2932 274 3011 uolet,
297 2932 419 2996 omittat
439 2939 469 2992 et
491 2937 637 3011 sequatur
658 2931 735 3006 alia,
757 2928 812 2990 sed
834 2949 890 2991 sua
913 2932 990 2990 sciat

70 3015 213 3075 humanis
236 3015 311 3094 niti,
335 3034 403 3076 meo
425 3014 533 3075 divinis
555 3015 747 3076 testimoniis.
790 3012 860 3074 Non
883 3015 990 3093 patiar,

71 3105 103 3158 ut
130 3099 200 3180 plus
230 3098 402 3180 Augustino
440 3099 581 3158 credatur
608 3098 791 3177 Apostolum
830 3096 991 3176 glossanti,

70 3201 162 3262 quam
185 3182 245 3262 ipsi
264 3181 418 3263 Apostolo
441 3183 530 3243 toties
554 3189 714 3261 peceatum
736 3181 866 3242 iteranti.

155 3265 320 3326 Videamus
343 3283 424 3326 nune
437 3266 654 3345 congruentias
667 3263 840 3344 Scripturas
863 3265 892 3323 in
910 3264 990 3323 banc

71 3350 271 3426 sententiam,
302 3348 438 3410 Christus
459 3349 529 3410 Luc.
562 3348 613 3409 ult.
642 3347 861 3428 poenitentiam
885 3355 914 3407 et
945 3366 989 3408 re·

74 3434 251 3493 missionem
283 3432 453 3514 praedicari
488 3431 560 3492 dicit
599 3433 629 3491 in
658 3432 782 3492 nomine
812 3430 885 3494 aias.
930 3430 990 3492 Gur

145 3625 176 3690 1)
199 3619 228 3675 ln
246 3622 290 3676 ad.
308 3619 384 3676 Jemz
404 3621 619 3676 absolutionem.

146 3695 176 3764 *)
199 3697 222 3750 1.
241 3691 292 3750 Pet
320 3693 345 3748 2.
365 3691 452 3747 Salat.
472 3693 497 3748 5.
