2262 4006
125 221 188 290 814
352 224 506 294 Responsio
527 225 555 279 ί).
574 225 607 280 tl.
626 225 654 278 t.
674 224 710 280 sd
729 225 831 283 libram

127 382 188 443 lus
210 383 381 443 lornano
402 381 500 459 sius,
534 389 571 442 et
599 381 634 442 in
657 380 774 443 eorde
800 400 874 442 suo
895 379 1047 461 magni·

126 464 333 541 beabitur,
361 475 395 525 et
425 467 459 526 in
484 481 673 540 ¹suoeesau
702 472 930 544 corrumpet
951 462 1046 525 mul·

125 557 198 610 tos.
256 549 302 609 l'lt
336 549 528 610 adversus
563 549 779 629 prinoipem
821 548 1047 628 prinoipem

126 632 268 709 stabit,
292 641 330 692 at
355 634 443 692 sine
466 641 573 692 mtnu
597 638 834 692 onnteratur.

209 715 340 776 Primum
363 717 404 776 illi
427 721 702 793 suntnequaquam
719 714 871 792 audiendi,
893 713 1051 793 quibunt

126 806 158 860 et
180 800 293 860 similes
315 799 531 879 prophetarum
554 797 640 858 looot
663 798 835 877 intelligunt
857 796 895 858 de
918 815 977 856 une
996 795 1050 856 sli-

125 901 187 962 qua
215 901 348 960 persona
380 881 462 960 sols,
493 883 684 960 ignorantes,
716 880 800 960 quod
828 879 1050 960 prophetarum

124 975 272 1040 mosset,
295 969 387 1026 totius
410 965 538 1025 alieuius
561 966 646 1044 regni
669 983 780 1046 eorpus
798 962 972 1042 significare
995 980 1052 1043 par

128 1067 219 1108 unam
241 1068 413 1128 personam.
458 1048 535 1108 Hlne
557 1050 637 1108 enim
661 1054 692 1108 et
713 1047 935 1121 sntiobristum,
957 1063 1051 1125 quern

128 1130 283 1210 Paulus*)
318 1133 479 1194 bominem
519 1132 639 1210 paeoeti
677 1137 708 1190 et
740 1129 833 1190 lilium
868 1128 1052 1210 perditionis

82 1275 87 1284 ,
127 1215 279 1294 appellet,
308 1233 467 1295 perperam
497 1215 547 1273 uni
570 1233 721 1292 personae
750 1220 871 1293 aptant,
907 1231 976 1272 oum
1001 1210 1053 1272 illa

126 1305 222 1358 totum
245 1317 357 1377 eorpus
381 1306 411 1357 st
432 1298 527 1359 cbaos
549 1297 705 1357 bominum
729 1297 909 1376 impiorum,
938 1302 1053 1356 totam·

126 1400 186 1460 que
214 1383 442 1442 abscessionem
475 1381 668 1460 regnantium
708 1379 780 1438 velit
810 1379 939 1457 intelligi
974 1379 1055 1438 anti·

126 1464 271 1523 ebriatum
300 1485 377 1525 asse.
427 1464 479 1525 Sie
505 1464 585 1523 enirn
614 1464 692 1522 aries
716 1462 875 1523 Persarum
911 1477 1054 1541 regnum,

126 1547 227 1607 hirous
249 1546 437 1608 Graecorum
461 1565 587 1624 regnum
611 1546 719 1606 Daniel
740 1546 770 1610 8.
793 1543 956 1624 signifieat.

60 1627 63 1634 ’
210 1629 285 1691 Gurn
309 1638 412 1692 eutem
430 1630 521 1701 diest,
544 1637 614 1708 post
627 1628 718 1690 finem
730 1636 862 1707 quatuor
871 1645 1054 1708 regnorum,

128 1732 255 1792 quorum
280 1714 417 1774 ultimum
439 1720 486 1774 est
507 1712 690 1786 Romanum,
712 1713 791 1772 lerro
814 1717 935 1791 potens,
958 1715 1055 1770 statn-

28 1809 31 1814 '
127 1815 193 1857 rum
215 1797 296 1858 huno
318 1813 443 1877 regem,
477 1795 570 1876 plene
598 1794 671 1854 illud
701 1795 812 1873 tangit,
848 1793 929 1873 qnod
952 1811 1056 1874 papse

128 1881 264 1960 tyrannis
293 1899 366 1940 mox
398 1881 515 1959 eoepit.
548 1877 713 1938 inolinenta
741 1878 871 1956 imperio
898 1877 1057 1938 Romano.

129 1961 189 2024 Sed
213 1969 244 2023 et
267 1962 304 2024 de
327 1964 468 2024 Romano
490 1962 630 2041 imperis,
653 1967 691 2022 et·
704 1961 734 2020 in
757 1960 898 2020 Romano
922 1958 1056 2040 irnperio

61 2043 63 2053 '
128 2053 202 2105 neta
223 2053 279 2120 est,
303 2047 391 2126 eique
413 2046 442 2105 in
466 2063 522 2104 suo
546 2043 616 2104 loeo
639 2044 802 2121 suooessit,
833 2049 866 2102 ut
892 2061 933 2102 en
955 2042 1058 2102 omni·

121 2128 185 2188 bus
214 2128 347 2190 historiis
376 2128 486 2207 liquet,
520 2134 549 2187 et
577 2144 722 2206 praesens
751 2126 943 2204 experientia
969 2142 1058 2185 mon·

129 2218 214 2274 stret.
239 2212 346 2288 ,Quod
360 2211 528 2291 Apostolus
550 2209 703 2290 praedixit
726 2211 754 2272 2.
777 2207 883 2270 Thess.
907 2210 948 2286 2,
970 2207 1056 2286 quod

126 2294 190 2369 ills,
211 2296 263 2374 qui
288 2294 413 2356 tenebat
425 2305 506 2372 tune,
528 2300 654 2366 teneret,
667 2292 768 2354 donae
780 2290 819 2352 da
841 2290 943 2354 madio
956 2289 1056 2366 lieret,

129 2383 161 2436 at
180 2384 253 2436 tuno
274 2378 461 2438 revelaretur
472 2376 593 2456 iniquus
614 2375 666 2436 ille
688 2383 746 2437 ete.
789 2375 983 2436 Translatum
1008 2383 1058 2432 est

130 2466 232 2521 eutem
268 2461 306 2521 ed
339 2460 510 2521 Germanos
541 2459 673 2520 Romani
704 2457 822 2537 imperii
857 2455 1056 2531 metabulum,

131 2562 199 2603 oum
224 2563 272 2604 res
294 2545 354 2604 inm
377 2543 460 2602 nulla
480 2543 598 2621 imperii
621 2540 753 2620 amplius
776 2549 867 2616 asset,
889 2547 991 2600 tantan
1017 2559 1056 2598 ea

131 2628 254 2687 senasio
273 2634 347 2704 erat,
370 2645 430 2706 qus
452 2625 621 2686 elevaretur
643 2624 737 2684 bomo
759 2622 809 2684 ille
831 2641 925 2704 super
947 2641 1057 2684 omnes

130 2727 229 2789 rages,
252 2729 343 2790 super
364 2729 471 2770 omnes
494 2709 669 2788 episeopos,
686 2715 782 2787 ‘super
796 2706 916 2767 eoelum
940 2712 972 2766 at
994 2713 1057 2766 ter·

129 2811 206 2871 ram,
228 2805 259 2853 et
280 2794 325 2852 sie
346 2792 514 2852 firmaretur
535 2807 662 2870 regnum
684 2791 715 2849 in
739 2805 830 2852 manu
851 2791 929 2868 elus,
952 2786 1055 2848 etlioto

131 2876 222 2935 etiam
244 2877 274 2935 iu
296 2876 357 2936 lion
380 2875 570 2935 mendesium
596 2873 777 2952 diplomate,
798 2889 861 2932 non
884 2879 945 2932 tam
970 2889 1055 2930 men-

130 2956 199 3018 dasi
229 2972 319 3037 quem
343 2957 557 3034 stolidissime,
589 2955 628 3016 do
658 2956 824 3018 donatione
853 2954 1056 3016 Constantini.

215 3040 455 3102 obscurantibus
480 3059 534 3099 eos
557 3037 851 3118 transgressionibus
864 3037 948 3110 diruit,
969 3036 1055 3116 quod

132 3120 336 3204 Hieronymus
360 3123 453 3184 dixit:
477 3122 552 3184 Cum
579 3122 730 3182 oraverint
750 3121 937 3199 iniquitates,
961 3121 1057 3180 meni·

129 3205 208 3269 teste
230 3207 347 3268 doeens
370 3224 496 3286 reguum
526 3205 587 3266 boo
607 3205 716 3266 furoris
737 3203 796 3264 Dei
817 3221 902 3281 essa,
930 3211 1056 3284 proptor

132 3298 261 3367 pennata
293 3297 461 3349 venturum.
509 3289 549 3348 Et
565 3287 681 3348 Paulus
710 3286 817 3348 eedem
848 3305 942 3348 oeusa
963 3288 1054 3346 intro-

134 3369 218 3432 dusit
238 3371 333 3432 tilium
354 3371 438 3430 illum
462 3371 651 3448 perditionis,
674 3369 793 3430 disens:
817 3367 983 3430 Oaritetenr
1008 3387 1055 3428 se-

136 3454 232 3514 ritstis
254 3473 316 3514 non
338 3462 534 3532 reoeperunt‚
558 3458 591 3512 ut
613 3452 689 3512 salvi
712 3451 838 3529 lierentr
865 3452 935 3514 ide'o
958 3452 1056 3512 mittat

193 3712 224 3786 ⁸)
244 3713 270 3767 2.
288 3713 384 3772 thess
403 3717 429 3772 2·
460 3739 462 3746 ·
