2262 4006
141 189 204 258 322
372 195 528 264 mapsam
547 195 580 248 n.
596 193 630 249 u.v
649 191 678 248 t.
698 195 733 249 aa
752 195 854 250 amm

143 347 230 410 bitan-
274 346 398 422 Quare?
431 348 511 426 Quia
539 351 589 408 via
617 351 759 409 vanitatis
788 364 895 410 eorum
919 343 1067 423 laudatur,

144 431 230 490 sicat
244 429 354 491 Psalm.
379 435 427 497 10.
452 432 540 492 dicit:
564 431 717 507 Quoniam
741 431 882 493 laudatur
902 430 1015 509 impius
1036 429 1066 488 iu

143 511 301 572 desideriis
324 516 447 574 animae
467 533 563 592 suas,
586 525 616 574 et
643 517 764 594 iniquus
794 511 987 594 applaudens
1011 511 1066 572 sibi

143 593 369 674 blasphemavit
390 597 565 658 Dominum.
608 597 707 673 Quam
737 605 861 658 strenue
892 607 968 675 ergo
989 596 1069 656 banc

141 677 334 758 prophetiam
370 679 462 740 hodic
502 682 608 760 implet
645 681 796 762 papistica
828 683 886 740 ista
926 678 1068 753 ecclesia,

145 777 223 838 quae
246 770 440 823 consummat
463 766 584 842 omnia,
614 781 693 842 quae
720 765 834 843 scripta
856 769 926 822 sunt
947 763 978 820 in
1000 777 1069 840 prc-

143 842 242 923 phetis
265 844 303 903 de
326 845 452 918 dolosis,
476 847 570 922 falsis,
594 846 792 906 mendacibus
814 845 984 925 prophetis,
1007 861 1068 904 ma·

142 927 255 1006 gistris,
277 928 461 1007 pastoribus,
484 930 669 1007 iustitiariis,
700 947 829 1008 quorum
857 926 978 987 infinita
993 934 1069 986 sunt

145 1012 284 1090 nomina,
315 1009 354 1070 ad
377 1010 467 1072 flnem
496 1014 576 1072 enim
601 1011 705 1072 mundi
728 1012 864 1091 oportuit
892 1027 948 1070 eos
975 1009 1069 1068 abun-

146 1091 266 1152 dantius
288 1111 426 1173 regnare.

225 1175 264 1233 Elt
287 1177 316 1236 in
334 1178 462 1236 avaritia
474 1175 552 1235 lictis
575 1175 673 1236 verbis
688 1193 743 1236 vos
756 1171 1068 1256 cauponabuntur*),

142 1257 203 1316 boc
225 1265 286 1317 tam
309 1259 423 1318 clarum
453 1264 500 1320 est
531 1258 595 1317 lleri
619 1276 673 1338 per
695 1259 812 1332 Bullas,
841 1258 979 1333 lndnlta,
1012 1257 1070 1316 Da-

142 1347 236 1416 crcta,
259 1339 472 1421 stationarios,
494 1340 700 1417 Quaestores,
722 1341 946 1417 Terminarios,
972 1339 1069 1400 Sacri·

143 1421 262 1499 flculos,
285 1429 318 1483 ut
339 1425 400 1484 iam
423 1424 528 1503 glossa
551 1442 612 1483 non
634 1423 781 1504 indigeat.
825 1423 1001 1499 Quidenim
1023 1431 1069 1482 est

142 1505 233 1565 bodie
254 1506 347 1566 totius
369 1507 465 1566 ferme
494 1507 565 1567 cleri
589 1508 805 1584 ministerium,
833 1509 891 1566 nisi
915 1504 1068 1566 ovantia?

142 1587 237 1667 idque
256 1605 317 1649 non
346 1591 404 1649 nisi
426 1590 504 1650 fictis
528 1589 644 1667 verbis,
676 1607 736 1649 non
767 1596 883 1649 tantum
906 1595 1068 1669 praetexta

143 1672 246 1750 specie
268 1673 405 1752 pietatis,
436 1673 489 1732 sed
513 1673 612 1732 verbis
636 1673 693 1732 Dei
721 1672 908 1734 adulteratis.
953 1671 1068 1732 Omnes

142 1755 222 1813 anim
245 1754 411 1816 abutuntur
431 1755 479 1815 his
500 1755 615 1815 verbis:
638 1756 730 1832 Deua,
754 1755 903 1833 Obrisius,
926 1755 1066 1833 Spiritus,

142 1837 290 1915 ousiosis,
319 1838 448 1914 iustitia,
484 1841 614 1912 veritas,
649 1855 726 1917 opus
750 1837 884 1915 bonum,
917 1837 1067 1897 meritum.

141 1918 211 1979 bion
234 1920 314 1978 enirn
337 1919 418 1997 fldci,
441 1920 494 1982 scd
517 1922 580 1980 suis
603 1921 710 1981 studiis
722 1939 759 1980 ea
783 1928 900 2002 aptant,
923 1927 958 1980 ut
980 1919 1069 1999 longe

143 2000 224 2062 alind
246 2003 307 2062 iam
331 2005 463 2083 populus
489 2023 543 2084 per
568 2005 644 2064 baec
666 2004 834 2083 intelligat,
857 2021 949 2085 quam
974 2001 1069 2082 Scrip-

144 2091 211 2144 tura
234 2085 335 2145 habet.
380 2087 496 2146 Fictum
517 2095 565 2147 est
587 2089 684 2164 euim,
713 2087 858 2166 quidquid
882 2087 1069 2165 praedicant,

144 2169 217 2246 qais
239 2167 330 2228 fidem
353 2186 416 2229 non
439 2170 629 2250 praedicant.
673 2169 703 2229 st
735 2171 815 2229 enim
839 2168 929 2230 fldem
954 2167 1071 2249 praedi-

144 2255 267 2331 carent,
305 2252 406 2311 statim
442 2259 545 2312 sectae
574 2271 681 2312 eoram
710 2259 939 2317 evanescerent.
983 2250 1069 2311 Nunc

144 2340 246 2392 autem
270 2343 393 2412 captum
417 2335 564 2414 populum
587 2334 764 2396 dementant
791 2334 986 2396 illusionibus
1007 2335 1068 2393 istis

145 2417 399 2495 speciosissimis,
426 2426 457 2477 et
477 2418 612 2497 spoliant
634 2417 775 2479 omnibus
797 2417 888 2477 rebus
910 2418 991 2494 suis,
1013 2417 1066 2496 ipsi

142 2498 262 2558 interim
274 2501 379 2577 saturi,
398 2500 499 2576 otiosi,
522 2501 641 2581 divites,
654 2507 807 2580 potentes,
829 2501 983 2576 honorati,
1006 2501 1067 2578 glo-

143 2581 226 2657 riosi,
250 2588 280 2640 et
302 2590 403 2642 tamen
418 2585 515 2643 sancti
538 2590 568 2643 et
581 2584 728 2664 religiosi,
750 2583 962 2644 servientebis
985 2601 1067 2642 mon·

143 2665 212 2722 stris
234 2681 340 2724 eorum
364 2675 472 2726 sancto
494 2668 619 2726 nomine
640 2665 708 2729 Dei.

229 2744 289 2805 Sed
312 2747 584 2830 astnieism**)
607 2748 773 2828 aliquando
790 2749 961 2823 veniamus,
983 2748 1068 2828 plura

146 2827 185 2888 dc
206 2827 267 2887 boc
287 2829 485 2891 abominabili
512 2850 609 2910 regno
638 2831 784 2907 audituri,
816 2833 892 2892 satis
912 2832 993 2891 baec
1014 2849 1067 2911 pro

142 2913 313 2991 prooemio.
357 2913 494 2974 Mirabile
516 2923 617 2974 autem
647 2921 676 2974 et
710 2919 916 2975 monstrosum
938 2933 1066 2994 regnum

143 2993 232 3054 nobis
254 2998 413 3076 proponit,
443 2998 525 3075 quod
546 3015 672 3076 prorsus
694 3015 761 3058 cum
785 2996 869 3057 nullo
892 3015 1066 3076 regnorum,

144 3079 370 3158 quaeaseculo
394 3079 523 3156 luerunt,
545 3097 646 3158 neque
660 3087 758 3159 erunt,
780 3083 961 3154 conveniat,
987 3078 1066 3159 quod

143 3159 232 3220 novis
254 3168 285 3220 et
306 3160 449 3221 inauditis
471 3164 563 3222 armis
591 3170 622 3223 et
645 3163 758 3222 viribus
782 3162 879 3239 valet,
910 3179 1011 3223 novas
1038 3169 1067 3222 et

141 3241 296 3302 inauditas
317 3261 366 3302 res
392 3245 486 3322 gerit,
515 3245 606 3324 plane
634 3247 738 3306 omnia
764 3263 847 3305 nova
876 3251 908 3304 et
929 3243 1064 3306 inaudita

143 3332 222 3384 sunt.
265 3325 347 3386 Dicit
369 3344 458 3405 ergo:

199 3585 229 3654 *)
250 3587 276 3640 2.
297 3588 353 3642 Pet
371 3589 397 3644 2.
434 3587 482 3656 ⁸⁸)
505 3589 573 3644 Dan.
592 3591 617 3647 8.
