2258 4002
113 124 175 194 188
309 125 435 187 maroc
455 143 530 184 omn.
549 129 625 184 artic.
643 128 677 184 D.
695 127 730 184 it
749 128 776 184 L
796 145 845 200 per

112 283 241 364 primurn
264 283 420 364 incipiant,
443 289 474 343 et
494 283 524 344 in
537 283 776 346 misericordiam
797 285 861 346 eius
879 282 1048 345 credentes

113 368 206 427 vitam
229 373 355 445 mutent.
397 365 474 427 Turn
496 367 574 427 euim
619 368 728 430 rimum
755 367 948 448 poenitentia
970 385 1050 426 vcra

112 451 227 530 incipit,
250 448 373 528 quando
397 470 435 510 ex
458 467 563 510 amore
584 387 665 528 diu,
690 452 767 510 sicut
790 451 902 530 stipsi
925 448 1047 510 dicunt.

112 532 199 592 Tunc
223 551 284 592 non
308 550 414 592 amore
436 532 601 611 commodi,
624 552 681 594 nec
703 534 813 594 timore
833 551 969 613 poenae,
990 531 1047 592 sed

113 615 223 676 affectu
247 615 341 676 solius
365 616 496 675 iustitiae
518 623 647 696 peccata
668 616 814 696 colligent
836 624 867 676 et
888 615 1048 695 pondera-

113 698 197 774 buut,
220 707 251 757 ut
274 698 350 758 haec
375 699 468 758 fusius
490 698 521 758 in
544 718 686 760 sermone
708 699 746 759 de
767 699 1047 778 poenitentiadixi.

113 780 244 857 Quando
267 786 347 840 enim
371 781 409 840 de
432 782 619 860 poenitentia
643 781 804 858 docemus,
837 802 905 842 eam
928 780 1049 842 docere

113 863 276 942 debemus,
299 882 359 943 qua
381 864 455 924 fiant.
477 863 638 924 Christiani
661 885 700 924 ex
721 864 814 926 corde
834 867 1047 946 poenitentes,

111 947 192 1025 qnod
215 965 277 1008 non
306 947 449 1023 facimus,
484 947 541 1006 nisi
573 945 665 1007 tidem
698 946 865 1008 doceamus
900 949 1046 1008 cinniurn

110 1030 224 1109 primo,
257 1030 294 1088 iis
316 1030 366 1107 qui
396 1037 524 1109 peccata
547 1049 603 1090 sua
631 1032 780 1110 sentiunt,
811 1050 849 1090 na
871 1037 1047 1110 praeventa

112 1112 204 1172 stulta
226 1130 351 1191 operum
379 1113 525 1192 opinione
546 1113 693 1192 incipiant
722 1114 850 1174 salutem
875 1133 893 1172 a
916 1113 1045 1193 seipsis

114 1195 310 1274 operantibus
333 1201 363 1253 ct
375 1194 573 1273 current-ibus,
595 1203 626 1254 et
638 1215 699 1256 non
712 1215 731 1255 a
743 1195 985 1256 miserenteDeo
994 1198 1045 1273 ¹⁸).

113 1277 203 1337 Aliud
226 1279 305 1337 enim
319 1297 416 1358 genus
438 1287 484 1338 est
496 1278 636 1358 docendi,
655 1276 811 1339 induratos
823 1279 905 1354 ilios,
927 1280 1044 1339 terreas

113 1361 248 1420 cervices
274 1368 304 1422 et
326 1380 432 1420 aereas
454 1361 586 1438 frontes,
620 1361 658 1420 ab
681 1363 816 1422 externis
838 1362 950 1422 saltem
973 1378 1046 1441 pec·

113 1443 189 1502 catis
223 1461 383 1515 coercere,
420 1444 540 1504 etiamsi
581 1443 673 1504 corde
709 1446 804 1505 invito
841 1452 872 1505 et
905 1444 1046 1504 coerceri

113 1524 236 1586 odiente
257 1527 378 1606 peiores
408 1527 437 1586 in
461 1533 558 1586 semet
584 1527 658 1606 ipsis
680 1527 771 1605 fiant,
808 1528 908 1587 minus
939 1532 1044 1586 tamen

114 1607 268 1669 nocebunt
289 1608 366 1669 aliis.

472 1772 684 1854 Septimus:

175 1891 374 1955 Verissimum
397 1898 443 1950 est
465 1891 545 1950 enim
565 1890 770 1970 proverbium,
792 1892 876 1952 omni
899 1891 1043 1952 doctrina

175 1973 214 2033 da
228 1972 461 2034 contritionibus
474 1973 631 2053 hucusque
653 1972 725 2034 data
738 1975 955 2054 praestantius,
980 1993 1042 2052 qno

176 2055 294 2133 dicitur,
318 2057 433 2137 optima
456 2057 645 2136 poenitentia
666 2075 748 2116 nova
770 2057 841 2121 vita.

194 2190 228 2250 In
263 2190 404 2250 omnibus
434 2192 590 2251 hominum
625 2190 724 2251 verbis
759 2190 833 2250 nihil
863 2192 965 2250 verina
996 2197 1042 2250 est

113 2272 325 2333 communibus
346 2274 526 2354 proverbiis,
548 2274 637 2350 adeo,
660 2281 692 2334 ut
714 2281 744 2333 et
759 2273 913 2353 Scriptura
932 2279 1041 2333 sancta

113 2355 235 2435 saepius
258 2355 420 2435 proverbia
441 2362 586 2436 tanquam
602 2357 761 2417 verissima
782 2358 863 2418 citat.
887 2355 1042 2431 Quocirca

114 2438 236 2515 mirum,
266 2437 337 2517 quid
359 2439 418 2498 iilis
441 2440 595 2516 acciderit,
627 2445 788 2499 utcontra
811 2441 947 2499 omnium
972 2458 1038 2499 sen-

113 2539 179 2580 sum
202 2529 232 2580 et
254 2523 434 2582 sententiam
464 2522 599 2583 audeant
629 2521 790 2598 damnare,
822 2528 852 2581 et
879 2541 950 2582 mea
980 2541 1040 2582 non

113 2604 151 2662 sit
172 2607 236 2674 ista,
253 2606 412 2678 sententia,
436 2604 560 2666 undeet
580 2604 800 2664 defendendam
813 2624 882 2664 eam
900 2605 1041 2685 relinquo

82 2683 85 2687 ’
113 2685 263 2746 omnibns.
306 2685 374 2764 Ego
410 2695 510 2747 autem
542 2687 672 2748 defendo
705 2687 786 2766 quod
818 2687 936 2764 addidi,
979 2706 1039 2766 quo

114 2766 249 2846 ostendi,
280 2767 311 2827 id
334 2769 484 2849 proverbii
508 2789 576 2830 cum
600 2770 756 2849 Scriptura
778 2772 960 2846 convenire,
990 2770 1038 2830 ubi

113 2849 223 2910 Paulus
247 2850 346 2912 Galat.
370 2854 399 2916 6.
424 2851 511 2915 dicit:
548 2853 580 2912 Iu
606 2852 726 2912 Christo
750 2853 828 2912 enim
848 2851 918 2912 Iesu
940 2871 1040 2932 neque

17 2966 42 2982 ,
113 2933 314 3011 circumcisio,
327 2953 426 3013 neque
443 2935 634 3016 praeputium
647 2934 762 3013 aliquid
778 2934 868 3010 valet,
891 2933 945 2996 sad
958 2954 1040 2995 nova

113 3020 260 3074 creatura.
286 3015 374 3076 Hanc
396 3019 576 3078 seutentiam
602 3015 771 3077 debuerant
793 3020 954 3098 damnare,
977 3036 1039 3097 quo

111 3095 243 3158 stabilivi
266 3098 476 3176 proverbium,
511 3100 582 3160 dum
616 3119 665 3160 rne
694 3100 855 3165 votuerunt
883 3099 1037 3161 damnare.

112 3179 205 3240 Plane
228 3179 307 3240 enim
329 3180 379 3240 hic
401 3183 560 3260 apostolus
584 3181 691 3258 docet,
723 3184 827 3243 omnia
851 3202 931 3243 vana
960 3202 1037 3260 csse,

111 3263 169 3322 nisi
191 3263 285 3323 simus
307 3281 388 3324 nova
411 3271 549 3324 creatura
573 3265 602 3324 in
621 3265 751 3327 Christo.
776 3265 817 3325 At
838 3266 1037 3345 poenitentia,

112 3360 191 3419 quae
213 3346 279 3405 sine
300 3363 405 3404 amore
437 3347 571 3406 iustitiae
592 3348 709 3426 agitur,
741 3354 828 3407 vetus
858 3347 960 3408 adhuc
992 3354 1039 3408 est

114 3493 530 3508 m

167 3587 198 3659 ·)
218 3591 297 3645 Rom.
316 3595 342 3656 9.
