2258 4002
143 131 207 199 112
418 134 459 192 De
478 133 555 208 (lapt.
575 135 668 205 Babyl.
687 133 824 192 Ecclesiae
868 122 873 129 ⁸

143 296 174 350 et
195 289 285 350 siuiul
307 288 487 372 videbimus,
510 309 601 370 quam
630 291 704 352 nihil
726 311 763 352 ea
785 291 1015 352 observaverint
1035 290 1065 368 ii,

144 373 196 452 qui
212 381 409 434 'sacramenta
431 384 591 435 auxerunt.

247 455 379 515 Primum
400 458 425 515 si
448 477 551 516 verum
574 463 683 537 putant
704 465 734 516 et
755 455 955 532 servandum,
984 457 1064 536 quod

141 538 301 634 apostolus
326 538 417 636 dioitq
444 558 504 618 qua
526 542 688 600 autoritate
711 547 828 599 mutant
851 548 880 599 et
902 538 1065 598 resistunt?

144 620 239 682 Curi
226 622 341 681 faciunt
361 623 418 701 ipsi
442 631 609 683 extremam
634 629 664 682 et
685 623 879 706 singularem
893 624 1066 694 unctionem

143 723 242 781 exea,
265 723 355 783 quam
368 707 526 784 apostolus
541 707 637 767 voluit
658 725 725 765 esse
742 699 938 785 generalem?
959 705 1066 783 Neque

143 787 223 848 euim
246 788 406 867 apostolus
428 798 594 849 extremam
618 807 687 849 esse
712 789 814 866 voluit
838 796 869 849 et
888 789 990 849 solum
1006 807 1067 848 mo-

143 871 243 930 rituris
266 871 408 949 dandam,
431 872 485 932 sed
508 872 648 932 absolute
671 873 757 931 dicit:
787 871 818 934 Si
848 873 915 951 quis
936 869 1068 930 infirma·

142 960 206 1030 tur,
228 972 289 1013 uon
314 954 401 1014 dicit:
430 954 551 1034 Siquis
575 957 709 1017 moritur.
752 955 860 1034 Neque
881 956 961 1014 enim
986 973 1068 1032 curo,

144 1037 214 1115 quid
238 1037 376 1117 Dionysii
390 1037 599 1098 ecclesiastica
622 1037 789 1097 hierarchia
804 1038 854 1098 bic
867 1039 977 1132 sapiat
1000 1037 1066 1116 ipsa

144 1119 277 1214 apostoli
299 1120 392 1178 verba
414 1128 520 1202 aperta
541 1129 620 1198 sunt
643 1119 752 1199 quibus
773 1126 805 1180 e
792 1119 876 1180 tille
900 1121 994 1181 etisti
1018 1139 1067 1199 pa·

141 1204 212 1261 riter
235 1203 379 1280 nituntur,
401 1211 432 1262 et
453 1211 629 1264 tamennon
653 1211 836 1286 sequuntur:
861 1209 894 1263 ut
918 1211 1066 1283 appareat

142 1303 206 1363 eos,
229 1303 291 1344 uon
313 1287 476 1346 autoritate
498 1286 568 1363 ulla,
592 1285 646 1346 sed
672 1305 727 1346 suo
751 1287 875 1346 arbitrio
900 1306 940 1346 ex
963 1286 1064 1346 verbis

144 1367 277 1448 apostoli
302 1369 380 1428 male
403 1369 566 1428 intellectis
596 1375 817 1429 sacramentum
841 1375 872 1428 et
893 1371 1068 1428 unctionem

143 1458 311 1512 extremam
333 1450 453 1529 fecis-se,
475 1452 664 1512 euminiuria
686 1460 854 1512 ceterorum
868 1451 1067 1528 infirmorum,
1104 1515 1109 1526 ⁵

143 1534 252 1613 quibus
281 1535 310 1592 vi
342 1535 466 1614 propria
497 1535 686 1594 abstulerunt
723 1533 855 1614 ungendi
884 1533 1067 1594 beneficium

144 1617 183 1678 ab
205 1617 346 1696 apostolo
370 1624 525 1678 statutum.

227 1700 287 1760 Sed
321 1699 395 1759 illud
428 1700 600 1780 pulchrius,
633 1698 715 1778 quod
748 1701 910 1779 promissio
933 1701 1067 1780 apostoli

143 1801 289 1861 expresse
317 1783 403 1842 dicit:
437 1782 544 1844 Oratio
574 1782 644 1842 fidei
674 1783 804 1844 salvabit
832 1781 1005 1861 infirmum,
1040 1793 1069 1842 et
1116 1845 1117 1848 ,

143 1866 298 1926 alleviabit
317 1885 387 1926 eum
399 1866 549 1926 Dominus
562 1876 619 1927 etc.
663 1865 750 1942 vide,
774 1867 933 1947 apostolus
951 1867 983 1925 iu
1009 1865 1068 1926 hoc

144 1950 216 2028 uugi
238 1957 268 2008 et
290 1951 369 2009 orari
391 1951 554 2029 praecipit,
583 1955 616 2008 ut
636 1947 772 2008 infirmus
794 1949 919 2009 sedetur
941 1956 973 2009 et
997 1949 1067 2008 alle·

143 2034 251 2108 vietur,
275 2033 334 2092 boo
355 2042 410 2110 est,
433 2051 493 2092 non
519 2033 672 2108 morietur,
694 2051 752 2092 nec
774 2033 811 2091 sit
834 2038 973 2092 extrema
997 2051 1066 2092 unc

82 2119 83 2124 ’
142 2115 195 2191 tio,
218 2115 300 2193 quod
323 2123 354 2174 et
381 2133 478 2194 usque
498 2115 591 2175 bodie
611 2114 741 2195 probant
770 2133 877 2195 preces
904 2117 985 2175 inter
1016 2135 1066 2175 un·

143 2197 275 2278 gendum
301 2197 417 2276 dictae,
445 2217 524 2277 quae
546 2197 695 2258 infirmum
723 2200 837 2258 restitui
861 2205 976 2278 petunt.
1024 2197 1066 2258 llli

144 2291 251 2341 eontra
278 2280 397 2359 dieunt,
431 2301 493 2342 uon
522 2301 590 2340 esse
623 2280 755 2342 dandam
785 2283 981 2358 unctionem,
1011 2282 1067 2340 uisi
1116 2341 1117 2362 ἶ

143 2363 333 2444 discessuris,
354 2365 415 2425 hoc
436 2370 498 2442 est,
521 2371 635 2424 utnon
658 2371 803 2424 sanentur
825 2371 854 2423 et
877 2363 1067 2441 allevientur,
1116 2411 1117 2426 ι

143 2448 203 2507 uisi
229 2467 277 2507 res
305 2450 347 2508 ita
376 2454 458 2512 esset
486 2449 582 2522 seria,
614 2448 681 2526 quis
709 2448 801 2506 risum
831 2456 924 2526 queat
951 2453 1066 2521 tenere,

141 2549 233 2611 super
255 2542 318 2592 tam
342 2531 438 2608 bellis,
460 2533 555 2611 aptis,
578 2537 607 2590 et
630 2531 711 2590 sanis
733 2531 975 2610 apostolicorum
1001 2549 1065 2590 ver·

142 2613 250 2675 borum
273 2614 406 2694 glossis?
435 2613 546 2674 Nonne
568 2614 617 2673 bio
638 2615 744 2693 aperie
767 2613 1032 2693 deprehenditur
1024 2633 1065 2672 ru·
1095 2665 1103 2678 ,

143 2698 285 2776 sipientia
306 2699 490 2777 sophistica,
527 2716 605 2776 quae
634 2704 665 2756 ut
687 2697 747 2756 hoc
775 2697 861 2772 loco,
895 2698 939 2757 ita
963 2697 1064 2757 multis

144 2779 211 2840 aliis
233 2780 293 2839 boo
315 2781 460 2858 affirmat,
483 2781 565 2860 quod
588 2785 680 2859 negat
701 2778 864 2876 Scriptura,
887 2781 947 2840 hoe
961 2787 1063 2858 negat,

144 2863 226 2942 quod
248 2863 300 2923 illa
321 2863 471 2924 affirmat?
497 2861 576 2938 Quin
603 2865 694 2942 igitur
721 2864 834 2943 gratias
862 2864 981 2942 agimus
1004 2873 1063 2922 tam

144 2947 263 3007 eximiis
277 2946 429 3026 Magistris
452 2945 585 3007 nostris?
607 2947 805 3026 Recteigitur
819 2946 891 3023 dixi,
915 2964 1063 3025 nusquam

141 3030 290 3110 insignius
312 3049 381 3090 esse
403 3030 562 3090 delicatum
585 3029 623 3089 ab
645 3029 714 3108 illis,
739 3048 828 3108 quam
851 3030 912 3090 hoc
934 3030 1016 3094 loeo.

227 3113 367 3188 Ulterius,
390 3115 415 3172 si
437 3114 541 3173 unctio
562 3114 621 3172 ista
643 3122 867 3172 sacramentum
890 3121 952 3190 est,
976 3113 1064 3172 debet

143 3199 209 3258 siue
236 3197 329 3258 dubio
363 3215 431 3257 esse
462 3201 512 3270 (ut
534 3195 654 3270 dicunt)
690 3195 802 3254 ellicax
835 3197 957 3274 signum
991 3197 1063 3292 eius,

144 3280 226 3360 quod
248 3282 349 3360 signat
371 3286 402 3340 et
423 3280 579 3358 promittit.
614 3279 654 3338 At
675 3280 835 3338 sanitatem
859 3287 890 3338 et
902 3279 1063 3338 restitutio

144 3382 214 3422 nam
236 3363 345 3423 iulirmi
368 3363 526 3442 promittit,
548 3369 580 3420 ut
602 3368 684 3420 stant
705 3370 811 3441 aperta
828 3361 932 3420 verba:
957 3361 1061 3422 Oratio

144 3443 215 3504 fldei
237 3445 367 3506 salvabit
388 3443 556 3520 infirmum,
586 3448 622 3503 et
637 3444 790 3504 alleviabit
811 3463 880 3502 eum
906 3443 1062 3504 Dominus.

147 3525 221 3600 Quis
245 3538 347 3589 autem
370 3546 431 3588 non
455 3526 536 3585 videt
553 3527 631 3586 hauc
644 3528 877 3606 promissionem
894 3529 924 3586 iu
948 3529 1064 3606 paucis,

146 3611 208 3670 imo
230 3611 320 3672 nullis
340 3609 479 3692 impleri?
501 3609 581 3669 luter
604 3610 684 3669 mille
706 3611 785 3671 euim
807 3611 860 3670 via
881 3629 959 3670 unus
974 3611 1063 3678 ‚resti-
