2254 4008
118 154 161 225 76
354 159 392 214 De
411 158 490 230 capr.
509 157 608 231 Babyl.
628 149 768 215 Ecclesiae

118 313 260 378 omnibus
283 333 461 377 eommunee
484 321 564 391 nunt,
587 321 617 376 et
638 333 730 395 nuper
750 319 880 395 peooata
894 313 1062 374 duntaxat

118 398 236 474 valent,
263 399 368 460 Malth.
395 399 441 462 18.
485 398 561 460 Cum
600 406 700 459 autem
731 405 762 458 et
789 398 845 476 ipsi
880 397 1061 468 fateantur,

119 489 192 543 vota
213 501 281 542 esse
301 483 375 543 iuris
399 481 508 558 divini,
541 481 612 560 quid
636 483 762 542 miserae
794 480 872 542 fallit
892 487 923 541 et
945 477 1062 560 perdit

118 567 236 626 animae
258 564 439 646 dispensans
461 566 490 625 in
513 565 580 626 iure
609 564 729 644 divino,
762 563 844 643 quod
880 570 927 624 est
952 561 1062 622 indie·

118 648 300 728 pensabile?
323 648 458 709 Blaterat
481 647 602 727 quidem
619 649 665 710 tit.
689 648 727 708 de
738 654 799 710 vot.
813 652 844 709 et
855 649 917 708 voti
929 645 1061 706 nedem.

118 751 152 791 se
174 751 267 811 posse
290 738 407 792 mutare
430 738 520 805 vot-a,
548 732 627 792 siout
656 731 727 792 olim
749 731 779 790 in
803 730 871 810 lege
892 731 1059 810 primoge-

117 815 213 875 nitum
236 816 313 876 asini
336 815 509 875 mutabatur
532 832 600 891 ove,
624 816 709 893 quasi
731 814 813 874 idem
837 815 876 873 sit
892 814 1060 893 primoge-

118 899 213 958 nitum
221 899 298 958 asini
309 905 338 958 et
348 905 462 971 votum,
476 897 627 976 quodiam
641 903 817 958 constanter
830 896 941 976 ubique
948 893 1059 976 exigit

118 981 218 1042 reddi:
243 987 295 1042 aut
317 983 342 1045 si
365 981 516 1041 Dominus
538 982 567 1040 in
591 981 659 1059 lege
682 999 738 1040 oua
762 999 850 1040 orem
873 997 930 1061 pro
954 979 1057 1040 asino

117 1070 231 1126 statuat
254 1065 378 1142 mutari,
409 1083 481 1123 mox
504 1065 594 1124 etiam
617 1065 709 1124 homo
731 1083 813 1143 papa
835 1064 865 1123 in
889 1063 958 1142 lege
983 1079 1055 1121 non

116 1165 182 1223 oua,
200 1147 253 1207 sed
268 1147 403 1207 eiusdem
416 1147 474 1207 Dei
487 1146 615 1207 eandem
628 1147 740 1207 habeat
752 1151 945 1226 potestatem.
974 1143 1055 1204 Non

116 1249 199 1311 papa
226 1230 306 1290 hano
335 1230 519 1291 decretalem
549 1230 635 1305 lenit,
668 1230 721 1290 sed
741 1231 845 1290 asinus
874 1247 930 1308 pro
962 1247 1057 1309 papa

116 1319 268 1392 mutatus,
290 1315 335 1396 sio
356 1315 514 1393 insigniter
535 1319 566 1373 et
587 1313 697 1374 delirus
719 1318 750 1373 et
770 1313 881 1392 impius
904 1318 960 1372 eet.

201 1396 371 1474 Posterior,
404 1396 487 1476 quod
518 1414 621 1456 rursus
651 1394 788 1458 decernit
815 1395 1055 1456 matrimonium

117 1477 233 1557 dirimi,
255 1481 280 1540 si
303 1479 379 1540 alter
401 1480 497 1540 altero
521 1480 613 1539 etiam
634 1480 730 1540 invito
761 1479 982 1539 monasterium
1008 1477 1056 1536 in-

117 1561 288 1643 grediatur,
321 1562 455 1622 nondum
487 1568 701 1622 consummato
731 1562 935 1623 matrimonio.
988 1559 1055 1620 Ob-

119 1663 217 1722 seoro,
240 1647 306 1724 quie
325 1655 411 1706 eatan
426 1646 505 1706 haee
516 1647 645 1724 inspirat
658 1664 759 1725 papae
775 1643 939 1724 portenta?
961 1643 1053 1704 Deus

116 1730 266 1808 praecipit
286 1729 404 1789 homini
427 1729 541 1788 servari
563 1727 665 1807 fidem,
688 1735 717 1788 et
740 1729 897 1788 veritatem
911 1727 1051 1787 invicem

118 1811 287 1889 ouetodire,
323 1811 433 1872 deinde
462 1811 499 1872 de
529 1831 584 1871 suo
614 1829 765 1890 quemque
794 1811 897 1873 tatere
917 1809 1052 1886 bonum,

117 1893 183 1954 odit
205 1895 286 1954 enim
308 1897 446 1974 rapinam
474 1896 504 1954 in
533 1895 764 1970 holocaustum,
794 1900 827 1954 ut
856 1913 911 1974 per
931 1891 1049 1953 isaiam

118 1976 199 2038 dioit.
244 1979 284 2037 At
310 1978 445 2038 ooniunx
473 1978 550 2038 alter
582 1977 667 2038 alteri
706 1982 911 2056 perpaulum
951 1975 1049 2036 tidem

119 2059 220 2138 debet,
243 2079 300 2120 neo
322 2079 394 2120 euue
417 2068 471 2140 est,
495 2078 586 2140 quam
610 2060 693 2120 nullo
722 2061 787 2120 iure
811 2066 914 2140 potest
936 2057 1049 2119 dissol-

116 2161 197 2219 vere,
221 2149 252 2203 et
272 2142 414 2222 quioquid
439 2144 476 2203 de
498 2161 531 2204 ae
553 2143 634 2220 lacit,
657 2142 696 2203 de
716 2144 824 2223 rapina
850 2141 923 2202 lauit
944 2141 1046 2202 altero

116 2225 223 2286 invito.
271 2226 333 2286 Aut
354 2244 447 2304 quere
468 2245 530 2286 non
552 2227 643 2286 etiam
666 2225 724 2286 han
745 2225 867 2305 regula,
897 2226 949 2304 qui
973 2242 1049 2285 aere

46 2377 49 2386 Ἰ
117 2307 217 2368 alieno
241 2309 402 2387 premitur,
435 2309 613 2388 religionem
636 2310 727 2369 intrat
750 2315 781 2368 et
802 2309 982 2388 suseipitur,
1014 2313 1048 2366 ut

118 2389 267 2451 adebitie
289 2391 448 2467 liberetur,
481 2399 513 2451 ut
534 2391 625 2451 fidem
657 2391 748 2452 lineat
772 2390 906 2471 negare?
941 2390 1048 2464 (laeui,

118 2475 219 2554 caeci,
249 2474 320 2553 quid
342 2481 389 2534 est
411 2474 531 2534 maius?
563 2474 639 2535 tides
662 2493 680 2534 a
701 2474 767 2534 Deo
790 2478 972 2554 praecepta,
1006 2493 1045 2533 au

116 2563 222 2617 votum
253 2578 307 2638 per
336 2557 491 2618 hominem
520 2558 728 2637 excogitatum
758 2563 789 2618 et
817 2555 971 2617 electum?
998 2555 1046 2616 Tu

117 2658 151 2699 es
183 2647 290 2719 pastor
323 2642 491 2701 animarum
521 2639 624 2721 papa?
658 2646 689 2700 et
716 2658 772 2700 vos
800 2641 872 2700 estis
900 2639 1044 2699 doctores

118 2741 224 2782 eaorae
238 2723 424 2802 theologiae,
446 2724 498 2802 qui
519 2724 598 2784 liaeo
615 2722 753 2784 donetis?
776 2722 844 2799 Qua
855 2723 935 2782 enim
950 2741 1044 2782 eausa

117 2805 163 2864 sio
184 2804 322 2866 donetis?
342 2806 461 2886 Nempe
474 2806 556 2886 quod
577 2814 682 2866 votum
695 2805 821 2866 meliore
833 2824 927 2884 opere
950 2823 1042 2883 quam

117 2888 293 2967 coniugium
317 2890 458 2965 ornantis,
482 2887 535 2948 sed
560 2907 620 2949 non
644 2885 745 2963 fidem,
768 2908 847 2967 quae
870 2888 938 2948 oola
959 2907 1043 2967 mug-

117 2969 223 3031 nificat
245 2973 362 3049 omnia,
386 2971 440 3032 sed
474 2991 568 3051 opera
599 2971 818 3052 magnifioatie,
859 2989 938 3050 quae
969 2969 1042 3030 nibil

117 3059 188 3113 suut
209 3071 312 3113 eoram
337 3055 423 3135 Deo,
443 3061 496 3115 aut
519 3055 623 3116 omnia
647 3054 802 3134 aequalia,
833 3059 978 3134 quantum
1004 3053 1041 3114 ad

117 3137 255 3196 meritum
278 3138 394 3200 attinet.

199 3219 267 3299 Ego
290 3222 393 3298 itaque
416 3238 476 3281 non
500 3218 615 3295 dubito,
638 3220 666 3278 in
691 3220 785 3295 votis,
808 3219 834 3278 si
854 3225 940 3280 reota
961 3224 1039 3297 sunt,

116 3320 217 3380 neque
252 3303 392 3366 homines
425 3321 525 3381 neque
558 3302 687 3380 angelos
726 3319 820 3381 posse
854 3300 1040 3381 dispensare.

117 3384 177 3446 Sed
199 3384 250 3445 hie
272 3405 334 3446 non
357 3405 423 3445 sum
447 3385 538 3465 plane
561 3385 713 3464 mihiipsi
736 3403 921 3465 persuasus,
944 3403 982 3445 an
1005 3403 1040 3446 ea

117 3465 175 3528 eub
188 3474 262 3528 voto
286 3468 400 3529 oadant
416 3469 530 3543 omnia,
555 3485 635 3547 quae
656 3467 747 3527 hodie
768 3473 928 3540 voventur,
954 3467 1039 3547 quale

116 3548 242 3610 eatillud
252 3549 673 3625 mireridioulumetstultum,
689 3549 771 3628 quod
779 3556 921 3629 parentes
930 3557 1040 3610 vovent

116 3631 235 3714 prolem
245 3633 294 3694 vel
305 3632 442 3696 noudum
458 3637 561 3694 natam
583 3633 631 3694 vel
643 3631 787 3694 infantem
801 3631 840 3695 ad
862 3633 1038 3716 religionem
