2258 4002
247 161 357 222 Bullam
378 167 460 222 leon.
479 159 513 220 X.
532 166 655 221 damnet.
674 182 698 218 a.
719 163 796 222 1520.
940 161 1001 230 193

67 321 214 380 iustitium
238 328 269 380 et
289 339 398 402 pacem
422 320 542 399 cordis,
564 323 641 380 sicut
663 321 743 380 enim
767 319 932 397 credimus,
955 321 999 380 sic

67 401 119 462 flet
155 403 254 466 nobis.
299 401 400 464 Corde
441 412 542 464 eutem
586 403 718 463 creditur
761 402 799 463 ad
842 403 998 482 iustitiam,

67 484 176 546 Roma.
202 489 250 551 10.
293 486 359 547 Nec
379 485 494 566 fingere
517 489 701 568 potuissem,
730 486 842 547 nedum
864 486 1000 561 credere,

67 569 236 629 draconem
258 569 436 629 infernalem
460 575 564 628 tantae
586 569 792 648 impudentiae
808 587 877 630 esse
898 570 927 629 in
951 585 998 628 eo-

66 651 163 711 clesia
187 651 255 727 Dei,
277 659 311 713 ut
332 652 410 713 haec
431 651 557 712 auderet
574 670 695 714 sonere.

408 815 656 878 Undecimus:

130 933 225 994 Nullo
247 934 340 995 modo
374 933 511 995 confidas
544 943 573 994 te
606 934 723 993 absolvi
759 943 882 1017 propter
915 943 997 994 tuam

130 1018 356 1095 contritionem,
378 1017 432 1078 ssd
451 1029 575 1098 propter
597 1019 722 1078 verbum
747 1017 874 1080 Christi:
898 1016 1003 1092 Quod·

132 1118 256 1178 cunque
271 1099 409 1175 solveris.
451 1099 518 1176 Hic,
541 1102 677 1180 inquam,
699 1099 829 1175 confide,
853 1101 878 1159 si
897 1118 999 1160 sacer·

132 1182 214 1244 dotis
236 1183 404 1244 obtinueris
419 1183 655 1262 absolutionem,
678 1191 708 1242 et
734 1182 824 1244 crede
839 1183 955 1244 fortiter
970 1191 1000 1242 te

131 1265 316 1344 absolutum,
339 1273 369 1326 et
380 1264 538 1327 absolutus
552 1285 622 1328 vere
647 1267 716 1342 eris,
739 1266 886 1346 quidquid
899 1268 938 1325 sit
961 1264 998 1324 de

134 1350 330 1410 contritione.

155 1483 250 1559 Vide,
283 1503 415 1563 quaeso,
448 1493 481 1544 ut
501 1484 551 1543 hic
583 1503 639 1544 nos
662 1483 748 1544 Bulls
777 1483 888 1544 dooest
909 1502 1000 1564 super

66 1585 195 1627 arenam
229 1565 407 1644 aedificare,
441 1575 471 1627 et
496 1567 616 1641 abiecta
638 1565 697 1626 fide
725 1585 817 1646 super
847 1568 999 1627 contritio-

68 1669 156 1729 nem,
189 1668 267 1730 opus
286 1649 435 1727 hominis,
467 1651 648 1730 plusquam
682 1669 774 1729 super
796 1650 920 1710 verbnm
945 1649 999 1708 Dei

66 1730 236 1793 confidere.
260 1731 339 1793 Fluit
360 1740 461 1794 autern
484 1733 534 1793 hic
557 1733 700 1793 articulus
723 1752 764 1793 ex
786 1732 999 1812 praecedente,

66 1817 142 1896 quie
165 1815 290 1875 verbum
314 1815 441 1876 Christi:
488 1815 701 1895 Quodcunque
729 1815 872 1892 solveris,
906 1813 999 1874 fldem

66 1899 166 1978 exigit
187 1899 389 1978 poenitentis,
423 1903 456 1958 ut
478 1900 552 1959 setis
575 1900 686 1977 oleret,
720 1917 788 1958 cum
812 1899 850 1957 sit
873 1895 998 1958 verbum

67 1982 293 2060 promissionis,
315 1980 385 2041 ideo
413 1983 479 2042 sine
501 1982 561 2042 fide
579 1981 697 2062 impleri
721 2001 780 2041 non
805 1989 916 2060 potest,
961 1977 1030 2040 Et*

67 2068 144 2124 satis
179 2063 367 2134 dictumest
395 2065 523 2125 articulo
554 2067 669 2146 primo,
708 2063 790 2143 quod
823 2064 890 2124 sola
925 2063 1000 2123 fides

66 2145 212 2207 iustificet
244 2155 277 2207 et
309 2147 396 2208 tollet
426 2154 569 2226 peccata,
603 2150 680 2206 sicut
714 2147 804 2208 dcto.
843 2150 889 2210 15.
928 2146 1001 2206 dicit

68 2230 188 2308 Petrus,
209 2227 270 2288 tide
292 2230 456 2310 purificans
479 2230 573 2291 corda
595 2249 711 2307 eorum,
742 2239 772 2290 et
793 2230 848 2290 ler.
872 2235 907 2294 5:
940 2230 1001 2291 Do-

68 2313 162 2389 mine,
185 2312 266 2372 ocnli
289 2313 332 2372 tui
354 2315 520 2392 respiciunt
538 2313 638 2376 tidem.
662 2313 725 2374 lam
747 2311 899 2373 etPsslm.
914 2309 998 2389 25.¹)

69 2394 177 2474 docet,
211 2412 272 2455 non
304 2407 430 2476 propter
462 2397 555 2457 ullum
588 2415 665 2476 opus
699 2405 853 2472 nostrum,
887 2396 999 2455 nedum

69 2484 197 2557 propter
218 2479 432 2538 contritionem
454 2481 565 2539 remitti
587 2488 732 2562 peccate,
754 2477 873 2538 dicens:
909 2479 1002 2559 Prop-

69 2571 116 2621 ter
136 2579 251 2621 nomen
266 2569 360 2637 tuum,
385 2563 525 2636 Domine,
547 2562 762 2642 propitiaberis
778 2569 906 2642 peccato
922 2579 1002 2638 meo,

72 2645 200 2704 multum
223 2652 270 2704 est
291 2645 380 2706 enim.
405 2645 445 2708 Et
466 2646 574 2707 Roma.
597 2649 630 2710 5:
652 2644 810 2706 lustificati
833 2661 908 2723 ergo
932 2663 1001 2724 gra·

72 2729 107 2786 tis
130 2725 299 2808 perfidem
321 2745 429 2806 pacem
452 2728 609 2789 habemus.
653 2728 741 2788 Ecce
755 2728 849 2808 gratis
883 2735 914 2788 et
936 2726 1004 2788 sols

71 2809 131 2870 fide
152 2809 362 2886 iustificamur,
384 2819 415 2870 et
435 2831 553 2892 paoem,
575 2810 605 2871 id
628 2818 683 2885 est,
706 2812 917 2871 remissionem
933 2828 1002 2891 pec-

73 2901 213 2954 catorum
234 2892 392 2953 hebemus.

156 2975 259 3052 Quare
271 2976 372 3036 adhuc
391 2976 475 3038 dico:
499 2975 592 3051 Cave,
613 2995 699 3054 cave,
720 2975 812 3037 irater
824 2941 1004 3054 Otiriuiane,

74 3079 111 3120 ne
135 3078 271 3139 unquam
295 3078 386 3139 super
408 3069 460 3120 tua
484 3061 666 3120 contritione
680 3057 828 3134 confidas,
852 3059 1004 3135 nonhuic,

73 3143 128 3203 sed
153 3141 225 3202 fluet
256 3151 326 3202 tuae
359 3143 498 3222 promisit
520 3142 603 3201 Deus
626 3143 836 3202 remissionem
863 3149 1004 3223 peccato-

75 3245 150 3285 rum.
193 3223 265 3285 Duo
289 3225 367 3284 enim
392 3234 462 3285 sunt
484 3225 576 3284 verba
598 3225 666 3302 Dei,
700 3225 827 3284 alterum
852 3231 898 3284 est
920 3241 1004 3304 pras·

76 3316 209 3388 ceptum,
232 3308 361 3368 alterurn
383 3309 556 3388 promissio,
579 3312 777 3389 praeceptum
801 3326 905 3387 opera,
933 3324 1003 3384 pro-

78 3393 181 3452 missio
204 3390 296 3451 fldem
321 3392 439 3470 exigit,
473 3409 530 3454 nec
562 3399 608 3452 est
635 3389 815 3471 cogitabile,
848 3387 1004 3469 quomodo

426 3559 500 3568 -—-.-—

133 3659 163 3722 ll
183 3657 297 3712 incdit
317 3659 401 3726 arip:
420 3655 464 3712 24.

108 3723 199 3806 huual
211 3772 263 3814 opp.
277 3761 306 3804 V.
319 3763 346 3803 Δ.
361 3761 390 3802 ad
403 3762 444 3802 ret.
457 3761 508 3803 tutat„
522 3760 570 3814 tp
588 3761 636 3800 Vct
655 3761 681 3806 v.
805 3729 843 3790 13
