2252 4006
151 185 214 254 204
346 189 471 245 Assertio
491 205 565 244 amn.
585 192 661 246 artie.
679 189 712 243 D.
734 189 768 244 ll.
787 188 815 242 L.
834 205 885 259 per

403 351 621 412 Vicesimus
650 355 829 432 quartus:

214 451 352 540 Ducendi
374 485 445 540 aunt
466 478 628 542 Christiani
656 479 725 560 plus
754 478 880 560 diligere
902 495 1073 538 excommu-

214 561 399 622 nicationem
421 581 513 642 quam
535 563 649 624 timere.

239 679 398 760 Probatur,
423 681 495 759 quia
516 681 582 760 ipse
604 697 687 760 papa
710 678 783 740 dicit
804 699 871 740 eam
895 696 965 739 esse
988 675 1075 735 rnedi-
1113 681 1114 748 ]

154 761 295 841 cinalem,
318 781 379 822 nnn
402 763 573 835 mortalem,
595 762 648 822 sed
673 761 934 842 disciplinantem·
962 758 1017 819 sed
1039 757 1076 834 id,
1113 771 1114 844 J

154 843 237 924 quod
260 844 440 906 medicinale
452 852 484 906 et
504 844 662 906 vivificans
675 852 730 921 est,
753 864 845 906 nemo
858 843 951 904 debet
962 843 1077 907 timere,

154 928 211 988 nisi
233 928 264 1008 ii,
288 929 338 1006 qui
362 929 441 988 hanc
464 928 580 989 Bullam
604 935 854 1010 composuerunt,
875 927 982 987 furiosi
1004 925 1078 984 scili·

154 1016 220 1087 cet,
250 1012 301 1088 qui
325 1011 505 1072 medicinam
536 1021 566 1070 et
587 1013 681 1072 vitam
709 1013 815 1073 timere
838 1016 869 1071 et
890 1028 953 1071 non
975 1027 1078 1068 amare

153 1092 281 1169 docent,
316 1096 379 1154 imo
416 1096 510 1155 amari
545 1093 692 1154 damnant
724 1101 753 1154 et
786 1095 894 1154 timeri·
922 1090 1076 1153 mandant.

153 1175 260 1255 Neque
292 1178 372 1237 enim
399 1178 483 1259 ipsos
512 1178 643 1238 furiosos
674 1175 779 1237 videas
807 1179 857 1236 sic·
881 1197 900 1237 a
923 1175 1076 1237 communi

153 1277 244 1319 sensu
267 1261 401 1320 omnium
426 1281 524 1320 rerum
549 1259 728 1335 abhorrere,
751 1266 784 1320 ut
804 1260 911 1320 vitalia
932 1267 963 1318 et
987 1256 1078 1317 medi·

153 1342 264 1404 cinelia
285 1343 421 1404 timenda
448 1343 603 1404 censeant.
645 1343 759 1404 Verum
788 1342 882 1422 digna
904 1341 996 1403 Bulla
1019 1340 1077 1400 suis
1113 1367 1114 1418 }

154 1424 319 1488 autoribus.
375 1425 464 1502 Quis
479 1445 541 1486 non
579 1426 736 1506 superbiet
768 1424 929 1486 damnatus
966 1423 1006 1484 ab
1035 1422 1078 1482 his
1113 1447 1114 1454 ¹

153 1508 279 1588 perditis
302 1515 332 1568 et
354 1510 472 1570 miseria
495 1507 691 1570 hominibus?

397 1675 619 1735 Vicesimus
652 1674 829 1753 quintus:

215 1801 372 1862 Romanus
413 1802 566 1883 pontifex,
602 1801 682 1862 Petri
722 1819 899 1876 successor,
936 1819 1001 1860 non
1037 1811 1078 1860 est

215 1883 326 1946 christi
367 1886 500 1945 vicarius
549 1904 641 1964 super
684 1903 791 1945 omnes
835 1885 929 1944 totius
976 1883 1078 1944 mundi

215 1966 362 2110 {galliana
391 1967 429 2028 ab
457 1969 525 2047 ipsc
550 1967 671 2028 Christo
697 1967 728 2028 in
757 1967 848 2027 beato
874 1967 966 2026 Petro
997 1967 1077 2026 insti·

236 2166 324 2227 Hunc
335 2167 478 2228 facillime
489 2165 588 2248 probo
601 2187 655 2248 per
666 2167 897 2247 experientiam,
921 2183 1077 2244 nunqnam

153 2250 233 2310 enim
256 2249 311 2310 fuit
334 2269 424 2327 super
452 2268 560 2310 omues
589 2251 736 2310 ecclesias
766 2251 859 2310 totius
888 2246 995 2307 mundi
1021 2247 1078 2307 Rc·

152 2351 260 2392 manus
283 2332 435 2409 pontifex,
459 2333 513 2393 sed
536 2351 634 2412 neque
657 2332 757 2392 adhuc
778 2339 841 2406 est,
863 2349 1076 2410 necunquam

152 2415 183 2475 in
205 2414 337 2475 futurum
366 2416 438 2490 erit,
466 2421 500 2475 ut
528 2434 628 2493 spero.
682 2413 761 2491 Quid
784 2433 857 2494 ergo
880 2433 1012 2473 necesse
1036 2420 1078 2472 est

154 2498 255 2558 multis
277 2499 306 2557 in
330 2498 389 2558 hec
410 2517 443 2568 re
465 2496 643 2578 digladiari,
672 2517 741 2557 cum
764 2499 830 2576 ipse
853 2495 989 2556 omnium
1013 2515 1077 2556 sen-

154 2599 206 2640 sus
227 2581 316 2641 nobis
340 2581 483 2642 ostendat
503 2581 546 2642 rei
562 2580 741 2641 veritatemi
763 2579 870 2660 Neque
883 2579 964 2638 enim
988 2597 1077 2658 super

140 2663 301 2724 vecclesias
328 2663 496 2738 Graeciae,
529 2661 650 2738 Indiae,
682 2662 828 2738 Persidis,
861 2662 1014 2741 Aegypti,
1050 2667 1076 2720 et

154 2745 276 2806 Africae
300 2765 432 2826 unquam
455 2747 523 2824 luit,
553 2745 654 2826 nequ'e
680 2745 781 2805 adbuc
804 2751 865 2818 est,
899 2743 984 2823 quod
1010 2763 1073 2803 cum

155 2847 269 2908 magna
290 2830 415 2908 querela
437 2837 467 2890 et
489 2828 595 2890 dolore
618 2827 801 2889 contii-entur
812 2829 946 2908 ipsimet,
969 2827 1074 2886 frustra

155 2918 217 2972 tam
240 2911 342 2972 multis
365 2912 471 2972 studiis
493 2914 523 2971 in
546 2912 626 2972 banc
647 2931 711 2972 rem
735 2910 936 2988 consumptis.

237 2992 298 3055 Sed
322 2993 438 3056 dicent:
461 2995 507 3054 De
528 2995 608 3069 iure,
642 3013 703 3054 non
737 2993 775 3053 de
802 2995 883 3054 facto
914 2992 1074 3071 loquimur,

154 3081 185 3137 et
205 3094 268 3138 non
291 3077 362 3156 quid
384 3077 506 3152 iaciant,
529 3075 583 3137 sed
605 3075 677 3156 quid
698 3077 799 3137 facere
814 3075 960 3135 deberent
982 3074 1073 3135 eccle·

154 3159 219 3220 siae
240 3159 311 3220 illae
332 3158 472 3237 rebelles,
495 3160 676 3238 quaerimus.
713 3156 913 3238 Respondeoz
937 3156 1008 3218 Hoc
1023 3157 1089 3236 pro‘

153 3260 204 3303 me
225 3242 312 3319 lacit,
344 3243 369 3301 si
400 3243 480 3302 enim
509 3244 574 3302 iure
611 3242 714 3302 divino
742 3242 896 3301 institutus
923 3247 1008 3300 esset
1029 3240 1072 3300 hie

154 3325 312 3404 primatus,
334 3330 417 3384 esset
438 3326 503 3384 sine
526 3323 618 3386 dubio
640 3321 806 3402 aliquando
827 3321 982 3402 impletus,
1010 3341 1069 3383 cum

154 3423 217 3465 non
248 3411 421 3485 praetereat
445 3426 464 3466 a
491 3406 559 3486 lege
582 3406 638 3467 Dei
666 3425 758 3466 unum
786 3407 865 3480 iota,
899 3404 984 3484 quod
1015 3423 1069 3464 non

155 3486 332 3566 impleatur,
365 3489 455 3549 etiam
489 3489 586 3567 portis
617 3489 705 3549 inleri
734 3483 798 3550 ndn
828 3485 1069 3568 praevalentibus

155 3569 354 3651 contrarium,
373 3578 403 3630 et
425 3571 537 3647 omnia,
559 3587 639 3650 quae
649 3570 733 3640 Deus
754 3571 921 3650 praecepit,
945 3567 1069 3630 suntab

157 3645 307 3720 aliquibus
328 3650 435 3712 saltem
456 3651 592 3731 implete,
614 3658 645 3714 et
666 3653 896 3735 quaeprcrnisit
915 3660 988 3713 sunt
1009 3653 1068 3714 sim·
