2252 4006
124 120 187 188 256
354 125 472 180 Exustio
492 126 651 182 Antichrist
672 91 860 184 Dometaiinm.

124 278 300 356 tradixerit,
323 279 405 340 vitae
429 299 504 340 suae
526 280 688 360 dispendio
711 280 776 343 fieri
804 289 936 362 oportet.
978 281 1037 360 Ego

34 411 38 424 .
124 368 238 440 autem,
259 361 395 440 inquit,'
388 383 418 422 111
441 363 501 422 hoo
523 363 628 424 seculo
655 363 817 443 periclitari
838 364 930 440 malo,
954 382 1036 441 quam

124 409 240 512 testard
265 443 379 505 silentii
401 447 569 520 rationem,
603 465 683 526 quae
714 445 781 506 Deo
814 445 862 506 est
881 447 1038 524 reddendo,

124 529 331 586 eonscientiae
361 546 447 587 meas
476 530 642 610 imponere.
687 529 734 607 Ob
763 530 791 588 id
820 531 977 590 Romanae
1002 529 1039 588 iu-
1064 574 1066 585 r

124 613 187 669 rias
224 610 283 670 iam
318 610 436 690 pridem
474 611 655 672 dissentiens
690 632 729 672 ex
763 612 856 673 corde
886 612 1039 672 abominor

124 694 213 752 istam
237 692 458 774 Babylonicum
482 704 609 774 pestem.
661 697 700 754 A
685 704 767 838 jue
789 696 867 754 haee
895 693 1039 754 Fratribus

705 797 721 836 e

126 776 200 834 meis
236 776 448 855 annunciabo,
483 794 574 854 quam
598 777 686 837 dius
724 795 757 836 ro
811 777 843 838 Si
878 779 1038 838 animarum

125 866 228 918 tantae
251 859 394 937 perniciei
416 859 558 918 resistere
581 878 641 920 non
665 861 814 1002 possim,
822 859 963 920 servandi
978 869 1041 919 sunt

125 948 226 1001 tamen
253 942 393 1036 plerique
427 949 595 1016 nostrates,
633 962 672 1002 ne
707 947 738 1002 et
770 943 828 1022 ipsi
863 944 901 1002 ad
935 943 1039 1002 interos

125 1024 373 1103 praeeipiteutur.
417 1023 542 1084 Faciant
563 1024 612 1084 alii
636 1023 782 1104 quidquid
801 1025 907 1101 veiint,
929 1032 1040 1104 tempus

125 1112 180 1182 est,
202 1112 235 1164 ut
255 1106 480 1186 resipiscamus.

209 1187 293 1248 Haeo
315 1188 436 1267 aliaque
458 1191 488 1248 in
522 1209 589 1248 eam
613 1191 795 1250 seutentiam
826 1191 922 1252 multa
942 1189 1041 1249 Lutbe·

125 1291 175 1330 rus
203 1270 276 1329 inibi
319 1290 388 1332 oum
418 1272 512 1330 muita
533 1271 693 1332 verborum
716 1272 785 1332 tuoe
806 1283 836 1332 et
858 1273 939 1332 feiioi
961 1274 1040 1352 patrii

125 1354 275 1413 sermonis
297 1353 449 1433 elegantia
470 1356 639 1432 reuensuit,
673 1374 753 1435 quae
785 1375 844 1435 ego
879 1362 985 1435 utpote
1004 1356 1041 1413 ιιι-

127 1435 236 1496 doetus
259 1443 289 1496 et
313 1437 443 1516 elinguis
465 1435 576 1497 imitari
600 1456 660 1496 non
684 1437 862 1517 possuml)
910 1439 989 1496 Vera
1005 1447 1040 1496 ta·

129 1538 198 1578 meu
224 1537 309 1598 esse,
342 1537 542 1599 quaeeunque
572 1519 692 1595 dixerit,
714 1538 805 1580 nemo
829 1520 962 1595 dubitat,
992 1521 1039 1578 nisi

127 1610 235 1663 trunco
265 1602 304 1661 sit
335 1601 494 1682 stupidior,
533 1602 702 1662 cuiusmodi
738 1611 808 1662 sunt
839 1604 975 1684 papastri
1005 1603 1038 1662 ad

127 1704 217 1744 unum
242 1703 349 1763 usque.
393 1686 495 1764 Atque
517 1685 618 1765 polam
641 1695 689 1751 est
710 1685 851 1746 omnibus
876 1688 904 1744 in
929 1685 1038 1746 Christo

127 1767 271 1848 parvulis,
296 1785 426 1846 quorum
448 1767 585 1847 palatum
607 1767 776 1847 sophistica
812 1768 881 1830 isba
914 1767 1039 1828 nondum

127 1853 184 1912 ost'
196 1849 351 1924 infestum,
374 1869 433 1912 neo
448 1849 618 1929 magnificis
640 1851 729 1911 buius
746 1851 841 1912 saouli
855 1850 1039 1930 opinionibus
1096 1859 1097 1862 ’

127 1931 305 2011 delibutum,
337 1935 516 2012 onustisque
539 1935 763 2012 innocentibus,
797 1933 959 1995 Lntherum
981 1952 1040 1992 essa
1096 1947 1097 1952 ’

127 2017 257 2076 viventis
280 2015 336 2075 Dei
360 2015 514 2096 angelum,
531 2017 582 2095 qui
603 2015 832 2096 palabundas²)
853 2016 962 2076 Christi
975 2035 1039 2076 oves
1096 2015 1097 2058 t

126 2109 241 2196 paseat.
265 2099 333 2159 solo
357 2101 490 2160 veritatis
521 2098 614 2159 verbo
649 2099 867 2160 dormientibus
891 2101 966 2175 illis,
996 2101 1039 2178 qui
1096 2109 1097 2168 1

126 2182 258 2264 pastoris
281 2199 394 2241 nomen
418 2183 543 2262 indigne
565 2182 621 2242 sibi
646 2191 801 2260 arrogent
810 2181 841 2263 ⁸)
884 2181 1039 2258 Quantum-

127 2265 173 2324 vis
198 2273 316 2324 montes
339 2265 434 2324 seouli
456 2284 494 2324 ao
517 2264 598 2337 aedri
620 2263 725 2326 Libani
756 2267 925 2326 renitantur
953 2266 1039 2345 panti·

127 2348 193 2408 oosi
216 2347 441 2426 ambitiosique,
464 2367 527 2408 non
549 2358 679 2428 possunt
707 2357 808 2408 tamen
831 2348 942 2409 Christi
975 2365 1039 2408 ores

126 2449 189 2492 uon
212 2447 384 2510 agnosoere
405 2448 514 2491 vooem
539 2431 661 2491 Domini
695 2432 740 2490 sui
774 2451 828 2511 per
862 2434 953 2492 istum
976 2449 1038 2490 nun·
1096 2491 1097 2500 2

127 2515 208 2575 oium
230 2513 395 2594 prolatum,
418 2532 492 2573 oves
508 2523 608 2574 autem
634 2513 724 2574 alieni
744 2515 875 2592 pastoris
898 2514 977 2574 hano
997 2531 1039 2572 vo·

127 2617 194 2656 uem
217 2615 279 2657 non
303 2595 439 2657 audiunt.
483 2597 579 2674 Beati,
593 2597 643 2675 qui
666 2615 728 2656 non
751 2595 946 2658 offenduntur
965 2599 1039 2676 igno·

127 2679 244 2741 bilitate
266 2679 414 2756 hominis,
446 2680 541 2739 seculi
565 2687 684 2740 montes
713 2681 883 2760 tangentis,
915 2682 1036 2759 quinon

125 2763 277 2842 fumigare
299 2781 361 2823 ιιοιι
383 2771 527 2843 possunt,
564 2765 636 2842 quia
659 2781 763 2824 eorum
787 2769 895 2824 natura
919 2781 984 2822 sese
1003 2763 1038 2820 its

127 2847 229 2910 habet.
275 2847 365 2908 Finis.

128 3015 547 3028 m·-

182 3117 213 3185 1)
234 3115 265 3169 Ιιι
285 3116 327 3170 ed.
348 3119 432 3186 orig.:
459 3115 571 3186 possim.
664 3111 695 3176 2]
718 3109 846 3168 Ibidamz'
868 3109 1034 3181 palabundos.

128 3191 159 3255 3)
181 3189 304 3244 Ibidem:
324 3192 464 3256 arrogent.
