2250 4008
337 191 465 252 Rationis
484 196 662 252 batomtanaa
680 199 729 251 etc.
898 215 905 228 ·
931 189 994 260 425

73 351 209 431 aliquot·
237 351 292 415 -at
313 371 402 432 quae,
424 371 513 436 rogo,
536 351 666 417 ludibria
687 355 718 415 in
740 352 901 435 scriptoria
923 352 995 413 hinc

73 436 247 498 ducentur?
268 436 337 498 Non
359 443 426 498 erat
441 437 570 518 Latomi,
591 439 667 500 tanti
689 438 837 518 theologi,
861 436 994 508 officinm

73 537 234 593 asserere,
257 518 329 599 quid
352 522 449 601 pnaeit
471 523 516 584 cic
538 521 614 598 dici,
648 522 702 583 aed
725 521 797 601 quid
820 520 930 584 debeat
951 520 997 581 aio

73 603 148 666 dici.
196 604 265 666 Non
295 605 465 682 quaeritur,
497 605 568 684 qnid
597 607 695 686 pcccit
725 604 820 666 libido
851 603 996 684 nugandi,

72 687 129 747 aed
155 687 229 770 qnid
241 686 353 748 debeat
366 695 522 768 praestare
538 688 645 768 religio
659 688 888 769 interpretandi,
911 706 995 767 prae·

72 771 179 830 sertim
204 789 272 831 cnm
295 777 379 832 tanta
402 770 501 832 bucca
521 791 590 832 cecc
611 773 748 851 iactarit,
773 791 835 833 non
858 789 996 832 numera·

72 861 194 929 torum,
224 853 278 916 sed
308 854 546 934 ponderatorum
575 856 751 917 teatimonia
773 854 995 935 Scripturarum

72 945 104 996 et
128 939 340 998 convicturum
372 937 451 997 male
478 941 621 1000 citantem
643 938 817 1001 Latherum.
861 937 916 998 loct
936 937 997 998 hnc

13 1097 14 1102 η
72 1019 252 1100 ponderare
272 1019 468 1082 testimonia?
496 1028 543 1082 εει
569 1021 630 1082 hoc
650 1023 833 1082 convincere
856 1019 936 1082 male
958 1021 998 1080 ci·¹

13 1111 14 1114 ’
74 1103 216 1163 tantem?
233 1103 351 1164 0dicerc
373 1103 538 1164 duntaxat:
572 1105 639 1183 Ego
668 1123 793 1184 poaanrn
822 1105 867 1165 cic
894 1109 925 1163 ει
953 1103 998 1163 aic

72 1185 273 1266 intelligere?
296 1185 406 1247 Nonne
427 1187 488 1249 hoc
509 1188 584 1248 vitio
606 1207 676 1249 reon
699 1188 847 1251 hactenus
869 1187 919 1267 egi
942 1185 996 1248 So-

72 1268 197 1349 phiataa
218 1270 310 1346 laton,
333 1269 415 1349 quod
439 1272 559 1351 poseint
579 1272 684 1332 omnia
705 1272 749 1331 sic
772 1275 803 1332 et
825 1271 870 1330 aic
890 1268 998 1330 intelli-

73 1371 165 1432 gere,
187 1371 341 1432 nunquam
366 1360 477 1432 autem,
499 1361 531 1413 ut
553 1352 675 1430 debent,
697 1353 792 1414 velint
804 1351 998 1433 intelligere?

12 1433 14 1470 ἵ
73 1435 148 1497 Ηοε
169 1453 230 1497 non
254 1437 480 1499 ect'cont'utare
502 1435 723 1515 adversarium,
746 1435 799 1497 aad
813 1434 1000 1498 contundere

12 1519 13 1534 ³
72 1517 198 1579 divinae
220 1518 402 1600 Scripturas.
453 1559 455 1566 ι

11 1603 14 1638 ³
163 1601 281 1663 Deinde
309 1604 359 1681 qui
381 1602 470 1663 buius
491 1600 608 1682 figurae
630 1608 691 1664 tam
714 1602 861 1662 vivaciter
881 1619 999 1662 memor

11 1715 13 1722 ,
75 1692 124 1744 εει
146 1685 209 1746 hoc
229 1683 503 1766 loco,·qu0modo
531 1692 592 1746 tam
622 1703 757 1747 craaaum
781 1685 878 1745 stertit
898 1684 929 1743 in
952 1701 997 1744 εε-

76 1767 201 1847 quenti,
227 1766 277 1828 ubi
306 1767 431 1829 dicitur:
460 1768 528 1830 Non
558 1775 619 1842 εει,
654 1769 704 1848 qni
739 1768 863 1829 invocet
883 1784 996 1826 nomen

76 1857 181 1928 tunm,
211 1850 262 1930 qui
285 1858 391 1930 surgat
416 1857 570 1936 ctnteneat
591 1851 643 1912 tel
679 1851 749 1912 Non
778 1850 877 1931 potuit
898 1857 929 1910 et
949 1848 998 1909 bic

76 1932 295 2014 particularem
319 1934 430 2008 lacere,
452 1933 482 1994 id
506 1941 566 2010 εει,
597 1933 689 2013 aliqui
711 1933 849 1994 etmulti
871 1951 933 1993 non
955 1932 998 1992 in·

78 2021 196 2076 vocant
216 2035 328 2078 nomen
353 2016 458 2078 tuum?
482 2035 543 2096 quo
558 2025 691 2095 cavent,
712 2037 750 2077 ne
764 2016 1015 2086 inaulaiacimnm¹

10 2103 12 2138 ³
77 2105 109 2159 ει
130 2099 353 2179 ineptissimum
377 2117 539 2160 excuraunr
562 2108 724 2180 cogeretur
750 2100 865 2176 lacere,
888 2097 996 2178 proba·

78 2189 181 2259 torua,
210 2197 301 2260 quam
324 2201 478 2262 nunquam
503 2182 651 2243 defuerint
676 2184 858 2243 invocantea
885 2199 996 2242 nomen

78 2264 203 2324 Domini
240 2282 294 2342 per
327 2266 429 2325 omnia
462 2265 575 2326 aecula.
624 2265 671 2326 An
699 2268 730 2325 in
757 2265 908 2346 negativis
936 2282 997 2324 non

78 2346 174 2407 babet
204 2347 262 2407 icta
291 2345 389 2426 ligura
411 2347 538 2410 locum?
566 2348 613 2409 An
641 2366 703 2409 non
727 2351 823 2408 lecina
846 2350 895 2412 57.
917 2345 999 2406 vidc-

78 2429 161 2490 bitnr
183 2429 304 2510 posita?
327 2432 424 2491 luetua
446 2433 535 2512 perit,
558 2438 589 2492 et
610 2449 672 2492 noo
697 2437 754 2505 eat,
777 2431 827 2508 qui
851 2429 998 2509 recogitet

79 2514 109 2573 in
132 2511 323 2587 cordetuo,
351 2519 382 2573 et
402 2514 457 2574 viri
487 2513 713 2576 micericordiae
742 2513 942 2594 colliguntur,
969 2516 1000 2571 et

79 2613 143 2656 non
167 2601 223 2673 eat,
244 2596 294 2674 qui
316 2595 488 2676 intelligat?
516 2596 594 2658 Num
608 2597 703 2658 laciaa
725 2615 785 2657 non
800 2592 999 2674 intelligebat,

80 2679 130 2758 qui
155 2677 233 2739 baec
254 2679 321 2758 ipaa
344 2677 485 2739 dicebat?
507 2678 555 2740 An
571 2680 627 2740 coli
639 2679 769 2740 Latonia
791 2678 873 2751 licet,
896 2675 999 2738 ubiubi

80 2760 221 2836 voluerit,
236 2759 365 2841 liguram
378 2761 489 2839 iacere,
511 2761 561 2821 ubi
575 2781 636 2823 non
649 2761 733 2835 libet,
750 2761 864 2822 nullam
877 2757 1001 2820 lacere?

81 2843 200 2904 scilicet
226 2843 377 2905 sentiebat
402 2844 496 2905 bomo
530 2845 679 2925 prudena,
713 2843 795 2924 qnod
823 2843 897 2904 illud
925 2843 1001 2903 citra
1027 2885 1034 2904 .

81 2926 211 3007 liguram
242 2925 354 2987 dictum
390 2923 517 3008 (omnen
547 2928 679 2988 iustitiae
707 2924 862 3008 pollutae)
894 2931 1002 2987 contra

82 3029 152 3070 εεεε
182 3008 395 3084 concluderet,
427 3008 497 3070 ideo
532 3010 587 3070 init
619 3008 813 3072 eludendum.
869 3008 1000 3071 Rurantn

82 3092 172 3168 illud,
195 3109 255 3152 non
280 3098 327 3152 εει
348 3094 398 3171 qui
420 3093 558 3169 invocet,
585 3092 641 3153 cub
663 3091 761 3174 ligura
783 3091 912 3171 dictum,
940 3109 1000 3151 non

83 3173 281 3236 concluderet
302 3179 409 3236 contra
427 3174 601 3252 Lutherum,
623 3175 695 3236 ideo
716 3175 771 3236 t'uit
792 3176 819 3235 ci
844 3173 1001 3234 detraben-

85 3258 164 3320 dum.
209 3258 275 3318 Nec
295 3258 413 3318 interim
436 3258 593 3338 cogitabat
615 3260 660 3319 vir
684 3263 801 3332 tantus,
830 3275 920 3336 quam
943 3254 1002 3316 bac

85 3339 209 3402 libidine
238 3346 269 3402 ει
304 3341 474 3401 temeritate
503 3341 624 3421 copiam
652 3359 795 3402 veraurce
824 3339 1001 3400 adversario

86 3424 208 3485 iaceret.
252 3423 370 3485 bladam
392 3425 471 3484 enirn
502 3425 665 3486 autoritate
685 3421 867 3505 permutabo
889 3427 920 3481 et
943 3439 1001 3501 ego

45 3571 58 3587 ‚
86 3509 144 3568 icta
168 3505 229 3567 duo
250 3505 398 3587 figurata,
425 3514 457 3568 ut
479 3526 561 3568 nunc
582 3507 687 3586 simul,
715 3524 796 3567 nunc
817 3503 1004 3580 alterutrum,

61 3579 147 3652 *aiot
167 3587 298 3670 figurata
319 3596 350 3652 et
372 3607 433 3650 non
450 3589 589 3671 figurata.
620 3590 680 3652 late
701 3595 802 3650 autem
826 3593 872 3648 εει
894 3584 1003 3648 modus

88 3671 262 3734 tractandae
285 3671 478 3753 scripturae?
