2252 4006
142 153 207 224 280
451 157 597 214 Resolntio
617 158 724 230 Disput
744 157 779 214 dc

87 307 89 318 '
143 312 266 387 malum,
287 320 459 392 peccatum,
483 312 675 374 mendacium
699 321 755 374 est
797 313 844 374 Dc
866 314 910 374 his
934 313 1060 393 loquitur

144 395 312 457 conclusio.
357 389 435 470 Quis
462 397 488 456 si
516 398 582 474 quis
606 402 816 474 praesumeret
837 395 948 458 talibus
971 398 1060 476 operi·

146 479 201 540 bus
214 480 373 558 cooperari
386 477 454 538 fidei
467 478 504 538 nd
516 477 775 555 iustificationum,
792 479 954 557 impediret
967 481 1061 558 potius

143 561 244 638 iidem,
267 562 337 640 quis
355 561 433 620 velle
452 561 589 621 similiter
609 581 664 642 per
680 580 773 640 opere
787 571 887 622 suaet
908 559 1061 642 perfidem

142 641 1064 726 gretiaeinstificariimprobusestcumfidesdestructomnia

147 746 241 806 opers
264 735 383 802 nostra,
414 745 492 806 quse
515 746 554 786 ex
577 726 665 788 nobis
688 725 779 804 fiunt,
800 729 873 807 quia
895 733 969 787 sunt
991 727 1064 786 msls

146 817 177 869 et
206 816 344 889 peccata.
391 808 441 868 Sic
463 809 574 868 Paulus
606 809 645 869 cd
668 809 755 872 Rom.
780 811 815 872 3:
851 811 900 870 Ex
923 810 1064 890 operibus

143 892 219 972 legis
232 912 292 952 nou
305 890 517 951 iustificabitur
529 894 628 952 omnis
637 910 709 952 cero
724 910 828 952 coram
840 891 904 970 illo,
917 891 1025 952 etGal.
1034 893 1065 956 3:

144 973 201 1050 Qui
216 995 255 1034 ex
271 973 413 1054 operibus
426 973 591 1055 legissent,
608 975 663 1034 sub
675 975 838 1034 meledicto
851 983 931 1036 sunt.
970 974 1065 1050 ercre

76 1125 79 1128 ,
144 1058 194 1135 qui
210 1076 278 1117 cum
291 1056 433 1135 operibus
446 1056 618 1118 huiusmodi
631 1057 787 1139 perfidem
802 1057 1065 1130 velletiustilicari

143 1140 192 1199 hic
210 1138 282 1198 fidei
304 1140 418 1198 laceret
438 1141 577 1200 iniuricm
590 1149 620 1199 et
641 1140 792 1220 perderet,
815 1143 887 1219 quia
910 1161 966 1220 per
989 1141 1064 1200 mols

146 1221 238 1282 vellet
257 1221 339 1282 bons
361 1223 534 1300 acquirere,
557 1225 606 1302 qui
637 1241 721 1284 error
743 1224 981 1304 praesumtionis
1004 1243 1067 1303 pes-

147 1306 222 1363 sime
245 1314 395 1385 repugnet
411 1305 571 1365 humilitati
593 1305 673 1365 fidei.
717 1305 860 1365 Secundo
877 1325 971 1384 quum
996 1305 1066 1366 fides

146 1393 177 1447 et
198 1387 322 1447 verbum
345 1397 413 1447 sunt
435 1388 465 1446 in
480 1389 616 1468 negotio,
641 1395 712 1447 tunc
730 1389 962 1450 snimstcntum
978 1389 1065 1448 habel

144 1470 257 1529 laboris
280 1476 310 1529 et
337 1471 454 1550 operis,
483 1477 516 1530 ut
545 1472 597 1530 vix
621 1469 750 1530 sufficiet
774 1471 942 1530 adhaerere
966 1471 1066 1544 verbo,

145 1561 205 1613 tem
230 1572 411 1633 magnares
434 1563 479 1612 est
502 1554 626 1614 credere
650 1553 752 1614 verbo.
795 1554 861 1614 lmo
885 1561 960 1614 tunc
980 1553 1067 1613 facile

147 1637 259 1697 omittit
280 1655 375 1716 opere
410 1645 440 1693 et
469 1635 611 1715 desperat
643 1635 681 1694 cb
703 1635 770 1706 iis„
790 1636 932 1696 omnibus
956 1637 1067 1696 viribus

145 1717 204 1778 hoc
226 1737 357 1794 conans,
388 1727 420 1776 ut
442 1720 539 1796 possit
560 1717 685 1777 firmiter
707 1719 800 1778 verbo
823 1719 994 1779 adhaerere
1018 1739 1066 1798 per

144 1799 246 1862 fldem.
291 1800 358 1860 Hoc
381 1800 439 1878 qui
454 1802 572 1878 experti
595 1819 654 1860 non
679 1808 765 1877 sunt,
788 1821 850 1861 non
873 1803 975 1860 sciunt
999 1801 1066 1880 quid

144 1885 183 1943 sit
204 1883 290 1946 fides.
320 1882 423 1963 Opere
444 1889 545 1942 cutem
557 1881 729 1962 postfidem
747 1903 806 1943 non
821 1882 998 1958 iustificam,
1017 1883 1065 1943 sed

75 1967 84 1980 “
145 1965 221 2026 finnt
232 1987 250 2027 a
263 1965 436 2038 iustificato,
460 1971 490 2024 et
511 1974 582 2024 sunt
593 1985 655 2025 non
668 1984 771 2042 causa,
793 1966 847 2026 sed
860 1967 975 2026 fructus
989 1968 1066 2026 iusti·

144 2047 314 2126 flectionis3
329 2047 461 2111 Gslctbz
474 2048 600 2108 Fructus
611 2049 810 2127 spiritnssunt
821 2051 1002 2110 caritssetc.
1021 2048 1067 2108 Sic
1109 2049 1110 2068 ¹

147 2131 267 2191 luxurio
291 2150 352 2190 non
376 2131 448 2190 iacit
470 2132 752 2210 concupiscentiam
774 2132 899 2209 carnis‚‘
920 2132 975 2192 sed
998 2131 1066 2192 fita

145 2215 394 2294 concupiscentia
406 2215 515 2274 cernis.
562 2215 672 2274 Verum
687 2220 788 2273 tumen
802 2220 857 2288 est,
882 2215 977 2293 qnod,
992 2216 1067 2274 sicut

146 2315 240 2376 opere
272 2298 371 2356 carnis
405 2303 519 2376 augent
557 2297 837 2376 concupiscentiam
873 2299 991 2373 carnis,
1027 2299 1064 2355 ita

145 2381 238 2458 opere
260 2377 330 2438 fldei
353 2378 443 2444 fldem
466 2389 590 2458 sugent.
624 2380 687 2438 lmc
711 2377 786 2438 fides
805 2387 898 2458 coget
920 2399 955 2440 se
969 2382 1063 2460 ipssm

146 2481 200 2541 per
222 2481 318 2542 opere
340 2481 396 2522 sus
417 2469 475 2524 etc.

382 2590 508 2650 Decima
531 2594 640 2668 quarta
656 2588 830 2652 Conclusio

230 2721 361 2802 Opera
389 2731 606 2802 sequnntur
627 2724 950 2784 iustilicst‘ionem
975 2719 1061 2779 sidei
1109 2699 1110 2718 ¹

146 2804 428 2883 infallibiliter,
452 2826 531 2866 cum
555 2825 630 2866 non
653 2808 704 2864 sit
726 2808 867 2867 otiose.
905 2803 991 2864 Sicut
1006 2805 1060 2861 ism

147 2886 260 2947 diclurn
284 2897 330 2948 est
349 2889 387 2949 de
409 2889 552 2968 operibns
577 2889 655 2962 fidei,
678 2888 770 2947 sicud
784 2887 1059 2966 concupiscentiam
1109 2893 1110 2900 ’

148 2972 248 3030 caruis
270 2979 436 3049 sequuntur
458 2991 551 3047 opera
563 2973 663 3030 curnis
678 2991 732 3030 sua
749 2977 868 3050 sponte.
912 2967 1060 3028 siceum

148 3052 185 3112 sd
225 3051 314 3111 iidem
348 3055 470 3133 spiritus
507 3061 674 3132 sequuntur
708 3055 821 3112 fructus
855 3053 978 3131 spiritus
1012 3068 1060 3109 sus
1109 3095 1110 3104 ,

148 3143 267 3215 sponte.
312 3135 426 3196 Carbo*
446 3135 484 3196 ab
508 3137 584 3214 igne
610 3136 722 3216 ignitus
746 3139 803 3194 urit
831 3142 861 3194 et
895 3133 993 3210 lucet3
1024 3134 1060 3192 ita

148 3235 201 3278 cor
225 3237 242 3276 a
265 3219 358 3279 verbo
371 3217 441 3278 fidei
464 3237 517 3296 per
529 3218 671 3298 copulem
683 3219 874 3277 immutatum
892 3216 964 3276 lacit
985 3215 1058 3275 bons

148 3317 251 3376 opere.
290 3301 332 3372 Et
356 3301 434 3359 sicut
456 3319 512 3359 nec
536 3302 801 3380 concupiscentis,
831 3317 889 3359 nec
910 3286 989 3378 ifinis
1011 3317 1057 3377 pc·

147 3387 202 3437 test
226 3399 294 3440 esse
316 3382 443 3457 otiosus,
465 3383 507 3440 its
528 3401 585 3442 nec
608 3382 699 3459 fides,
720 3382 788 3443 cum
812 3382 934 3442 sitnon
957 3381 1013 3440 nisi
1035 3381 1057 3437 vi

148 3461 229 3518 verbi
252 3463 460 3543 participatio,
487 3482 548 3541 quo
577 3483 698 3543 semper
727 3473 867 3525 movetur
890 3463 929 3523 ad
953 3463 1056 3522 bonum

149 3541 314 3602 secundum
336 3551 474 3603 naturum
496 3545 588 3605 verbi.
632 3545 733 3622 Quare
756 3567 817 3608 noo
840 3554 923 3605 recte
947 3545 1055 3620 dicitur,

150 3635 331 3700 quemquam
353 3623 508 3686 iustificari
530 3647 584 3706 per
606 3647 716 3708 opere,
743 3629 796 3689 sed
818 3629 931 3690 rectius
954 3627 1057 3688 dicere·

972 3769 1001 3828 Ιι
