2250 4008
128 171 192 242 m
420 177 579 234 &alentio
598 179 763 236 bulbatione

210 331 341 396 &nuru
363 333 504 423 egregius
526 333 691 416 tbaologaa
711 333 803 398 illud:
828 333 947 398 Omne·
970 332 1048 394 inati-

129 416 191 478 tiae
211 422 336 478 neutrae
356 416 509 496 pollutae,
541 417 623 498 quod
652 417 792 480 fidelibus
813 416 982 500 figuratum
1005 417 1049 478 ui·

129 497 251 575 bearat,
280 497 445 572 tandem¹l
470 502 537 584 einp
558 500 656 582 ligura
678 501 781 562 tribuit
797 500 921 562 ludaeis
945 501 1049 560 ultimo
1109 501 1110 574 l

128 583 272 657 vastatis,
306 581 343 642 de
372 583 483 661 quibua
504 583 585 644 hune
606 585 707 646 locum
730 586 994 664 interpretantur,
1022 591 1051 642 ut

128 664 280 742 babeant,
302 683 431 744 quorum
455 668 585 728 iuatitiaa
607 687 714 728 omnes
735 668 810 728 eitra
832 667 968 747 liguram
991 667 1051 746 pol·
1109 685 1110 688 ¹

127 747 208 810 lutea
230 767 408 810 asseverare
430 751 558 828 poeaint
587 750 634 812 lta
648 750 791 812 latomus
812 751 870 812 eibi
893 750 1051 812 licentiam

127 832 158 892 in
187 830 297 893 divinia
331 831 425 892 literis
455 839 581 912 arrogat
617 832 814 911 libidinandi,
848 835 944 895 etiam
984 832 1051 894 dam
1109 823 1110 906 i

128 915 208 976 aeria
228 912 361 997 dioit2),
395 923 425 976 et
457 935 513 996 pro
542 915 604 976 lide
625 925 733 978 uonna
754 919 924 998 pessimum
949 915 1052 976 haere

127 998 219 1058 tieurn
242 1003 368 1078 pugnat
411 997 443 1060 si
471 1018 570 1060 essem
598 999 769 1060 haeretiuue
802 997 909 1082 (qnod
932 1004 1053 1060 evertat

127 1079 284 1156 Obriatue)
319 1088 349 1140 et
381 1080 436 1142 hee
465 1081 565 1144 larvae
597 1083 627 1142 in
661 1102 709 1143 ure
738 1101 897 1150 neruoram
934 1083 1053 1157 inatrui,

126 1164 309 1224 senteutiam
342 1182 441 1225 meam
467 1164 636 1244 firmarem,
668 1171 699 1226 at
727 1165 830 1226 omnia
856 1165 987 1226 illorum
1008 1183 1053 1224 eu·

127 1253 235 1328 apenta
255 1245 399 1308 haberem
429 1268 469 1308 ex
499 1248 553 1309 illa
579 1250 648 1328 ipae
668 1247 874 1312 innonatantia
904 1255 938 1308 et
960 1265 1053 1328 nuga·

128 1329 237 1404 nitate,
259 1347 359 1410 neque
391 1332 471 1392 euim
506 1332 586 1392 aeria
615 1349 673 1392 nee
707 1350 779 1392 vera
806 1349 863 1392 eoa
892 1329 1052 1394 crederem

103 1420 248 1554 'genera
282 1421 398 1491 quanto
429 1415 527 1494 magia
549 1433 630 1476 nuno
653 1433 692 1474 ea
706 1414 738 1489 ³)
764 1414 856 1474 etiam
879 1413 1001 1476 damno
1023 1419 1051 1473 et

149 1501 273 1556 ateator.

208 1578 277 1654 Age
305 1585 408 1639 tamen
442 1578 543 1640 valeat
579 1580 638 1640 ieta
673 1579 872 1644 novariensis
907 1585 939 1640 et
971 1597 1053 1638 nova

126 1661 352 1741 tbeologieandi
377 1663 467 1732 ratio,
490 1670 603 1724 etune
627 1661 720 1724 verbo
743 1660 984 1724 omuiaLatorni
1006 1680 1052 1722 aa·
1110 1679 1111 1700 ¹

126 1742 189 1805 bito
211 1743 389 1806 subvertero
420 1751 451 1804 et
479 1763 552 1804 mox
582 1745 696 1806 videro.
746 1744 874 1820 Quoties
902 1745 989 1806 eninr
1012 1744 1052 1804 iu·

126 1826 224 1888 duntie
237 1826 449 1888 autoritatibua
472 1827 642 1902 oevillatnr,
666 1847 744 1905 opus
761 1826 875 1890 bonurn
892 1845 957 1888 non
983 1846 1051 1888 ease

125 1915 299 1990 pennatum,
322 1908 469 1971 divertam
493 1910 532 1971 ad
555 1910 634 1970 ietud
657 1910 801 1990 effugium
824 1909 1050 1991 ayneodoohee,

125 1999 156 2052 et
187 1992 304 2055 dinam:
348 1993 432 2072 Opue
467 1989 581 2053 bonurn
615 1993 793 2071 intelligitur
825 1992 1052 2074 particulariter

126 2073 251 2151 benum,
274 2075 412 2136 similiter
443 2081 473 2136 et
505 2082 666 2156 peceatum
695 2076 919 2156 partioulariter
940 2093 1051 2156 peena-

126 2162 198 2218 tum.
230 2157 281 2218 Sin
303 2157 383 2220 enirn
406 2159 472 2238 ipae
496 2158 614 2238 aliquae
637 2159 808 2238 aliquorum
831 2159 965 2220 iustitiae
989 2178 1050 2220 non

124 2239 202 2300 bene
225 2240 322 2302 lautae
351 2241 598 2320 eyneodoohieat.
642 2241 722 2317 Quid
755 2242 812 2302 erit
838 2248 901 2302 tum
930 2241 1050 2304 iaeiliur

124 2339 193 2382 mea
215 2324 345 2384 victorie
358 2323 404 2384 bie
420 2325 512 2384 armie
528 2324 693 2386 adversarii
707 2325 803 2404 ipsine
818 2327 932 2404 partui
956 2325 1050 2400 noea,

107 2403 185 2469 ,hoo
212 2414 258 2466 eat
280 2406 485 2468 [invenialiter
512 2415 542 2466 et
564 2407 775 2469 Latomialiter
803 2425 927 2468 aeneum
951 2407 1050 2486 Serip-

124 2493 209 2548 turae
241 2509 259 2550 a
294 2488 364 2565 filo,
399 2490 623 2572 consequentia
655 2497 686 2550 et
719 2491 952 2552 oireumatuntia
983 2509 1049 2550 ver·

125 2569 232 2632 borum
255 2571 376 2648 duuere,
399 2591 477 2651 quoa
500 2580 601 2632 tamen
627 2572 820 2652 perrioidinm
844 2579 891 2634 eat
913 2580 1049 2643 lruuooa,

125 2655 243 2732 stipites
266 2654 432 2735 appellare.

208 2736 352 2798 Faoeaeat
374 2757 448 2817 ergo
476 2739 534 2798 iata
554 2737 720 2800 Lovanitaa
753 2745 785 2798 et
813 2757 886 2799 vera
917 2739 1048 2813 vanitas,

125 2824 156 2878 et
166 2818 328 2899 Augustini
352 2823 513 2893 sententia,
537 2839 617 2899 quae
638 2822 734 2901 ipeiue
757 2821 894 2882 veritatis
916 2828 948 2882 et
966 2839 1047 2882 oom-

125 2902 224 2962 urunie
248 2904 383 2964 omniurn
406 2922 513 2964 aeneus
541 2910 602 2981 eet,
638 2903 726 2966 nobie
760 2903 809 2964 hio
836 2911 1046 2983 supponatur:

124 2983 234 3065 Figura
256 2984 329 3044 nihil
362 2985 489 3064 probat,
523 2985 606 3064 quod
639 2986 710 3046 linat
747 2985 784 3046 de
817 2988 912 3046 eaeria
948 3005 1046 3046 rerum

123 3067 228 3147 liguria
252 3066 376 3143 dixerit,
412 3069 483 3128 nibil
514 3069 613 3128 minua
637 3069 729 3130 etiarn
752 3068 961 3148 grammatinie
986 3087 1047 3128 ver·

123 3149 231 3212 borum
264 3148 367 3230 figaria
402 3152 499 3230 aptari
533 3151 696 3212 commode
731 3159 842 3230 potest.
898 3153 930 3212 ln
967 3151 1047 3212 nulla

124 3235 205 3294 enirn
227 3233 393 3313 Scriptura,
416 3233 527 3294 nedum
550 3233 671 3313 divina,
694 3234 808 3314 figurae
830 3241 956 3314 captare
979 3234 1045 3296 lieet

124 3335 180 3394 pro
204 3335 289 3377 mera
308 3315 448 3394 libidine,
483 3316 538 3376 aed
566 3318 654 3377 vitari
684 3316 813 3391 debent,
846 3325 878 3376 et
906 3317 1044 3396 eimplioi,

123 3415 218 3474 purae
251 3399 475 3476 primariaeque
504 3398 665 3460 verborum
700 3397 917 3480 significationi
951 3400 1044 3460 niten-

132 3527 548 3542 mua-am

194 3579 228 3644 1)
250 3580 278 3632 la
297 3581 436 3636 addara:
470 3587 611 3649 tanquam.
656 3583 688 3652 ²)
711 3585 826 3641 laedit.
846 3587 935 3656 briga
956 3585 1043 3640 dreit

126 3647 158 3711 3)
179 3645 210 3698 ln
233 3649 295 3704 edit.
314 3650 376 3706 den.
397 3652 486 3706 deest:
507 3669 548 3706 ea.
