<?xml version="1.0" encoding="UTF-8"?>
<!DOCTYPE html PUBLIC "-//W3C//DTD XHTML 1.0 Transitional//EN"
    "http://www.w3.org/TR/xhtml1/DTD/xhtml1-transitional.dtd">
<html xmlns="http://www.w3.org/1999/xhtml" xml:lang="en" lang="en">
 <head>
  <title>
</title>
<meta http-equiv="Content-Type" content="text/html;charset=utf-8" />
  <meta name='ocr-system' content='tesseract 3.04.00' />
  <meta name='ocr-capabilities' content='ocr_page ocr_carea ocr_par ocr_line ocrx_word'/>
</head>
<body>
  <div class='ocr_page' id='page_1' title='image "./operalatinavari03schmgoog_0100.png"; bbox 0 0 2254 4008; ppageno 0'>
   <div class='ocr_carea' id='block_1_1' title="bbox 327 161 988 233">
    <p class='ocr_par' dir='ltr' id='par_1_1' title="bbox 327 161 988 233">
     <span class='ocr_line' id='line_1_1' title="bbox 327 161 988 233; baseline -0.002 0"><span class='ocrx_word' id='word_1_1' title='bbox 327 173 364 233; x_wconf 77' lang='lat' dir='ltr'>D.</span> <span class='ocrx_word' id='word_1_2' title='bbox 383 175 418 230; x_wconf 67' lang='lat'>1</span> <span class='ocrx_word' id='word_1_3' title='bbox 435 173 518 230; x_wconf 73' lang='lat' dir='ltr'>buu.</span> <span class='ocrx_word' id='word_1_4' title='bbox 536 172 722 231; x_wconf 77' lang='lat' dir='ltr'>Proeludlum.</span> <span class='ocrx_word' id='word_1_5' title='bbox 944 161 988 232; x_wconf 84' lang='grc'>89</span> 
     </span>
    </p>
   </div>
   <div class='ocr_carea' id='block_1_2' title="bbox 1 327 988 416">
    <p class='ocr_par' dir='ltr' id='par_1_2' title="bbox 1 327 988 416">
     <span class='ocr_line' id='line_1_2' title="bbox 1 327 988 416; baseline -0.004 -26"><span class='ocrx_word' id='word_1_6' title='bbox 1 373 2 416; x_wconf 63' lang='lat'>,</span> <span class='ocrx_word' id='word_1_7' title='bbox 72 327 156 390; x_wconf 78' lang='lat' dir='ltr'>bsbet</span> <span class='ocrx_word' id='word_1_8' title='bbox 177 328 321 392; x_wconf 81' lang='lat' dir='ltr'>universe</span> <span class='ocrx_word' id='word_1_9' title='bbox 342 329 498 409; x_wconf 80' lang='lat' dir='ltr'>Soripture</span> <span class='ocrx_word' id='word_1_10' title='bbox 519 337 627 392; x_wconf 82' lang='lat' dir='ltr'>eenole</span> <span class='ocrx_word' id='word_1_11' title='bbox 648 331 709 392; x_wconf 91' lang='lat' dir='ltr'>boo</span> <span class='ocrx_word' id='word_1_12' title='bbox 730 347 842 390; x_wconf 89' lang='lat' dir='ltr'>nomen</span> <span class='ocrx_word' id='word_1_13' title='bbox 870 327 988 400; x_wconf 64' lang='lat' dir='ltr'>(suoru</span> 
     </span>
    </p>
   </div>
   <div class='ocr_carea' id='block_1_3' title="bbox 70 407 988 658">
    <p class='ocr_par' dir='ltr' id='par_1_3' title="bbox 70 407 988 658">
     <span class='ocr_line' id='line_1_3' title="bbox 72 407 988 494; baseline -0.002 -20"><span class='ocrx_word' id='word_1_14' title='bbox 72 418 216 481; x_wconf 85' lang='lat' dir='ltr'>mentum)</span> <span class='ocrx_word' id='word_1_15' title='bbox 241 413 272 473; x_wconf 89' lang='lat' dir='ltr'>ln</span> <span class='ocrx_word' id='word_1_16' title='bbox 297 432 334 475; x_wconf 82' lang='lat' dir='ltr'>ee</span> <span class='ocrx_word' id='word_1_17' title='bbox 355 412 588 494; x_wconf 75' lang='lat' dir='ltr'>significatione,</span> <span class='ocrx_word' id='word_1_18' title='bbox 612 433 673 493; x_wconf 83' lang='lat' dir='ltr'>que</span> <span class='ocrx_word' id='word_1_19' title='bbox 694 420 800 475; x_wconf 86' lang='lat' dir='ltr'>noster</span> <span class='ocrx_word' id='word_1_20' title='bbox 820 430 911 484; x_wconf 84' lang='lat' dir='ltr'>usus,</span> <span class='ocrx_word' id='word_1_21' title='bbox 933 407 988 472; x_wconf 88' lang='lat' dir='ltr'>sed</span> 
     </span>
     <span class='ocr_line' id='line_1_4' title="bbox 71 495 987 578; baseline -0.003 -22"><span class='ocrx_word' id='word_1_22' title='bbox 71 499 95 556; x_wconf 92' lang='lat' dir='ltr'>in</span> <span class='ocrx_word' id='word_1_23' title='bbox 117 497 280 560; x_wconf 82' lang='lat' dir='ltr'>eontreris.</span> <span class='ocrx_word' id='word_1_24' title='bbox 324 496 443 576; x_wconf 88' lang='lat' dir='ltr'>Ubique</span> <span class='ocrx_word' id='word_1_25' title='bbox 475 499 555 558; x_wconf 88' lang='lat' dir='ltr'>enim</span> <span class='ocrx_word' id='word_1_26' title='bbox 589 497 741 578; x_wconf 78' lang='lat' dir='ltr'>signifieat</span> <span class='ocrx_word' id='word_1_27' title='bbox 776 515 837 557; x_wconf 93' lang='lat' dir='ltr'>non</span> <span class='ocrx_word' id='word_1_28' title='bbox 867 495 987 574; x_wconf 85' lang='lat' dir='ltr'>signum</span> 
     </span>
     <span class='ocr_line' id='line_1_5' title="bbox 70 576 988 658; baseline -0.002 -18"><span class='ocrx_word' id='word_1_29' title='bbox 70 579 107 640; x_wconf 92' lang='lat' dir='ltr'>rei</span> <span class='ocrx_word' id='word_1_30' title='bbox 128 597 252 655; x_wconf 77' lang='lat' dir='ltr'>subrue,</span> <span class='ocrx_word' id='word_1_31' title='bbox 273 580 327 640; x_wconf 90' lang='lat' dir='ltr'>sed</span> <span class='ocrx_word' id='word_1_32' title='bbox 350 598 414 640; x_wconf 91' lang='lat' dir='ltr'>reru</span> <span class='ocrx_word' id='word_1_33' title='bbox 436 599 571 658; x_wconf 80' lang='lat' dir='ltr'>suornm,</span> <span class='ocrx_word' id='word_1_34' title='bbox 593 589 743 642; x_wconf 85' lang='lat' dir='ltr'>seoretum</span> <span class='ocrx_word' id='word_1_35' title='bbox 773 587 802 640; x_wconf 92' lang='lat' dir='ltr'>et</span> <span class='ocrx_word' id='word_1_36' title='bbox 824 576 988 642; x_wconf 84' lang='lat' dir='ltr'>ebseondi·</span> 
     </span>
    </p>
   </div>
   <div class='ocr_carea' id='block_1_4' title="bbox 1 660 991 829">
    <p class='ocr_par' dir='ltr' id='par_1_4' title="bbox 1 660 991 829">
     <span class='ocr_line' id='line_1_6' title="bbox 1 660 991 728; baseline -0.003 -5"><span class='ocrx_word' id='word_1_37' title='bbox 1 669 2 696; x_wconf 67' lang='lat' dir='ltr'>l</span> <span class='ocrx_word' id='word_1_38' title='bbox 70 669 134 724; x_wconf 84' lang='lat' dir='ltr'>tum.</span> <span class='ocrx_word' id='word_1_39' title='bbox 178 660 232 721; x_wconf 82' lang='lat' dir='ltr'>Sin</span> <span class='ocrx_word' id='word_1_40' title='bbox 253 662 364 723; x_wconf 80' lang='lat' dir='ltr'>Paulus</span> <span class='ocrx_word' id='word_1_41' title='bbox 393 662 415 724; x_wconf 91' lang='lat'>1.</span> <span class='ocrx_word' id='word_1_42' title='bbox 439 663 573 728; x_wconf 76' lang='lat' dir='ltr'>Corinth.</span> <span class='ocrx_word' id='word_1_43' title='bbox 598 667 634 728; x_wconf 79' lang='lat' dir='ltr'>d:</span> <span class='ocrx_word' id='word_1_44' title='bbox 671 664 722 726; x_wconf 83' lang='lat' dir='ltr'>sio</span> <span class='ocrx_word' id='word_1_45' title='bbox 750 683 807 724; x_wconf 91' lang='lat' dir='ltr'>nos</span> <span class='ocrx_word' id='word_1_46' title='bbox 836 663 991 724; x_wconf 87' lang='lat' dir='ltr'>existimet</span> 
     </span>
     <span class='ocr_line' id='line_1_7' title="bbox 1 745 989 829; baseline 0 -23"><span class='ocrx_word' id='word_1_47' title='bbox 1 793 2 818; x_wconf 75' lang='lat'>,</span> <span class='ocrx_word' id='word_1_48' title='bbox 69 745 166 822; x_wconf 90' lang='lat' dir='ltr'>homo,</span> <span class='ocrx_word' id='word_1_49' title='bbox 190 752 224 804; x_wconf 91' lang='lat' dir='ltr'>ut</span> <span class='ocrx_word' id='word_1_50' title='bbox 246 747 399 806; x_wconf 88' lang='lat' dir='ltr'>ministros</span> <span class='ocrx_word' id='word_1_51' title='bbox 422 747 532 809; x_wconf 76' lang='lat' dir='ltr'>Christi</span> <span class='ocrx_word' id='word_1_52' title='bbox 554 754 585 809; x_wconf 86' lang='lat' dir='ltr'>et</span> <span class='ocrx_word' id='word_1_53' title='bbox 606 749 834 829; x_wconf 73' lang='lat' dir='ltr'>dispensatores</span> <span class='ocrx_word' id='word_1_54' title='bbox 857 747 989 806; x_wconf 88' lang='lat' dir='ltr'>ministe-</span> 
     </span>
    </p>
   </div>
   <div class='ocr_carea' id='block_1_5' title="bbox 69 827 990 995">
    <p class='ocr_par' dir='ltr' id='par_1_5' title="bbox 69 827 990 995">
     <span class='ocr_line' id='line_1_8' title="bbox 70 827 989 904; baseline -0.001 -16"><span class='ocrx_word' id='word_1_55' title='bbox 70 829 174 888; x_wconf 83' lang='lat' dir='ltr'>riorum</span> <span class='ocrx_word' id='word_1_56' title='bbox 198 827 272 904; x_wconf 89' lang='lat' dir='ltr'>Dei,</span> <span class='ocrx_word' id='word_1_57' title='bbox 302 828 332 890; x_wconf 92' lang='lat' dir='ltr'>id</span> <span class='ocrx_word' id='word_1_58' title='bbox 355 835 411 904; x_wconf 86' lang='lat' dir='ltr'>est,</span> <span class='ocrx_word' id='word_1_59' title='bbox 434 837 704 894; x_wconf 73' lang='lat' dir='ltr'>armamentorum.</span> <span class='ocrx_word' id='word_1_60' title='bbox 747 829 805 892; x_wconf 88' lang='lat' dir='ltr'>Ubi</span> <span class='ocrx_word' id='word_1_61' title='bbox 829 829 909 889; x_wconf 85' lang='lat' dir='ltr'>enim</span> <span class='ocrx_word' id='word_1_62' title='bbox 932 845 989 888; x_wconf 87' lang='lat' dir='ltr'>nos</span> 
     </span>
     <span class='ocr_line' id='line_1_9' title="bbox 69 909 990 995; baseline -0.001 -24"><span class='ocrx_word' id='word_1_63' title='bbox 69 909 211 971; x_wconf 76' lang='lat' dir='ltr'>babemus</span> <span class='ocrx_word' id='word_1_64' title='bbox 229 920 463 990; x_wconf 79' lang='lat' dir='ltr'>ssorementum,</span> <span class='ocrx_word' id='word_1_65' title='bbox 485 915 515 974; x_wconf 90' lang='lat' dir='ltr'>in</span> <span class='ocrx_word' id='word_1_66' title='bbox 539 933 652 994; x_wconf 85' lang='lat' dir='ltr'>greeoo</span> <span class='ocrx_word' id='word_1_67' title='bbox 665 914 841 995; x_wconf 75' lang='lat' dir='ltr'>mysterium</span> <span class='ocrx_word' id='word_1_68' title='bbox 857 913 990 992; x_wconf 90' lang='lat' dir='ltr'>ponitur,</span> 
     </span>
    </p>
   </div>
   <div class='ocr_carea' id='block_1_6' title="bbox 1 992 992 1327">
    <p class='ocr_par' dir='ltr' id='par_1_6' title="bbox 1 992 992 1327">
     <span class='ocr_line' id='line_1_10' title="bbox 1 992 992 1077; baseline 0.002 -25"><span class='ocrx_word' id='word_1_69' title='bbox 1 1003 2 1071; x_wconf 64' lang='lat' dir='ltr'><strong>j</strong></span> <span class='ocrx_word' id='word_1_70' title='bbox 69 992 142 1073; x_wconf 89' lang='lat' dir='ltr'>quod</span> <span class='ocrx_word' id='word_1_71' title='bbox 166 993 334 1073; x_wconf 76' lang='lat' dir='ltr'>uliquendo</span> <span class='ocrx_word' id='word_1_72' title='bbox 346 997 490 1056; x_wconf 79' lang='lat' dir='ltr'>transfert</span> <span class='ocrx_word' id='word_1_73' title='bbox 505 999 665 1077; x_wconf 83' lang='lat' dir='ltr'>interpres,</span> <span class='ocrx_word' id='word_1_74' title='bbox 688 996 853 1077; x_wconf 84' lang='lat' dir='ltr'>uliquendo</span> <span class='ocrx_word' id='word_1_75' title='bbox 869 994 992 1054; x_wconf 84' lang='lat' dir='ltr'>dimittit</span> 
     </span>
     <span class='ocr_line' id='line_1_11' title="bbox 2 1078 991 1161; baseline 0.003 -25"><span class='ocrx_word' id='word_1_76' title='bbox 2 1099 6 1148; x_wconf 72' lang='grc' dir='ltr'>ς</span> <span class='ocrx_word' id='word_1_77' title='bbox 69 1094 206 1156; x_wconf 82' lang='lat' dir='ltr'>grueonm</span> <span class='ocrx_word' id='word_1_78' title='bbox 238 1096 363 1156; x_wconf 86' lang='lat' dir='ltr'>vooem,</span> <span class='ocrx_word' id='word_1_79' title='bbox 398 1078 477 1140; x_wconf 89' lang='lat' dir='ltr'>unde</span> <span class='ocrx_word' id='word_1_80' title='bbox 516 1089 546 1140; x_wconf 89' lang='lat' dir='ltr'>et</span> <span class='ocrx_word' id='word_1_81' title='bbox 579 1082 629 1141; x_wconf 89' lang='lat' dir='ltr'>bio</span> <span class='ocrx_word' id='word_1_82' title='bbox 658 1082 688 1142; x_wconf 91' lang='lat' dir='ltr'>in</span> <span class='ocrx_word' id='word_1_83' title='bbox 723 1097 836 1161; x_wconf 83' lang='lat' dir='ltr'>grneoo</span> <span class='ocrx_word' id='word_1_84' title='bbox 866 1078 991 1139; x_wconf 85' lang='lat' dir='ltr'>dieitur:</span> 
     </span>
     <span class='ocr_line' id='line_1_12' title="bbox 2 1159 989 1253; baseline 0.001 -35"><span class='ocrx_word' id='word_1_85' title='bbox 2 1180 6 1253; x_wconf 49' lang='grc' dir='ltr'>ᾗ</span> <span class='ocrx_word' id='word_1_86' title='bbox 70 1159 159 1219; x_wconf 74' lang='lat' dir='ltr'>Erunt</span> <span class='ocrx_word' id='word_1_87' title='bbox 182 1159 245 1220; x_wconf 91' lang='lat' dir='ltr'>duo</span> <span class='ocrx_word' id='word_1_88' title='bbox 267 1162 298 1220; x_wconf 92' lang='lat' dir='ltr'>in</span> <span class='ocrx_word' id='word_1_89' title='bbox 321 1179 412 1222; x_wconf 86' lang='lat' dir='ltr'>osrne</span> <span class='ocrx_word' id='word_1_90' title='bbox 442 1183 520 1243; x_wconf 80' lang='lat' dir='ltr'>uns,</span> <span class='ocrx_word' id='word_1_91' title='bbox 549 1165 723 1245; x_wconf 85' lang='lat' dir='ltr'>mysterium</span> <span class='ocrx_word' id='word_1_92' title='bbox 756 1162 817 1222; x_wconf 88' lang='lat' dir='ltr'>boo</span> <span class='ocrx_word' id='word_1_93' title='bbox 845 1177 989 1240; x_wconf 77' lang='lat' dir='ltr'>magnum</span> 
     </span>
     <span class='ocr_line' id='line_1_13' title="bbox 2 1241 992 1327; baseline 0 -25"><span class='ocrx_word' id='word_1_94' title='bbox 2 1301 5 1327; x_wconf 57' lang='grc' dir='ltr'>Ι</span> <span class='ocrx_word' id='word_1_95' title='bbox 69 1250 117 1304; x_wconf 87' lang='lat' dir='ltr'>est.</span> <span class='ocrx_word' id='word_1_96' title='bbox 162 1241 252 1317; x_wconf 81' lang='lat' dir='ltr'>Qune</span> <span class='ocrx_word' id='word_1_97' title='bbox 275 1263 324 1304; x_wconf 91' lang='lat' dir='ltr'>res</span> <span class='ocrx_word' id='word_1_98' title='bbox 345 1244 402 1305; x_wconf 87' lang='lat' dir='ltr'>luit</span> <span class='ocrx_word' id='word_1_99' title='bbox 421 1248 562 1326; x_wconf 83' lang='lat' dir='ltr'>oooesio,</span> <span class='ocrx_word' id='word_1_100' title='bbox 589 1254 624 1308; x_wconf 93' lang='lat' dir='ltr'>ut</span> <span class='ocrx_word' id='word_1_101' title='bbox 645 1251 868 1308; x_wconf 77' lang='lat' dir='ltr'>sacramentum</span> <span class='ocrx_word' id='word_1_102' title='bbox 893 1261 992 1303; x_wconf 84' lang='lat' dir='ltr'>noves</span> 
     </span>
    </p>
   </div>
   <div class='ocr_carea' id='block_1_7' title="bbox 70 1325 991 1409">
    <p class='ocr_par' dir='ltr' id='par_1_7' title="bbox 70 1325 991 1409">
     <span class='ocr_line' id='line_1_14' title="bbox 70 1325 991 1409; baseline 0.001 -25"><span class='ocrx_word' id='word_1_103' title='bbox 70 1325 138 1404; x_wconf 77' lang='lat' dir='ltr'>legis</span> <span class='ocrx_word' id='word_1_104' title='bbox 163 1326 373 1408; x_wconf 79' lang='lat' dir='ltr'>intelligerent</span> <span class='ocrx_word' id='word_1_105' title='bbox 393 1328 485 1409; x_wconf 83' lang='lat' dir='ltr'>longe</span> <span class='ocrx_word' id='word_1_106' title='bbox 507 1329 588 1390; x_wconf 85' lang='lat' dir='ltr'>eliud</span> <span class='ocrx_word' id='word_1_107' title='bbox 610 1330 735 1405; x_wconf 79' lang='lat' dir='ltr'>lecturi,</span> <span class='ocrx_word' id='word_1_108' title='bbox 765 1329 790 1389; x_wconf 87' lang='lat' dir='ltr'>si</span> <span class='ocrx_word' id='word_1_109' title='bbox 814 1327 991 1409; x_wconf 80' lang='lat' dir='ltr'>mysterium</span> 
     </span>
    </p>
   </div>
   <div class='ocr_carea' id='block_1_8' title="bbox 3 1408 580 1490">
    <p class='ocr_par' dir='ltr' id='par_1_8' title="bbox 3 1408 580 1490">
     <span class='ocr_line' id='line_1_15' title="bbox 3 1408 580 1490; baseline 0.01 -24"><span class='ocrx_word' id='word_1_110' title='bbox 3 1437 4 1452; x_wconf 33' lang='grc' dir='ltr'>π</span> <span class='ocrx_word' id='word_1_111' title='bbox 69 1408 223 1488; x_wconf 80' lang='lat' dir='ltr'>legissent,</span> <span class='ocrx_word' id='word_1_112' title='bbox 247 1411 330 1469; x_wconf 90' lang='lat' dir='ltr'>utin</span> <span class='ocrx_word' id='word_1_113' title='bbox 354 1429 466 1490; x_wconf 77' lang='lat' dir='ltr'>graeco</span> <span class='ocrx_word' id='word_1_114' title='bbox 491 1420 545 1473; x_wconf 91' lang='lat' dir='ltr'>est.</span> <span class='ocrx_word' id='word_1_115' title='bbox 575 1419 580 1428; x_wconf 91' lang='lat'>&#39;</span> 
     </span>
    </p>
   </div>
   <div class='ocr_carea' id='block_1_9' title="bbox 4 1739 313 1814">
    <p class='ocr_par' dir='ltr' id='par_1_9' title="bbox 4 1739 313 1814">
     <span class='ocr_line' id='line_1_16' title="bbox 4 1739 313 1814; baseline 0.016 -18"><span class='ocrx_word' id='word_1_116' title='bbox 4 1769 5 1773; x_wconf 62' lang='lat'><em>=</em></span> <span class='ocrx_word' id='word_1_117' title='bbox 70 1739 94 1798; x_wconf 91' lang='lat' dir='ltr'>in</span> <span class='ocrx_word' id='word_1_118' title='bbox 115 1757 222 1814; x_wconf 84' lang='lat' dir='ltr'>earne,</span> <span class='ocrx_word' id='word_1_119' title='bbox 244 1741 313 1801; x_wconf 89' lang='lat' dir='ltr'>iusti</span> 
     </span>
    </p>
   </div>
   <div class='ocr_carea' id='block_1_10' title="bbox 70 1489 993 1823">
    <p class='ocr_par' dir='ltr' id='par_1_10' title="bbox 70 1489 993 1823">
     <span class='ocr_line' id='line_1_17' title="bbox 142 1489 991 1592; baseline -0.001 -41"><span class='ocrx_word' id='word_1_120' title='bbox 142 1489 197 1551; x_wconf 80' lang='lat' dir='ltr'>sie</span> <span class='ocrx_word' id='word_1_121' title='bbox 219 1492 242 1554; x_wconf 91' lang='lat'>1.</span> <span class='ocrx_word' id='word_1_122' title='bbox 264 1492 397 1588; x_wconf 59' lang='lat' dir='ltr'>[timoth.</span> <span class='ocrx_word' id='word_1_123' title='bbox 419 1496 447 1559; x_wconf 86' lang='lat'>3.</span> <span class='ocrx_word' id='word_1_124' title='bbox 470 1494 623 1592; x_wconf 79' lang='lat' dir='ltr'>Christum</span> <span class='ocrx_word' id='word_1_125' title='bbox 643 1495 744 1575; x_wconf 86' lang='lat' dir='ltr'>ipsum</span> <span class='ocrx_word' id='word_1_126' title='bbox 773 1495 865 1553; x_wconf 81' lang='lat' dir='ltr'>voout</span> <span class='ocrx_word' id='word_1_127' title='bbox 891 1508 991 1550; x_wconf 83' lang='lat' dir='ltr'>suoru·</span> 
     </span>
     <span class='ocr_line' id='line_1_18' title="bbox 70 1575 993 1739; baseline 0 -25"><span class='ocrx_word' id='word_1_128' title='bbox 70 1575 993 1739; x_wconf 56' lang='lat' dir='ltr'>llll?tltttltmtttlttt“tlltntttlzt</span> 
     </span>
     <span class='ocr_line' id='line_1_19' title="bbox 315 1677 990 1823; baseline -0.007 -23"><span class='ocrx_word' id='word_1_129' title='bbox 315 1677 437 1801; x_wconf 58' lang='lat' dir='ltr'>byostmn</span> <span class='ocrx_word' id='word_1_130' title='bbox 460 1744 547 1802; x_wconf 86' lang='lat' dir='ltr'>estin</span> <span class='ocrx_word' id='word_1_131' title='bbox 560 1743 675 1823; x_wconf 87' lang='lat' dir='ltr'>spiritu,</span> <span class='ocrx_word' id='word_1_132' title='bbox 700 1741 842 1823; x_wconf 80' lang='lat' dir='ltr'>apperuit</span> <span class='ocrx_word' id='word_1_133' title='bbox 863 1738 990 1817; x_wconf 76' lang='lat' dir='ltr'>angelis,</span> 
     </span>
    </p>
   </div>
   <div class='ocr_carea' id='block_1_11' title="bbox 2 1820 991 2134">
    <p class='ocr_par' dir='ltr' id='par_1_11' title="bbox 2 1820 991 2134">
     <span class='ocr_line' id='line_1_20' title="bbox 2 1820 991 1904; baseline 0 -24"><span class='ocrx_word' id='word_1_134' title='bbox 2 1855 4 1897; x_wconf 53' lang='lat'>,</span> <span class='ocrx_word' id='word_1_135' title='bbox 69 1821 274 1900; x_wconf 79' lang='lat' dir='ltr'>proedioutum</span> <span class='ocrx_word' id='word_1_136' title='bbox 298 1830 345 1882; x_wconf 87' lang='lat' dir='ltr'>est</span> <span class='ocrx_word' id='word_1_137' title='bbox 366 1823 523 1904; x_wconf 84' lang='lat' dir='ltr'>gentibus,</span> <span class='ocrx_word' id='word_1_138' title='bbox 551 1824 698 1886; x_wconf 88' lang='lat' dir='ltr'>oreditum</span> <span class='ocrx_word' id='word_1_139' title='bbox 721 1831 769 1884; x_wconf 88' lang='lat' dir='ltr'>est</span> <span class='ocrx_word' id='word_1_140' title='bbox 790 1820 920 1896; x_wconf 90' lang='lat' dir='ltr'>mundo,</span> <span class='ocrx_word' id='word_1_141' title='bbox 945 1839 991 1880; x_wconf 84' lang='lat' dir='ltr'>us·</span> 
     </span>
     <span class='ocr_line' id='line_1_21' title="bbox 2 1905 991 1991; baseline -0.001 -28"><span class='ocrx_word' id='word_1_142' title='bbox 2 1912 3 1991; x_wconf 77' lang='lat'><em>]</em></span> <span class='ocrx_word' id='word_1_143' title='bbox 69 1911 221 1983; x_wconf 87' lang='lat' dir='ltr'>sumptum</span> <span class='ocrx_word' id='word_1_144' title='bbox 245 1907 330 1965; x_wconf 88' lang='lat' dir='ltr'>estin</span> <span class='ocrx_word' id='word_1_145' title='bbox 354 1906 460 1986; x_wconf 83' lang='lat' dir='ltr'>glorie.</span> <span class='ocrx_word' id='word_1_146' title='bbox 490 1905 551 1968; x_wconf 79' lang='lat' dir='ltr'>Gur</span> <span class='ocrx_word' id='word_1_147' title='bbox 563 1927 625 1969; x_wconf 92' lang='lat' dir='ltr'>uon</span> <span class='ocrx_word' id='word_1_148' title='bbox 639 1915 669 1968; x_wconf 90' lang='lat' dir='ltr'>et</span> <span class='ocrx_word' id='word_1_149' title='bbox 681 1908 751 1968; x_wconf 90' lang='lat' dir='ltr'>hino</span> <span class='ocrx_word' id='word_1_150' title='bbox 773 1914 914 1966; x_wconf 85' lang='lat' dir='ltr'>ootnvum</span> <span class='ocrx_word' id='word_1_151' title='bbox 939 1919 991 1963; x_wconf 91' lang='lat' dir='ltr'>no·</span> 
     </span>
     <span class='ocr_line' id='line_1_22' title="bbox 2 1985 990 2069; baseline -0.002 -23"><span class='ocrx_word' id='word_1_152' title='bbox 2 1998 3 2003; x_wconf 76' lang='grc'>’</span> <span class='ocrx_word' id='word_1_153' title='bbox 70 2005 120 2047; x_wconf 83' lang='lat' dir='ltr'>ree</span> <span class='ocrx_word' id='word_1_154' title='bbox 142 1987 224 2066; x_wconf 87' lang='lat' dir='ltr'>legis</span> <span class='ocrx_word' id='word_1_155' title='bbox 245 1987 409 2050; x_wconf 78' lang='lat' dir='ltr'>hauserunt</span> <span class='ocrx_word' id='word_1_156' title='bbox 428 1999 668 2069; x_wconf 75' lang='lat' dir='ltr'>sacromentum,</span> <span class='ocrx_word' id='word_1_157' title='bbox 697 2009 765 2051; x_wconf 89' lang='lat' dir='ltr'>oum</span> <span class='ocrx_word' id='word_1_158' title='bbox 792 1995 854 2050; x_wconf 82' lang='lat' dir='ltr'>turn</span> <span class='ocrx_word' id='word_1_159' title='bbox 877 1985 990 2047; x_wconf 86' lang='lat' dir='ltr'>olsrnm</span> 
     </span>
     <span class='ocr_line' id='line_1_23' title="bbox 2 2068 990 2134; baseline -0.001 -6"><span class='ocrx_word' id='word_1_160' title='bbox 2 2074 3 2107; x_wconf 50' lang='lat' dir='ltr'>l</span> <span class='ocrx_word' id='word_1_161' title='bbox 70 2068 217 2130; x_wconf 82' lang='lat' dir='ltr'>heberent</span> <span class='ocrx_word' id='word_1_162' title='bbox 238 2073 431 2133; x_wconf 84' lang='lat' dir='ltr'>sutoriteteru</span> <span class='ocrx_word' id='word_1_163' title='bbox 455 2073 562 2134; x_wconf 76' lang='lat' dir='ltr'>Pauli?</span> <span class='ocrx_word' id='word_1_164' title='bbox 593 2076 654 2134; x_wconf 88' lang='lat' dir='ltr'>Aut</span> <span class='ocrx_word' id='word_1_165' title='bbox 675 2074 699 2132; x_wconf 90' lang='lat' dir='ltr'>si</span> <span class='ocrx_word' id='word_1_166' title='bbox 714 2073 763 2132; x_wconf 87' lang='lat' dir='ltr'>bie</span> <span class='ocrx_word' id='word_1_167' title='bbox 784 2091 817 2131; x_wconf 88' lang='lat' dir='ltr'>se</span> <span class='ocrx_word' id='word_1_168' title='bbox 835 2071 990 2130; x_wconf 80' lang='lat' dir='ltr'>continue·</span> 
     </span>
    </p>
   </div>
   <div class='ocr_carea' id='block_1_12' title="bbox 68 2151 992 2814">
    <p class='ocr_par' dir='ltr' id='par_1_12' title="bbox 68 2151 992 2814">
     <span class='ocr_line' id='line_1_24' title="bbox 69 2151 990 2234; baseline -0.001 -24"><span class='ocrx_word' id='word_1_169' title='bbox 69 2159 148 2226; x_wconf 82' lang='lat' dir='ltr'>runt,</span> <span class='ocrx_word' id='word_1_170' title='bbox 171 2153 226 2212; x_wconf 89' lang='lat' dir='ltr'>ubi</span> <span class='ocrx_word' id='word_1_171' title='bbox 249 2157 508 2233; x_wconf 87' lang='lat' dir='ltr'>opportunissime</span> <span class='ocrx_word' id='word_1_172' title='bbox 530 2161 695 2234; x_wconf 87' lang='lat' dir='ltr'>potuerunt</span> <span class='ocrx_word' id='word_1_173' title='bbox 721 2153 839 2234; x_wconf 86' lang='lat' dir='ltr'>eopiosi</span> <span class='ocrx_word' id='word_1_174' title='bbox 871 2171 939 2212; x_wconf 86' lang='lat' dir='ltr'>esse</span> <span class='ocrx_word' id='word_1_175' title='bbox 959 2151 990 2210; x_wconf 93' lang='lat' dir='ltr'>in</span> 
     </span>
     <span class='ocr_line' id='line_1_25' title="bbox 69 2234 992 2315; baseline 0 -22"><span class='ocrx_word' id='word_1_176' title='bbox 69 2235 265 2295; x_wconf 73' lang='lat' dir='ltr'>sacrementis</span> <span class='ocrx_word' id='word_1_177' title='bbox 287 2236 494 2315; x_wconf 84' lang='lat' dir='ltr'>inveniendis,</span> <span class='ocrx_word' id='word_1_178' title='bbox 517 2257 571 2299; x_wconf 88' lang='lat' dir='ltr'>our</span> <span class='ocrx_word' id='word_1_179' title='bbox 592 2239 655 2298; x_wconf 89' lang='lat' dir='ltr'>illio</span> <span class='ocrx_word' id='word_1_180' title='bbox 675 2240 718 2298; x_wconf 82' lang='lat' dir='ltr'>ite</span> <span class='ocrx_word' id='word_1_181' title='bbox 741 2234 913 2298; x_wconf 79' lang='lat' dir='ltr'>luxurient?</span> <span class='ocrx_word' id='word_1_182' title='bbox 935 2234 992 2294; x_wconf 85' lang='lat' dir='ltr'>soi·</span> 
     </span>
     <span class='ocr_line' id='line_1_26' title="bbox 69 2315 992 2401; baseline -0.001 -25"><span class='ocrx_word' id='word_1_183' title='bbox 69 2317 132 2378; x_wconf 87' lang='lat' dir='ltr'>lieet</span> <span class='ocrx_word' id='word_1_184' title='bbox 154 2319 332 2398; x_wconf 80' lang='lat' dir='ltr'>ignorantie</span> <span class='ocrx_word' id='word_1_185' title='bbox 354 2328 415 2380; x_wconf 81' lang='lat' dir='ltr'>tum</span> <span class='ocrx_word' id='word_1_186' title='bbox 439 2341 553 2398; x_wconf 88' lang='lat' dir='ltr'>rerum,</span> <span class='ocrx_word' id='word_1_187' title='bbox 576 2340 668 2401; x_wconf 83' lang='lat' dir='ltr'>quum</span> <span class='ocrx_word' id='word_1_188' title='bbox 690 2319 851 2380; x_wconf 82' lang='lat' dir='ltr'>verborum</span> <span class='ocrx_word' id='word_1_189' title='bbox 874 2335 929 2378; x_wconf 89' lang='lat' dir='ltr'>eos</span> <span class='ocrx_word' id='word_1_190' title='bbox 951 2315 992 2376; x_wconf 82' lang='lat' dir='ltr'>le·</span> 
     </span>
     <span class='ocr_line' id='line_1_27' title="bbox 68 2398 991 2482; baseline -0.001 -24"><span class='ocrx_word' id='word_1_191' title='bbox 68 2399 146 2479; x_wconf 86' lang='lat' dir='ltr'>iellit,</span> <span class='ocrx_word' id='word_1_192' title='bbox 169 2402 275 2480; x_wconf 91' lang='lat' dir='ltr'>quiin</span> <span class='ocrx_word' id='word_1_193' title='bbox 299 2402 367 2462; x_wconf 90' lang='lat' dir='ltr'>solo</span> <span class='ocrx_word' id='word_1_194' title='bbox 394 2403 557 2465; x_wconf 84' lang='lat' dir='ltr'>verborum</span> <span class='ocrx_word' id='word_1_195' title='bbox 579 2422 674 2478; x_wconf 88' lang='lat' dir='ltr'>sono,</span> <span class='ocrx_word' id='word_1_196' title='bbox 703 2405 766 2464; x_wconf 90' lang='lat' dir='ltr'>imo</span> <span class='ocrx_word' id='word_1_197' title='bbox 796 2398 991 2482; x_wconf 86' lang='lat' dir='ltr'>opinionibus</span> 
     </span>
     <span class='ocr_line' id='line_1_28' title="bbox 70 2482 990 2561; baseline 0 -21"><span class='ocrx_word' id='word_1_198' title='bbox 70 2483 125 2542; x_wconf 82' lang='lat' dir='ltr'>suis</span> <span class='ocrx_word' id='word_1_199' title='bbox 148 2482 323 2544; x_wconf 75' lang='lat' dir='ltr'>haeserunt</span> <span class='ocrx_word' id='word_1_200' title='bbox 368 2485 444 2547; x_wconf 82' lang='lat' dir='ltr'>Onm</span> <span class='ocrx_word' id='word_1_201' title='bbox 468 2488 548 2547; x_wconf 89' lang='lat' dir='ltr'>enim</span> <span class='ocrx_word' id='word_1_202' title='bbox 571 2485 666 2547; x_wconf 86' lang='lat' dir='ltr'>semel</span> <span class='ocrx_word' id='word_1_203' title='bbox 688 2491 910 2546; x_wconf 75' lang='lat' dir='ltr'>sacromentum</span> <span class='ocrx_word' id='word_1_204' title='bbox 935 2499 990 2561; x_wconf 93' lang='lat' dir='ltr'>pro</span> 
     </span>
     <span class='ocr_line' id='line_1_29' title="bbox 71 2563 992 2647; baseline -0.001 -24"><span class='ocrx_word' id='word_1_205' title='bbox 71 2567 153 2644; x_wconf 82' lang='lat' dir='ltr'>signo</span> <span class='ocrx_word' id='word_1_206' title='bbox 178 2568 372 2646; x_wconf 84' lang='lat' dir='ltr'>nooepissent</span> <span class='ocrx_word' id='word_1_207' title='bbox 392 2567 529 2631; x_wconf 82' lang='lat' dir='ltr'>humano</span> <span class='ocrx_word' id='word_1_208' title='bbox 550 2568 691 2647; x_wconf 79' lang='lat' dir='ltr'>arbitrio,</span> <span class='ocrx_word' id='word_1_209' title='bbox 720 2585 793 2628; x_wconf 84' lang='lat' dir='ltr'>mox</span> <span class='ocrx_word' id='word_1_210' title='bbox 821 2567 887 2626; x_wconf 90' lang='lat' dir='ltr'>sine</span> <span class='ocrx_word' id='word_1_211' title='bbox 909 2563 992 2626; x_wconf 91' lang='lat' dir='ltr'>omni</span> 
     </span>
     <span class='ocr_line' id='line_1_30' title="bbox 71 2647 992 2732; baseline 0 -26"><span class='ocrx_word' id='word_1_212' title='bbox 71 2647 178 2708; x_wconf 89' lang='lat' dir='ltr'>iudioio</span> <span class='ocrx_word' id='word_1_213' title='bbox 202 2654 234 2708; x_wconf 91' lang='lat' dir='ltr'>et</span> <span class='ocrx_word' id='word_1_214' title='bbox 254 2648 397 2728; x_wconf 87' lang='lat' dir='ltr'>serupulo</span> <span class='ocrx_word' id='word_1_215' title='bbox 420 2651 540 2732; x_wconf 87' lang='lat' dir='ltr'>signum</span> <span class='ocrx_word' id='word_1_216' title='bbox 563 2669 663 2712; x_wconf 88' lang='lat' dir='ltr'>exeo</span> <span class='ocrx_word' id='word_1_217' title='bbox 685 2650 837 2728; x_wconf 86' lang='lat' dir='ltr'>ieoerunt,</span> <span class='ocrx_word' id='word_1_218' title='bbox 868 2647 992 2708; x_wconf 83' lang='lat' dir='ltr'>ubieun-</span> 
     </span>
     <span class='ocr_line' id='line_1_31' title="bbox 72 2730 992 2814; baseline -0.001 -25"><span class='ocrx_word' id='word_1_219' title='bbox 72 2733 176 2810; x_wconf 89' lang='lat' dir='ltr'>quein</span> <span class='ocrx_word' id='word_1_220' title='bbox 200 2731 296 2790; x_wconf 81' lang='lat' dir='ltr'>esuris</span> <span class='ocrx_word' id='word_1_221' title='bbox 318 2731 411 2792; x_wconf 87' lang='lat' dir='ltr'>literis</span> <span class='ocrx_word' id='word_1_222' title='bbox 433 2732 583 2814; x_wconf 80' lang='lat' dir='ltr'>legerunt.</span> <span class='ocrx_word' id='word_1_223' title='bbox 617 2733 731 2810; x_wconf 73' lang='lat' dir='ltr'>Quales</span> <span class='ocrx_word' id='word_1_224' title='bbox 755 2731 915 2793; x_wconf 85' lang='lat' dir='ltr'>verborum</span> <span class='ocrx_word' id='word_1_225' title='bbox 934 2730 992 2808; x_wconf 85' lang='lat' dir='ltr'>sig·</span> 
     </span>
    </p>
   </div>
   <div class='ocr_carea' id='block_1_13' title="bbox 3 2811 990 2878">
    <p class='ocr_par' dir='ltr' id='par_1_13' title="bbox 3 2811 990 2878">
     <span class='ocr_line' id='line_1_32' title="bbox 3 2811 990 2878; baseline 0.001 -7"><span class='ocrx_word' id='word_1_226' title='bbox 3 2811 4 2858; x_wconf 61' lang='grc' dir='ltr'>ἕ</span> <span class='ocrx_word' id='word_1_227' title='bbox 72 2812 261 2874; x_wconf 81' lang='lat' dir='ltr'>nilioutioues</span> <span class='ocrx_word' id='word_1_228' title='bbox 291 2820 322 2874; x_wconf 89' lang='lat' dir='ltr'>et</span> <span class='ocrx_word' id='word_1_229' title='bbox 349 2815 499 2876; x_wconf 76' lang='lat' dir='ltr'>humanus</span> <span class='ocrx_word' id='word_1_230' title='bbox 527 2815 764 2878; x_wconf 84' lang='lat' dir='ltr'>eonsuetudines</span> <span class='ocrx_word' id='word_1_231' title='bbox 792 2821 824 2874; x_wconf 89' lang='lat' dir='ltr'>et</span> <span class='ocrx_word' id='word_1_232' title='bbox 850 2812 927 2875; x_wconf 82' lang='lat' dir='ltr'>elius</span> <span class='ocrx_word' id='word_1_233' title='bbox 960 2813 990 2872; x_wconf 92' lang='lat' dir='ltr'>in</span> 
     </span>
    </p>
   </div>
   <div class='ocr_carea' id='block_1_14' title="bbox 72 2894 993 2978">
    <p class='ocr_par' dir='ltr' id='par_1_14' title="bbox 72 2894 993 2978">
     <span class='ocr_line' id='line_1_33' title="bbox 72 2894 993 2978; baseline 0.001 -25"><span class='ocrx_word' id='word_1_234' title='bbox 72 2896 168 2957; x_wconf 75' lang='lat' dir='ltr'>litores</span> <span class='ocrx_word' id='word_1_235' title='bbox 202 2915 308 2956; x_wconf 86' lang='lat' dir='ltr'>snorss</span> <span class='ocrx_word' id='word_1_236' title='bbox 340 2897 539 2976; x_wconf 82' lang='lat' dir='ltr'>invexerunt,</span> <span class='ocrx_word' id='word_1_237' title='bbox 574 2917 690 2978; x_wconf 78' lang='lat' dir='ltr'>eosque</span> <span class='ocrx_word' id='word_1_238' title='bbox 721 2899 751 2958; x_wconf 94' lang='lat' dir='ltr'>in</span> <span class='ocrx_word' id='word_1_239' title='bbox 784 2915 841 2957; x_wconf 85' lang='lat' dir='ltr'>sue</span> <span class='ocrx_word' id='word_1_240' title='bbox 872 2894 993 2956; x_wconf 80' lang='lat' dir='ltr'>somnis</span> 
     </span>
    </p>
   </div>
   <div class='ocr_carea' id='block_1_15' title="bbox 3 2979 992 3060">
    <p class='ocr_par' dir='ltr' id='par_1_15' title="bbox 3 2979 992 3060">
     <span class='ocr_line' id='line_1_34' title="bbox 3 2979 992 3060; baseline 0.003 -23"><span class='ocrx_word' id='word_1_241' title='bbox 3 3027 5 3052; x_wconf 77' lang='lat'>,</span> <span class='ocrx_word' id='word_1_242' title='bbox 73 2979 376 3056; x_wconf 73' lang='lat' dir='ltr'>transformaverunt,</span> <span class='ocrx_word' id='word_1_243' title='bbox 411 2981 570 3060; x_wconf 85' lang='lat' dir='ltr'>quodlibet</span> <span class='ocrx_word' id='word_1_244' title='bbox 598 2999 637 3040; x_wconf 84' lang='lat' dir='ltr'>ex</span> <span class='ocrx_word' id='word_1_245' title='bbox 667 2979 804 3060; x_wconf 87' lang='lat' dir='ltr'>quolibet</span> <span class='ocrx_word' id='word_1_246' title='bbox 835 2979 992 3040; x_wconf 82' lang='lat' dir='ltr'>lenientes.</span> 
     </span>
    </p>
   </div>
   <div class='ocr_carea' id='block_1_16' title="bbox 73 3059 993 3308">
    <p class='ocr_par' dir='ltr' id='par_1_16' title="bbox 73 3059 993 3308">
     <span class='ocr_line' id='line_1_35' title="bbox 73 3059 993 3143; baseline -0.002 -23"><span class='ocrx_word' id='word_1_247' title='bbox 73 3059 118 3120; x_wconf 82' lang='lat' dir='ltr'>die</span> <span class='ocrx_word' id='word_1_248' title='bbox 140 3069 288 3141; x_wconf 88' lang='lat' dir='ltr'>perpetuo</span> <span class='ocrx_word' id='word_1_249' title='bbox 311 3060 466 3142; x_wconf 86' lang='lat' dir='ltr'>desipiunt</span> <span class='ocrx_word' id='word_1_250' title='bbox 485 3065 516 3123; x_wconf 92' lang='lat' dir='ltr'>in</span> <span class='ocrx_word' id='word_1_251' title='bbox 538 3063 640 3124; x_wconf 82' lang='lat' dir='ltr'>verbis</span> <span class='ocrx_word' id='word_1_252' title='bbox 661 3063 738 3143; x_wconf 90' lang='lat' dir='ltr'>illis,</span> <span class='ocrx_word' id='word_1_253' title='bbox 767 3079 845 3141; x_wconf 87' lang='lat' dir='ltr'>opus</span> <span class='ocrx_word' id='word_1_254' title='bbox 867 3061 993 3136; x_wconf 89' lang='lat' dir='ltr'>bonum,</span> 
     </span>
     <span class='ocr_line' id='line_1_36' title="bbox 74 3141 993 3225; baseline 0 -23"><span class='ocrx_word' id='word_1_255' title='bbox 74 3161 146 3222; x_wconf 89' lang='lat' dir='ltr'>opus</span> <span class='ocrx_word' id='word_1_256' title='bbox 158 3144 282 3220; x_wconf 82' lang='lat' dir='ltr'>mulum,</span> <span class='ocrx_word' id='word_1_257' title='bbox 305 3155 478 3223; x_wconf 77' lang='lat' dir='ltr'>pennatum,</span> <span class='ocrx_word' id='word_1_258' title='bbox 499 3147 608 3225; x_wconf 78' lang='lat' dir='ltr'>gretie,</span> <span class='ocrx_word' id='word_1_259' title='bbox 620 3147 744 3224; x_wconf 82' lang='lat' dir='ltr'>iustitis,</span> <span class='ocrx_word' id='word_1_260' title='bbox 768 3147 872 3220; x_wconf 84' lang='lat' dir='ltr'>virtus,</span> <span class='ocrx_word' id='word_1_261' title='bbox 888 3151 919 3202; x_wconf 92' lang='lat' dir='ltr'>et</span> <span class='ocrx_word' id='word_1_262' title='bbox 930 3141 993 3202; x_wconf 82' lang='lat' dir='ltr'>iere</span> 
     </span>
     <span class='ocr_line' id='line_1_37' title="bbox 75 3224 993 3308; baseline -0.003 -23"><span class='ocrx_word' id='word_1_263' title='bbox 75 3225 217 3308; x_wconf 89' lang='lat' dir='ltr'>quidquid</span> <span class='ocrx_word' id='word_1_264' title='bbox 239 3234 286 3287; x_wconf 86' lang='lat' dir='ltr'>est</span> <span class='ocrx_word' id='word_1_265' title='bbox 306 3228 484 3308; x_wconf 78' lang='lat' dir='ltr'>mpitelium</span> <span class='ocrx_word' id='word_1_266' title='bbox 505 3247 605 3288; x_wconf 89' lang='lat' dir='ltr'>rerum</span> <span class='ocrx_word' id='word_1_267' title='bbox 627 3237 658 3288; x_wconf 90' lang='lat' dir='ltr'>et</span> <span class='ocrx_word' id='word_1_268' title='bbox 673 3228 846 3289; x_wconf 84' lang='lat' dir='ltr'>verborum.</span> <span class='ocrx_word' id='word_1_269' title='bbox 889 3224 993 3286; x_wconf 90' lang='lat' dir='ltr'>Omni·</span> 
     </span>
    </p>
   </div>
   <div class='ocr_carea' id='block_1_17' title="bbox 3 3305 993 3473">
    <p class='ocr_par' dir='ltr' id='par_1_17' title="bbox 3 3305 993 3473">
     <span class='ocr_line' id='line_1_38' title="bbox 3 3305 990 3383; baseline -0.008 -11"><span class='ocrx_word' id='word_1_270' title='bbox 3 3305 5 3372; x_wconf 72' lang='grc' dir='ltr'><em>ῗ</em></span> <span class='ocrx_word' id='word_1_271' title='bbox 75 3305 126 3366; x_wconf 83' lang='lat' dir='ltr'>bu·</span> <span class='ocrx_word' id='word_1_272' title='bbox 153 3311 233 3368; x_wconf 90' lang='lat' dir='ltr'>enim</span> <span class='ocrx_word' id='word_1_273' title='bbox 262 3309 311 3369; x_wconf 89' lang='lat' dir='ltr'>bis</span> <span class='ocrx_word' id='word_1_274' title='bbox 340 3317 465 3372; x_wconf 86' lang='lat' dir='ltr'>utuntur</span> <span class='ocrx_word' id='word_1_275' title='bbox 493 3329 550 3370; x_wconf 84' lang='lat' dir='ltr'>suo</span> <span class='ocrx_word' id='word_1_276' title='bbox 583 3309 725 3383; x_wconf 75' lang='lat' dir='ltr'>arbitrio,</span> <span class='ocrx_word' id='word_1_277' title='bbox 764 3329 804 3370; x_wconf 86' lang='lat' dir='ltr'>ex</span> <span class='ocrx_word' id='word_1_278' title='bbox 835 3305 990 3369; x_wconf 90' lang='lat' dir='ltr'>hominurn</span> 
     </span>
     <span class='ocr_line' id='line_1_39' title="bbox 3 3383 993 3473; baseline -0.003 -23"><span class='ocrx_word' id='word_1_279' title='bbox 3 3383 4 3446; x_wconf 67' lang='grc' dir='ltr'>ἶ</span> <span class='ocrx_word' id='word_1_280' title='bbox 76 3391 188 3469; x_wconf 82' lang='lat' dir='ltr'>seriptis</span> <span class='ocrx_word' id='word_1_281' title='bbox 210 3401 385 3472; x_wconf 79' lang='lat' dir='ltr'>resumpto,</span> <span class='ocrx_word' id='word_1_282' title='bbox 415 3395 446 3453; x_wconf 87' lang='lat' dir='ltr'>in</span> <span class='ocrx_word' id='word_1_283' title='bbox 474 3394 640 3473; x_wconf 85' lang='lat' dir='ltr'>pernieiem</span> <span class='ocrx_word' id='word_1_284' title='bbox 662 3401 694 3452; x_wconf 87' lang='lat' dir='ltr'>et</span> <span class='ocrx_word' id='word_1_285' title='bbox 713 3391 849 3453; x_wconf 71' lang='lat' dir='ltr'>veritatis</span> <span class='ocrx_word' id='word_1_286' title='bbox 877 3387 932 3449; x_wconf 89' lang='lat' dir='ltr'>Dei</span> <span class='ocrx_word' id='word_1_287' title='bbox 962 3393 993 3448; x_wconf 91' lang='lat' dir='ltr'>et</span> 
     </span>
    </p>
   </div>
   <div class='ocr_carea' id='block_1_18' title="bbox 77 3471 992 3722">
    <p class='ocr_par' dir='ltr' id='par_1_18' title="bbox 77 3471 992 3722">
     <span class='ocr_line' id='line_1_40' title="bbox 77 3471 330 3534; baseline 0.008 -2"><span class='ocrx_word' id='word_1_288' title='bbox 77 3471 175 3534; x_wconf 68' lang='lat' dir='ltr'>salutis</span> <span class='ocrx_word' id='word_1_289' title='bbox 196 3483 330 3534; x_wconf 76' lang='lat' dir='ltr'>nostrae.</span> 
     </span>
     <span class='ocr_line' id='line_1_41' title="bbox 152 3551 991 3636; baseline -0.007 -20"><span class='ocrx_word' id='word_1_290' title='bbox 152 3556 247 3636; x_wconf 78' lang='lat' dir='ltr'>igitur</span> <span class='ocrx_word' id='word_1_291' title='bbox 266 3563 491 3618; x_wconf 77' lang='lat' dir='ltr'>suerumentunr</span> <span class='ocrx_word' id='word_1_292' title='bbox 513 3561 546 3617; x_wconf 86' lang='lat' dir='ltr'>et</span> <span class='ocrx_word' id='word_1_293' title='bbox 566 3556 741 3636; x_wconf 76' lang='lat' dir='ltr'>mysterium</span> <span class='ocrx_word' id='word_1_294' title='bbox 763 3553 844 3634; x_wconf 86' lang='lat' dir='ltr'>upud</span> <span class='ocrx_word' id='word_1_295' title='bbox 865 3551 991 3612; x_wconf 87' lang='lat' dir='ltr'>Puulum</span> 
     </span>
     <span class='ocr_line' id='line_1_42' title="bbox 79 3633 992 3722; baseline -0.007 -24"><span class='ocrx_word' id='word_1_296' title='bbox 79 3643 123 3699; x_wconf 84' lang='lat' dir='ltr'>est</span> <span class='ocrx_word' id='word_1_297' title='bbox 139 3640 207 3718; x_wconf 76' lang='lat' dir='ltr'>ipss</span> <span class='ocrx_word' id='word_1_298' title='bbox 226 3640 379 3720; x_wconf 71' lang='lat' dir='ltr'>sepientis</span> <span class='ocrx_word' id='word_1_299' title='bbox 399 3640 539 3722; x_wconf 81' lang='lat' dir='ltr'>spiritus,</span> <span class='ocrx_word' id='word_1_300' title='bbox 567 3636 750 3701; x_wconf 80' lang='lat' dir='ltr'>nbseonditu</span> <span class='ocrx_word' id='word_1_301' title='bbox 777 3636 809 3696; x_wconf 86' lang='lat' dir='ltr'>in</span> <span class='ocrx_word' id='word_1_302' title='bbox 836 3633 992 3716; x_wconf 84' lang='lat' dir='ltr'>mysterio,</span> 
     </span>
    </p>
   </div>
   <div class='ocr_carea' id='block_1_19' title="bbox 0 0 1136 4008">
    <p class='ocr_par' dir='ltr' id='par_1_19' title="bbox 0 0 1136 4008">
     <span class='ocr_line' id='line_1_43' title="bbox 0 0 1136 4008; baseline 0 0"><span class='ocrx_word' id='word_1_303' title='bbox 0 0 1136 4008; x_wconf 95' lang='lat' dir='ltr'> </span> 
     </span>
    </p>
   </div>
  </div>
 </body>
</html>
