2262 4006
318 201 462 258 hmhrcsii
479 201 587 257 Gathar.
606 219 632 260 e.
651 203 731 260 tots.
870 149 877 166 x
926 199 988 268 335

65 357 129 436 val,
158 356 362 437 qaodmsgia
392 357 502 436 credo,
531 357 561 418 8.
589 355 726 418 Thomna
751 357 815 436 fuit,
838 361 888 436 qui
917 367 989 438 post

62 438 290 500 Universitates
313 440 502 520 approbatas
522 450 552 500 et
574 439 677 500 tubam
699 440 789 502 huius
815 441 917 521 angeli
939 442 988 502 vel

62 523 185 601 primus
207 521 255 585 rel
277 524 428 582 maximus
450 524 505 581 luit
529 522 818 584 autorinvelssndee
838 525 869 582 iu
882 525 988 586 orbem

61 603 272 665 Christianum
301 604 529 685 philosophiae,
560 605 645 666 solus
679 605 987 689 Aristotelicissimus,

59 705 102 747 ac
125 688 219 768 plane
242 687 422 747 Aristoteles
442 689 524 767 ipse,
547 689 577 746 in
599 705 689 767 quem
713 690 795 750 velut
822 690 852 748 in
878 698 987 750 terram
1047 733 1049 738 -

60 771 104 828 de
127 771 219 832 coelo
241 789 260 829 a
283 770 403 831 Christo
426 771 553 848 cecidit,
575 771 668 830 fretus
690 773 852 832 autoritate
874 773 987 853 impiis-

60 853 137 913 simi
158 854 240 912 illius
262 852 374 932 angeli,
395 854 544 913 eiusmodi
567 852 665 914 studia
688 853 855 934 probantis.

152 935 283 1015 Accepit
304 947 405 995 autem
429 936 546 995 clavem
569 936 651 1016 putei
681 936 785 1016 abyssi
808 944 839 996 et
859 942 987 1018 aperuit,
1019 939 1020 942 ’

61 1017 237 1098 eduxitque
258 1018 346 1078 nobis
369 1025 518 1078 mortuam
546 1018 722 1079 iamdudum
753 1038 790 1079 ac
812 1021 987 1082 damnatam

61 1119 123 1180 per
145 1101 331 1181 Apostolum
353 1101 596 1183 philosophiam,
623 1109 654 1162 et
681 1102 752 1162 inde
780 1105 919 1163 aseendit
945 1105 987 1164 lu·

61 1203 136 1242 mus
160 1186 246 1244 istius
268 1185 361 1263 putei,
383 1183 413 1243 id
443 1195 505 1260 est,
536 1203 619 1244 mera
645 1185 738 1244 verba
765 1194 795 1246 et
825 1188 987 1266 opiniones

61 1267 303 1328 Aristotelicas
331 1267 600 1347 philosophorum,
626 1270 706 1328 sicut
727 1269 826 1327 sumus
855 1271 988 1330 fornacis

62 1369 211 1429 magnae.
253 1349 385 1409 invaluit
411 1353 491 1410 enim
527 1356 558 1410 et
590 1350 650 1410 late
683 1358 794 1429 potens
829 1353 909 1411 laeta
941 1362 988 1414 est

62 1432 276 1511 philosophia,
299 1441 331 1491 nt
353 1432 475 1494 Christo
498 1433 694 1493 Aristotelem
717 1436 871 1513 aequarit,
894 1453 987 1514 quan·

62 1527 132 1573 tum
156 1515 410 1575 ad·autoritatem
433 1515 575 1576 attidem
597 1518 737 1596 pertinet.
780 1516 987 1579 Hincobsce·

61 1605 152 1657 ratus
175 1598 221 1657 sol
250 1595 402 1679 (iustitiae
433 1605 464 1659 et
485 1601 621 1659 veritatis
649 1599 802 1680 Christus,
835 1619 891 1679 pro
926 1600 987 1662 lide

61 1680 203 1740 inductis
226 1681 392 1741 moralibus
417 1681 586 1762 virtutibus,
608 1700 664 1761 pro
688 1684 815 1743 veritate
837 1684 986 1762 opinioni-

61 1763 124 1822 bus
147 1760 302 1844 inflnitis),
326 1772 355 1822 et
378 1782 430 1824 aer
452 1764 490 1824 de
511 1763 594 1825 inmo
617 1767 718 1844 putei,
742 1773 773 1825 ut
801 1767 986 1845 intelligatur

61 1864 129 1906 non
154 1845 247 1906 fuisse
269 1846 343 1906 solis
366 1845 498 1927 eclipsis,
521 1846 575 1906 sed
597 1847 767 1908 obscuritas
789 1851 868 1908 aeris
885 1859 916 1908 et
936 1868 983 1909 so·

59 1927 115 2006 lis,
139 1947 156 1988 e
178 1927 262 1990 fumo
284 1928 391 1988 interni
423 1928 624 2009 ascendente,
659 1931 717 1991 hoc
751 1937 813 2010 est,
846 1932 985 1992 humanis

62 2011 215 2072 doctrinis
239 2009 390 2073 Christum
413 2019 444 2071 et
473 2012 563 2072 fidem
586 2015 651 2073 eius
679 2025 773 2092 (quae
805 2022 851 2073 est
876 2027 928 2074 aer
956 2024 986 2076 et

60 2092 209 2175 spiritus)
234 2092 476 2154 obscurantibus.
496 2121 501 2133 ·
520 2095 559 2154 Et
580 2115 621 2156 ex
646 2097 730 2156 fumo
753 2097 834 2176 putei
847 2100 987 2160 exierunt

62 2177 209 2238 locustae
231 2177 261 2235 in
283 2185 403 2238 terram.
446 2177 503 2237 Hic
525 2185 571 2237 est
593 2179 725 2258 populus
739 2179 986 2258 Universitatnm,

62 2279 81 2318 e
107 2259 305 2338 philosophis
326 2268 425 2337 natus,
447 2261 606 2340 aptissimo
628 2263 753 2321 nomine
776 2262 913 2324 locustas
934 2283 984 2324 vo·

62 2353 166 2423 catus,
188 2341 270 2421 quod
293 2343 359 2402 sinc
379 2361 453 2421 rege
476 2342 634 2426 (Christo)
659 2346 699 2404 sit
718 2351 748 2404 et
766 2347 917 2406 turmatim
931 2365 983 2408 vo·

63 2427 118 2503 let,
142 2433 175 2484 ut
197 2425 340 2487 Proverb.
356 2427 384 2489 3.
407 2425 494 2486 dicit:
518 2425 635 2486 Deinde
657 2435 778 2487 vastant
801 2435 832 2488 et
853 2437 985 2490 exurunt

62 2509 171 2568 omnia
194 2508 332 2586 virentia,
355 2525 415 2586 qua
444 2517 531 2589 parte
553 2509 762 2588 consederint,
793 2518 826 2571 nt
848 2512 919 2572 inde
941 2513 983 2574 lo·

62 2597 173 2650 costae
194 2609 214 2649 a
236 2589 305 2650 loco
328 2599 397 2651 usto
419 2600 449 2652 et
480 2598 599 2653 vastato
622 2611 734 2653 nomen
764 2601 907 2673 putentur
933 2595 984 2656 ha-

65 2676 140 2733 bere
172 2671 396 2735 Grammaticis.
447 2672 491 2734 lta
525 2675 574 2734 hic
601 2676 733 2755 populus
762 2678 861 2736 exurit
887 2686 984 2738 totum

63 2757 139 2816 illud
164 2775 215 2815 ver
235 2774 384 2836 pascuum
407 2755 526 2836 christi,
549 2758 648 2835 idest,
671 2761 798 2818 fructum
822 2760 901 2821 fidei.
945 2761 986 2821 stt

65 2839 137 2900 data
161 2845 209 2898 est
228 2837 286 2898 illis
309 2847 456 2918 potestas,
478 2840 558 2901 sicut
577 2841 690 2900 habent
704 2850 887 2920 potestatem
901 2862 982 2904 scor-

63 2923 175 3002 piones
197 2929 305 2998 terrac,
331 2921 447 2982 scilicet
464 2922 670 2984 vulnerandae
684 2927 984 3006 conscientiaeque

65 3011 186 3066 vastato
210 3022 305 3064 verno
326 3003 397 3064 fidei
420 3005 534 3083 fructu,
557 3025 636 3087 quae
657 3013 747 3067 sanat
767 3011 983 3087 conscientias,

64 3107 127 3148 non
149 3094 251 3168 potest
274 3106 335 3150 non
365 3087 444 3148 laedi
478 3092 674 3151 conscientia.
719 3090 758 3150 Et
785 3103 982 3172 praeceptum

64 3181 111 3230 est
134 3172 210 3244 illis,
233 3188 272 3229 nc
293 3170 449 3232 laederent
476 3172 598 3233 foenum
622 3182 736 3249 terrae,
763 3192 862 3254 neque
890 3193 983 3236 omne

66 3253 161 3314 viride
186 3271 285 3332 neque
307 3271 429 3314 omnam
452 3255 603 3332 arborem,
625 3258 726 3336 idest,
743 3256 897 3332 electos1)
920 3259 982 3318 lae·

66 3337 182 3397 dercnt.
224 3335 294 3396 Non
317 3338 397 3396 enim
421 3355 529 3398 omnes
558 3339 697 3417 laedunt,
725 3357 825 3420 neque
845 3341 984 3402 locustae

65 3419 220 3480 naturales
241 3437 334 3480 omns
356 3419 451 3480 viride
476 3421 607 3502 laedunt,
630 3422 684 3483 sed
707 3431 821 3483 certum
850 3424 982 3504 aliquem

137 3687 164 3756 t)
183 3683 214 3740 In
233 3687 275 3742 sd.
292 3687 367 3742 tenc
385 3702 420 3742 ae
437 3687 550 3743 eleetos.
