2258 4002
236 151 345 206 aunam
364 151 492 208 asoax.
511 149 632 204 rammi.
651 165 678 206 a.
691 149 770 208 1520.
856 187 859 192 -
905 147 968 216 173

60 314 130 370 abac
151 308 430 388 concupiscentiam
452 307 724 388 etprocaeitatem,
744 324 805 386 qua
827 307 969 366 nosassi·

59 393 110 452 dne
130 389 272 451 sollicitat
292 391 331 451 ad
352 399 531 472 peccatum,
562 409 620 450 nec
640 390 805 469 aliquando
830 391 968 470 quiescit,

58 493 129 536 nnnc
149 474 204 553 ira,
226 493 308 535 nunc
323 473 457 553 libidine,
480 473 726 554 nnncsuperbia,
748 492 830 534 nunc
841 474 970 534 avaritia

56 577 106 618 nos
125 551 307 636 inquietaris.

127 641 173 700 lta
201 649 234 700 ut
252 641 290 702 D.
315 639 485 720 Cyprianus
517 640 556 700 ob
585 639 646 700 hoc
671 640 772 720 ipsum
802 639 969 719 optandam

56 731 173 784 censeat
205 721 334 785 mor'tem
361 725 526 784 accelerari
553 723 693 804 Epistola
720 722 759 782 de
787 724 971 784 mortalitate

56 808 166 867 dicens:
197 807 275 868 Cum
298 808 425 868 avaritia
446 809 552 884 nobis,
581 825 650 866 cum
672 806 878 886 impudicitia,
901 825 970 866 eum

54 892 102 969 ira,
124 908 193 950 oum
217 890 383 952 ambitione
406 891 585 970 congressio
610 897 672 968 est,
705 908 774 950 cum
805 891 884 949 vitiis
907 908 970 950 car·

55 972 180 1051 nalibus,
212 992 281 1034 cum
302 973 453 1034 illecebris
475 973 663 1033 secularibus
689 973 813 1033 assidua
841 983 871 1033 et
891 974 970 1054 iugis

55 1068 82 1117 et
101 1056 232 1117 molesta
258 1057 384 1117 luctatio
413 1071 474 1136 eet,
509 1058 636 1116 obsessa
670 1075 756 1116 mens
786 1056 918 1116 hominis
941 1063 972 1116 et

56 1139 301 1218 undiqueZabuli
319 1141 547 1200 infestinatione
559 1141 672 1200 vallata
685 1142 736 1200 vix
759 1142 890 1200 occurrit
911 1141 972 1199 sin·
1073 1193 1089 1211 ,

55 1224 136 1303 gulis,
160 1224 214 1284 vix
234 1225 355 1285 resistit.
398 1223 431 1284 Si
452 1225 581 1284 avaritia
600 1233 753 1303 prostrata
774 1232 837 1301 est,
868 1242 972 1282 exsur-

55 1310 94 1387 git
112 1306 219 1384 libido,
240 1309 266 1366 si
287 1305 382 1368 libido
404 1325 583 1387 compressa
604 1314 660 1386 est,
681 1306 819 1367 succedit
836 1307 972 1385 ambitio,

55 1393 75 1449 si
96 1390 222 1450 ambitio
252 1397 429 1470 contempta
456 1398 519 1472 est,
552 1393 597 1451 ira
619 1397 797 1470 exasperat,
830 1391 972 1469 superbia

54 1471 142 1552 inflat,
165 1473 334 1534 vinolentia
354 1474 473 1554 invitat,
496 1473 610 1534 invidia
632 1474 828 1534 concordiam
851 1474 973 1553 rumpit,

56 1557 215 1617 amicitiam
237 1557 319 1638 relus
342 1557 502 1634 abscindit,
524 1558 642 1636 cogaris
666 1557 867 1635 maledicere,
890 1556 973 1635 qnod

56 1640 101 1699 lex
122 1638 227 1700 divina
252 1641 409 1721 prohibet,
445 1641 637 1720 compelleris
670 1641 771 1701 iurare
799 1640 883 1718 quod
910 1657 972 1698 non

56 1723 129 1801 licet,
152 1730 199 1784 tot
221 1726 451 1802 persecutiones
473 1727 592 1784 animus
615 1723 750 1803 quotidie
771 1725 901 1803 patitur,
929 1729 976 1782 tot

56 1806 192 1885 periculis
214 1813 322 1886 pectus
344 1813 476 1888 urgetur,
499 1813 529 1866 et
550 1806 682 1866 delectat
701 1806 753 1867 hic
773 1809 852 1866 inter
867 1805 974 1868 Zabuli

56 1889 170 1968 gladios
204 1889 255 1949 diu
282 1889 385 1950 stare?
413 1908 483 1950 oum
511 1892 609 1970 magis
638 1890 916 1970 concupiscendum
944 1897 975 1948 et

56 1973 218 2052 optandum
256 1974 295 2033 sit
334 1974 374 2034 od
411 1973 564 2034 Christum
603 1973 804 2035 subveniente
837 1973 973 2034 velocius

56 2063 146 2117 morte
170 2075 346 2136 properare.

15 2205 16 2208 ,
132 2139 164 2200 Si
193 2147 294 2200 tantus
317 2146 430 2220 martyr
460 2141 498 2199 de
527 2158 561 2198 se
590 2139 708 2218 sibique
730 2140 877 2201 similibus
901 2140 974 2202 talia

56 2223 199 2304 affirmat,
232 2223 298 2302 quis
327 2214 476 2284 dubitabit
504 2231 534 2282 et
556 2222 697 2283 omnibus
719 2222 838 2284 Sanctis
866 2222 975 2284 eadem

58 2304 205 2367 tribuere?
233 2305 297 2366 aut¹
314 2307 422 2367 saltem
449 2323 513 2366 non
534 2306 659 2385 negabit
687 2307 718 2366 in
741 2307 871 2368 Sanctos
903 2325 975 2387 qua·

59 2390 150 2469 drare,
173 2389 257 2470 quod
269 2389 428 2471 apostolus
440 2387 528 2449 dicit:
552 2389 756 2450 condelector
777 2388 838 2470 legi
851 2390 907 2450 Dei
929 2408 975 2450 se·

60 2473 186 2534 cundum
222 2473 397 2534 interiorem
426 2473 598 2552 bominem,
633 2472 723 2534 video
753 2483 854 2534 autem
884 2474 976 2534 aliam

59 2556 151 2636 legem
175 2557 206 2615 in
228 2558 372 2616 membris
400 2558 492 2637 meis,
525 2575 565 2616 ne
591 2559 622 2616 in
651 2575 786 2636 persona
812 2559 976 2637 impiorum

58 2641 110 2700 ista
131 2640 272 2700 videatur
292 2639 422 2701 locutus.
466 2637 669 2715 Quaeomnia
681 2640 753 2700 ideo
765 2658 872 2720 urgeo,
893 2641 977 2720 quod

61 2725 117 2783 seio
140 2723 180 2785 D.
201 2721 434 2804 Hieronymum,
456 2723 639 2803 Origenem,
662 2732 691 2784 et
713 2725 790 2786 alios
812 2726 977 2805 impulsum

62 2805 166 2868 alicubi
189 2809 301 2868 sentire
322 2807 497 2888 apostolum
525 2809 586 2866 boc
617 2809 686 2889 loco
708 2808 739 2868 in
761 2808 890 2870 aliorum
911 2828 977 2888 per·

25 2917 28 2928 ·
62 2908 132 2950 sona
154 2891 307 2971 locutum,
336 2892 409 2952 licet
436 2890 503 2951 aliis
531 2891 608 2950 loeis
631 2893 832 2952 econtrarium
856 2895 977 2956 sentiat.

62 2973 97 3034 nt
116 2974 155 3038 D.
180 2975 369 3054 Augustinus
391 2973 441 3034 diu
465 2974 572 3034 eadem
586 2977 738 3035 sententia
759 2978 897 3056 captivus
914 2984 1000 3046 tan,

63 3057 124 3116 dem
146 3059 178 3117 in
198 3056 459 3137 Retractionibus,
495 3071 525 3117 ot
552 3057 604 3121 lib.
627 3061 655 3122 6.
684 3067 792 3120 contra
821 3060 906 3122 lulis.
930 3063 978 3124 11.

62 3141 100 3200 ita
119 3148 260 3220 revocat,
287 3150 320 3204 ut
346 3149 438 3221 neget
459 3161 477 3200 a
505 3159 539 3201 se
561 3141 655 3202 fuisse
676 3142 864 3204 intellectum
888 3151 980 3204 antea

64 3223 243 3303 apostolum,
267 3226 337 3286 dum
358 3232 390 3286 in
411 3223 541 3285 aliorum
562 3243 696 3304 persona
723 3226 858 3288 loculum
886 3227 979 3286 luisse

66 3309 248 3372 asseruisset.
292 3308 367 3384 Quis
399 3327 461 3370 non
493 3315 652 3370 moveatur
680 3311 842 3374 autoritate
867 3310 979 3389 princi·

66 3409 132 3470 pum
152 3389 261 3452 horum
283 3395 415 3455 viromm
437 3392 582 3454 Panum?
603 3391 684 3453 Nihil
696 3392 847 3474 indignor,
869 3393 980 3472 siquis

66 3473 118 3536 hos
139 3474 242 3536 Patres
265 3475 405 3538 alicunde
425 3495 482 3557 pro
511 3495 545 3538 se
569 3476 732 3538 adduxerit
752 3476 898 3538 adversus
919 3494 981 3536 me·

68 3576 112 3618 am
132 3561 329 3639 sententiam,
358 3561 384 3620 si
405 3566 521 3622 temere
543 3579 604 3622 uno
627 3560 699 3622 loco
721 3577 775 3622 eos
798 3559 921 3639 legerit,
949 3565 980 3620 et

67 3642 95 3706 in
115 3659 202 3704 suam
222 3647 535 3735 sententiamsonare
557 3645 673 3711 viderit.
715 3644 828 3706 Verum
842 3641 980 3728 neeillis,
