2250 4008
148 175 213 244 420
440 176 599 236 (lcntuotio
617 177 791 234 Luthsriana

152 333 219 414 ipse
240 327 377 413 partitur.
424 332 684 413 ttgoreducturus
700 331 908 395 Sennacherib
932 332 1022 390 istum
1043 331 1070 389 in

152 422 262 478 terram
285 435 373 476 suam
395 435 414 475 a
436 417 603 478 novisimo
615 417 770 496 incipiam,
793 435 863 476 mea
872 415 1004 494 primum
1026 411 1072 472 de

151 499 301 570 tensurus.
1111 543 1112 570 p

236 579 466 642 Nobilissimum
487 580 544 641 lea.
568 582 617 644 64.
648 581 767 657 locum,
798 579 849 640 ubi
878 579 1004 639 dicitur:
1038 577 1075 638 ltt
1111 617 1112 632 t

152 664 224 726 laeti
246 681 351 724 sumus
365 663 513 724 immundi
536 683 645 724 omues
666 683 734 740 nos,
758 671 790 722 et
808 664 974 722 universae
995 661 1074 720 iusti-

154 749 215 808 tiae
238 754 362 806 nostrae
391 747 477 825 quasi
500 765 621 826 paunus
643 754 866 823 menstruatae,
900 744 975 804 milri
997 743 1074 804 able

156 838 240 890 turus
263 830 308 889 sio
331 836 459 907 tractat,
491 835 526 890 ut
558 848 616 889 uec
650 828 708 889 sibi
738 847 796 890 nec
824 827 899 888 mihi
930 825 1076 907 prodesse
1111 835 1112 890 ἶ

153 912 263 995 possit,
285 929 353 972 cum
376 912 523 982 incertum
537 912 640 990 faciat,
663 911 827 990 dequibus
850 912 893 970 sit
906 909 1076 988 intelligen-

154 995 229 1071 dus,
251 995 384 1054 recitans
407 1014 491 1074 esse,
523 997 573 1074 qui
598 995 636 1056 de
658 995 839 1076 Assyriaca,
862 994 944 1054 alios
968 991 1076 1071 quide

152 1077 355 1158 Babylonica,
377 1077 454 1137 alios
478 1079 528 1156 qui
552 1077 599 1140 de·
614 1079 754 1138 Romana
768 1074 964 1140 ludaeorum
987 1077 1076 1152 capti·

155 1161 249 1222 vitate
272 1159 454 1240 intelligant.
498 1161 570 1240 lpse
592 1169 693 1222 tamen
715 1167 891 1240 postremos
914 1177 987 1217 cum
1010 1155 1076 1217 Hie·

153 1259 284 1322 rouyruo
307 1253 338 1303 et
353 1241 433 1322 Lyra
455 1245 600 1322 sequitur.
644 1242 781 1304 Tandem
794 1252 917 1321 quarto,
939 1241 967 1299 si
990 1241 1076 1300 etiam
1111 1299 1112 1306 ,

154 1324 296 1386 fldelibus
319 1325 471 1406 aptandus
494 1327 596 1402 detur,
626 1325 665 1386 ad
688 1324 906 1406 synecdochen
931 1322 1077 1401 confugit
1111 1327 1112 1380 l

155 1408 263 1471 voleus
288 1410 538 1469 omuesiustitias
561 1428 630 1469 esse
640 1409 670 1468 id
693 1408 775 1488 quod
796 1407 917 1487 aliquas
940 1406 1078 1484 iustitias,

153 1500 244 1571 tropo
256 1489 430 1571 Scripturas
452 1492 611 1571 frequenti,
655 1491 701 1552 lta
714 1492 786 1551 dum
799 1489 872 1550 nihil
886 1491 966 1548 certi
986 1487 1077 1562 affert

154 1582 186 1635 et
206 1573 385 1654 Hieronymi
422 1577 570 1636 autoritas
605 1593 667 1634 non
701 1575 742 1634 sit
764 1575 856 1650 satis,
893 1572 1014 1652 quippe
1032 1572 1077 1649 qui

155 1655 257 1722 soleat
278 1657 372 1718 ferme
394 1655 523 1718 aliorum
546 1659 716 1718 sententias
739 1658 768 1715 iu
784 1655 1018 1716 commentariis
1039 1673 1078 1712 re·

157 1741 262 1817 citare,
286 1748 318 1800 ut
339 1738 445 1800 scribit
465 1739 504 1800 ad
520 1741 736 1820 Augustiuum,
758 1741 788 1798 iu
804 1737 906 1798 medio
929 1753 1078 1817 suspensa
1111 1723 1112 1786 l

155 1821 334 1904 relinquitur
355 1823 516 1884 sententia.
1111 1797 1112 1848 l

237 1905 279 1966 m
307 1905 368 1966 hoc
394 1906 494 1984 primo
528 1906 568 1966 sit
599 1923 782 1985 responsum
805 1901 969 1979 omuibus,
1004 1920 1078 1980 quae
1111 1895 1112 1946 l

156 2007 250 2069 super
274 1987 355 2048 banc
384 1989 568 2048 sententiam
598 1985 759 2063 aedificat,
790 1985 880 2047 infert
909 1992 940 2046 et
973 1983 1078 2044 firmat.

159 2070 256 2133 Certis
278 2070 358 2138 enim
380 2071 580 2150 pugnandum
603 2079 659 2134 est.
701 2069 796 2150 Igitur
824 2069 945 2128 sitista
970 2069 1078 2128 autori·
1111 2067 1112 2108 l

154 2162 200 2214 tas
224 2152 353 2214 Latomo
376 2154 493 2214 incerta
513 2161 544 2214 ct
568 2153 682 2216 inutilis
698 2160 805 2214 contra
827 2171 886 2213 me.
930 2151 1007 2210 Mihi
1030 2169 1078 2210 co-

157 2234 291 2297 nandum
314 2234 459 2316 deinceps
483 2243 538 2314 est,
563 2243 595 2296 ut
617 2243 700 2296 certa
713 2243 744 2295 et
758 2242 870 2316 potens
883 2235 924 2294 sit
945 2236 978 2294 iu
1001 2253 1076 2306 eum,

155 2337 193 2380 ao
213 2319 312 2399 primo
344 2316 382 2382 de
413 2320 592 2400 captivitate
612 2318 796 2380 ludaeorum
827 2326 857 2377 et
884 2318 914 2376 iu
944 2335 1077 2396 persona

155 2403 345 2482 captivorum
368 2401 429 2462 dici
452 2403 613 2463 consentio
635 2409 666 2462 st
687 2402 803 2482 probo,
832 2419 893 2461 uon
924 2399 964 2460 de
989 2400 1075 2479 Assy·

154 2486 250 2562 riaca,
274 2485 346 2565 quia
367 2505 422 2566 per
445 2504 512 2546 eam
536 2485 645 2545 civitas
660 2483 850 2546 Hierusalem
873 2501 935 2542 uon
960 2489 1010 2542 eet
1031 2501 1075 2542 va·

56 2613 70 2628 ..
159 2574 253 2645 stata,
291 2585 349 2628 uec
384 2567 479 2629 tribus
501 2566 576 2628 luda
599 2576 706 2649 capta,
736 2565 1000 2646 quemadmodum
1022 2565 1076 2626 hoc

156 2648 265 2723 loco¹t
290 2650 391 2731 plorat
412 2651 572 2732 propheta.
616 2650 706 2726 Quod
728 2653 753 2710 si
774 2647 936 2710 ostendere
959 2655 1074 2728 potero,

156 2751 215 2795 uec
237 2733 275 2793 de
297 2733 437 2794 Romana
459 2733 707 2812 intelligendum,
740 2733 818 2793 evici
841 2732 1019 2793 necessario
1041 2729 1074 2790 de

158 2814 348 2959 Bpibylouica
360 2817 592 2898 intelligendum
615 2836 693 2882 esse.
737 2815 838 2884 Primo
853 2816 956 2876 locum
980 2815 1073 2894 ipsum

158 2917 329 2959 creamus:

240 2980 405 3046 Occurristi
428 2983 554 3043 laetanti
581 2990 612 3042 ct
633 2982 756 3043 facienti
778 2983 943 3054 iustitiam,
966 2982 997 3038 iu
1022 2981 1072 3040 viis
1111 3007 1112 3010 ¹

156 3067 215 3126 tuis
236 3062 476 3126 recordabuntur
499 3068 568 3126 tui.-

239 3147 322 3220 Ecce
344 3153 376 3207 tu
397 3148 492 3209 iratus
514 3167 563 3228 es,
587 3155 617 3209 ct
639 3149 852 3227 peccavimus,
872 3149 904 3206 iu
927 3148 1004 3227 ipsis
1026 3146 1071 3206 fui·

159 3250 225 3292 mus
247 3249 368 3310 semper
389 3238 420 3291 et
441 3230 635 3294 salvabimur.
679 3229 717 3290 Et
746 3230 816 3291 lacti
845 3246 950 3290 sumus
974 3237 1007 3288 ut
1027 3231 1071 3288 im-
1111 3269 1112 3272 κ

160 3313 264 3375 muudi
277 3333 385 3375 omues
407 3333 475 3392 uos,
499 3321 529 3374 et
544 3314 631 3393 quasi
644 3331 763 3392 pannus
786 3319 994 3374 menstruatae
1016 3312 1070 3371 uui·

107 3412 115 3418 ·
159 3415 266 3458 versae
288 3397 420 3456 iustitiae
441 3405 575 3457 nostrae.
620 3395 658 3456 ut
677 3395 843 3457 cecidimus
858 3396 948 3477 quasi
963 3393 1069 3471 lolium,

164 3482 195 3536 et
215 3478 390 3557 iniquitates
413 3486 538 3539 nostrae
561 3480 647 3557 quasi
670 3487 777 3538 ventus
799 3476 992 3538 abstulerunt
1012 3494 1068 3536 uos.
1111 3549 1112 3554 ἵ

216 3645 298 3720 utin
316 3663 378 3718 outa
397 3665 470 3720 tea:
491 3665 545 3722 ura
