2258 4002
132 189 195 257 rot
374 194 412 250 ns
428 191 508 266 ceps
528 157 793 266 reuersurum*

131 367 208 429 qao,
240 365 336 429 rogo,
368 349 533 411 autoritate
559 355 612 420 aut
632 351 750 412 ratitum
772 349 901 431 prohat?
944 348 1058 410 Nonne

130 434 232 494 omnia
256 438 328 493 sunt
348 431 427 494 illius
450 433 605 510 meditata,
628 453 666 495 ac
687 453 784 514 prope
806 433 933 494 somniis
956 433 1058 493 simil-

130 513 216 590 lima,
246 516 271 575 si
293 514 387 576 libere
409 517 494 596 legas
517 525 547 577 et
567 517 704 578 iudices?
746 516 778 577 ln
803 517 960 598 theologia
984 535 1059 576 vero

130 599 277 679 mystica,
315 617 405 678 quarn
439 602 484 660 sio
516 599 623 661 inflant
655 601 893 682 ignorantissimi
929 599 1058 680 quidam

129 681 349 762 theologicus,
371 685 462 743 etiarn
485 685 759 763 perniciosissimus
782 692 843 760 est,
865 683 932 764 plus
955 682 1060 744 Plato·

129 765 233 824 niseus
255 781 346 843 quarn
377 765 629 843 Christianisuns,
666 768 709 827 ita
735 773 769 828 nt
797 766 910 828 nollem
932 764 1058 827 fidelem

127 849 261 908 animum
274 848 320 908 his
332 849 414 911 libris
427 868 552 928 operam
565 849 637 910 dare
649 849 697 910 vel
708 851 875 914 minimam.
898 849 1057 911 Christum

127 929 167 991 ihi
190 931 269 991 adeo
292 951 354 992 non
377 931 486 1010 disces,
508 945 550 1011 ut,
573 935 596 994 si
621 935 712 994 etiam
734 935 824 1011 scias,
846 935 982 1007 amittas,
1003 951 1058 992 ex·

127 1020 230 1093 pertus
254 1014 378 1094 loquor,
407 1015 533 1075 Paulum
558 1017 660 1095 potius
683 1016 860 1094 audiamus,
895 1023 927 1076 ut
952 1016 1058 1076 lesum

127 1094 291 1177 Christum,
307 1097 428 1158 ethunc
442 1097 618 1159 crucifixum
632 1099 794 1161 discamus.
817 1099 902 1160 Haec
915 1107 963 1159 est
973 1099 1058 1158 enim

129 1181 188 1256 ria,
200 1181 264 1240 vita
276 1189 306 1240 et
319 1183 440 1257 veritas,
463 1181 540 1242 haec
553 1182 647 1258 scala,
663 1202 718 1262 per
729 1201 819 1262 quam
828 1181 858 1256 1)
885 1184 1004 1243 venitur
1019 1180 1059 1241 ad

128 1262 259 1341 Patrem,
272 1263 350 1324 sicut
363 1264 449 1324 dicit:
466 1264 564 1326 Nemo
578 1266 660 1326 venit
673 1265 710 1326 sd
721 1266 851 1342 Putrem,
864 1266 921 1326 nisi
934 1283 1060 1346 perme.

209 1346 255 1407 lta
281 1347 311 1407 in
336 1348 545 1409 ecclesiastica
578 1348 747 1410 hierarchia
779 1349 851 1428 quid
873 1349 960 1424 lacit,
996 1347 1059 1407 nisi

127 1429 209 1508 quod
231 1431 305 1490 ritus
333 1431 483 1509 quosdam
511 1430 737 1492 ecclesiasticos
761 1431 919 1507 describit,
943 1431 1057 1490 ludens

127 1512 282 1592 allegoriis
304 1515 382 1589 suis,
409 1531 486 1594 qous
515 1533 575 1576 oon
606 1513 736 1594 prohat?
768 1515 858 1594 quale
881 1514 962 1597 apud
998 1531 1060 1572 nos

127 1594 214 1672 lecit,
244 1597 296 1674 qui
323 1595 432 1657 librum
464 1597 572 1676 edidit,
607 1599 658 1677 qui
685 1597 847 1658 Rationale
881 1597 1057 1658 divinorum

127 1677 244 1753 dicitur,
262 1681 436 1740 otiosorum
460 1680 615 1740 hominum
639 1689 709 1740 sunt
731 1682 789 1740 ista
817 1680 919 1740 studia
940 1679 1059 1760 allego·

126 1762 248 1823 riarum.
292 1763 340 1824 An
362 1769 452 1842 putas
475 1763 548 1823 mihi
570 1763 695 1824 difficile
715 1783 786 1824 esse
807 1765 838 1823 in
862 1763 1000 1843 qualibet
1025 1782 1060 1822 re

127 1851 231 1905 creata
252 1845 407 1926 allegoriis
436 1845 561 1907 ludere?
590 1846 700 1908 Nonne
726 1847 943 1908 Bonsventurs
974 1853 1059 1906 artes

129 1926 268 1988 liberales
296 1928 462 2008 allegorice
490 1929 577 1990 duxit
604 1929 642 1990 nd
673 1930 884 2009 theologiam?
912 1929 1060 2007 Denique

128 2008 247 2072 Gaison
260 2011 415 2073 Donatum
433 2013 581 2073 minorem
604 2013 676 2074 fecit
687 2013 847 2092 mysticum
863 2012 1058 2091 theologum.

21 2156 31 2166 ,
127 2092 200 2153 hlihi
229 2113 291 2155 non
327 2095 415 2155 luerit
448 2113 629 2174 operosum,
661 2095 817 2156 meliorem
850 2095 1058 2156 hierarchiam

127 2175 260 2236 scrihere
283 2195 374 2256 quarn
396 2178 535 2258 Dionysii
560 2181 611 2253 sit,
641 2197 709 2238 cum
732 2178 784 2240 ille
805 2197 935 2259 papum,
958 2176 1059 2238 cardi·

127 2258 222 2336 naias,
245 2261 496 2344 archiepiscopos
519 2263 675 2341 ignorarit,
698 2269 728 2321 et
744 2262 923 2341 episcopum
946 2259 1061 2320 fecerit

126 2360 311 2421 supremnm.
354 2343 393 2403 Et
415 2345 482 2422 quis
503 2348 565 2404 tam
588 2345 687 2404 tenuis
709 2345 841 2424 ingenii,
864 2345 914 2423 qni
937 2343 1060 2422 allego-

126 2425 177 2484 riis
200 2443 261 2486 non
284 2433 378 2505 queat
405 2427 590 2505 periclitari?
633 2427 753 2489 Nollem
782 2445 842 2506 ego
874 2427 1059 2508 theologum

126 2507 282 2587 allegoriis
305 2524 431 2589 operam
455 2509 537 2586 dare,
560 2509 660 2571 donec
671 2517 901 2571 consummatus
913 2509 1059 2590 legitimo

126 2588 302 2670 Scripturas
331 2592 521 2672 simplicique
550 2611 641 2654 sensu
673 2593 778 2670 luerit,
807 2593 945 2672 alioquin
974 2593 1059 2652 siout

126 2673 250 2753 Origsni
272 2676 415 2755 contigit,
447 2694 509 2736 noo
533 2677 607 2736 citra
628 2676 797 2757 periculum
825 2674 1059 2756 theologisabit.

207 2755 276 2817 Non
309 2777 383 2838 ergo
409 2760 563 2822 ¹continuo
593 2767 818 2820 sacramentum
849 2777 918 2819 esse
950 2757 1057 2836 dehet,

126 2838 197 2916 qnia
226 2839 391 2919 Dionysius
419 2841 533 2920 aliquid
563 2841 725 2922 describit,
758 2842 877 2921 alioqui.
905 2860 958 2902 our
989 2859 1057 2902 non

126 2921 217 2980 etium
242 2930 465 2984 sacramentum
489 2925 619 3002 iaciunt,
652 2943 743 3004 quam
771 2923 884 2985 ibidem
908 2922 1054 2984 describit

124 3005 370 3083 processionem,
401 3025 479 3086 quse
509 3025 605 3086 usque
632 3007 724 3068 hodie
752 3014 943 3088 perseveret:
977 3008 1053 3086 quin

125 3091 172 3146 tot
200 3093 288 3148 erunt
316 3088 438 3149 illorum
468 3098 676 3167 sacramente,
711 3099 785 3170 quot
812 3091 892 3150 aucti
921 3097 993 3150 sunt
1022 3090 1054 3150 in

129 3168 263 3229 ecelesia
284 3171 359 3230 ritus
382 3177 413 3232 et
434 3174 637 3234 ceremoniae.
679 3173 758 3234 Huic
786 3182 886 3232 tamen
915 3178 977 3232 tam
1000 3171 1056 3232 de·

107 3249 177 3310 'bili
209 3252 408 3314 fundamento
435 3256 498 3315 nixi
528 3256 720 3317 characteres
748 3255 943 3330 effinxerunt,
975 3273 1056 3334 quos

127 3333 199 3393 huic
221 3353 276 3395 suo
299 3344 492 3398 sacramento
522 3338 704 3417 tribuerent,
732 3341 782 3418 qni
810 3339 1055 3418 imprimerentur

125 3415 273 3477 ordinatis
295 3417 476 3482 indelihiles.
519 3420 616 3499 Unde,
638 3440 769 3500 quaeso,
792 3420 868 3482 tales
891 3419 1073 3500 cogitatio·

107 3497 206 3560 nest
228 3518 289 3578 qus
310 3501 495 3561 autoritate?
517 3521 578 3580 qua
598 3505 717 3568 ratione
742 3501 953 3568 stabiliuntur?
980 3501 1052 3568 Non

181 3683 214 3747 1)
235 3684 264 3736 ln
282 3686 325 3740 ed.
345 3687 434 3766 sript
449 3703 499 3756 per
517 3703 607 3758 quem.
