2258 4002
137 165 200 232 160
344 166 468 238 Assertio
483 185 563 234 Ιοιιιιι.
582 171 723 234 arctici).
739 170 775 223 Μ.
796 169 825 230 b.
843 185 894 238 par

139 329 189 382 oet
200 321 371 401 Scripturas
394 323 525 402 proprio
549 323 654 402 spiritu
678 323 856 402 intelligere,
879 323 1054 386 nobismau·

141 405 216 486 dari,
240 414 273 464 ut
293 405 436 484 sepositis
459 407 553 464 sacris
576 406 668 465 literis
689 407 882 468 intendamus
905 416 938 468 st
958 407 1055 468 creda·
1123 413 1124 458 l

139 508 206 550 mus
228 488 386 548 hominum
408 489 642 551 commentariis.
679 489 775 567 Hauc,
798 492 932 569 inquam,
955 491 1055 553 intelli-

138 572 272 652 gentiam
296 569 411 650 absque
435 571 526 631 dubio
550 580 674 632 satanas
689 575 755 651 ipse
776 573 903 648 invexit,
926 591 988 650 quo
1003 592 1053 633 nos
1123 625 1124 629 ,

137 675 156 714 a
179 654 343 732 uostris,id
366 661 427 732 est,
450 656 544 714 sacris
574 655 667 714 literis
695 655 876 734 longissime
905 664 1054 734 avocaret,
1123 675 1124 708 ι

138 744 168 796 et
202 737 394 816 desperatam
429 738 587 796 scientiam
615 737 789 816 Scripturas
814 739 903 798 nobis
933 738 1053 815 faceret,
1122 756 1124 790 ι

138 839 205 880 curn
229 820 274 878 sic
294 821 396 898 potius
419 821 457 878 sit
478 819 719 898 intelligendum,
742 819 914 900 Scripturas
928 839 989 880 non
1003 823 1055 881 uisi
1123 839 1124 876 ι

136 923 174 963 eo
197 903 303 982 spiritu
325 902 539 982 intelligendas
561 921 640 980 essa,
662 921 723 981 quo
746 905 879 983 scriptae
900 911 982 981 suut,
1005 907 1051 983 qui
1123 921 1124 956 ι

136 987 258 1065 spiritus
281 1003 429 1064 nusquam
453 987 641 1065 praesentius
670 994 701 1046 et
731 988 884 1062 vivacius,
910 1006 1001 1065 quam
1028 989 1055 1046 in

136 1070 210 1148 ipsis
233 1070 327 1128 sacris
351 1069 423 1145 suis,
446 1088 520 1148 quas
532 1070 662 1148 scripsit,
685 1069 778 1128 literis
801 1071 932 1129 inveniri
950 1077 1057 1148 potest.
1123 1090 1124 1125 i

220 1150 330 1211 Danda
353 1149 460 1231 ergo²)
486 1152 542 1212 suit
567 1170 676 1230 opera,
699 1171 760 1212 non
785 1160 817 1212 ut
838 1155 985 1234 sepositis
1014 1171 1056 1212 sa·

136 1237 195 1295 oris
217 1235 309 1294 literis
332 1235 431 1294 solum
460 1236 599 1294 humanis
622 1235 744 1294 Patrum
775 1237 896 1315 scriptis
925 1235 1058 1296 intende·
1123 1259 1124 1282 ι

137 1337 248 1396 remus,
270 1319 332 1376 imo
357 1323 472 1380 contra.
496 1318 626 1376 Primum
650 1320 793 1396 sepositis
805 1321 942 1380 omnium
965 1319 1058 1378 homi·
1123 1341 1124 1376 ι

138 1421 208 1460 num
233 1401 352 1479 scriptis
376 1409 460 1460 tanto
485 1402 581 1478 magis
605 1407 636 1460 et
658 1401 1058 1479 pertinaciuaiusudandum
1123 1411 1124 1461 ι

135 1491 202 1544 erat
222 1483 296 1543 solis
319 1484 423 1561 sacris,
446 1502 507 1563 quo
530 1486 720 1562 praesentius
742 1484 909 1563 pericnlum
934 1492 1000 1563 est,
1023 1504 1059 1544 ns
1123 1507 1124 1543 ι

137 1569 203 1647 quis
228 1566 352 1646 proprio
375 1566 481 1645 spiritu
505 1585 557 1626 ess
587 1566 752 1646 intelligat,
782 1577 813 1626 ut
843 1587 915 1628 usus
946 1567 1060 1628 assidui
1123 1623 1124 1627 ,

137 1650 227 1710 studii
251 1651 330 1708 victo
354 1649 490 1728 periculo
515 1647 663 1708 eiusmodi
688 1649 809 1710 tandem
833 1658 948 1713 certum
973 1648 1061 1711 nobis
1123 1677 1124 1680 ¹

137 1734 251 1794 faceret
274 1733 411 1811 spiritum
435 1731 619 1812 Scripturas,
632 1735 681 1810 qui
697 1734 753 1792 nisi
765 1736 794 1792 in
806 1731 962 1813 Scriptura
979 1752 1060 1812 pror·
1123 1757 1124 1776 ι

138 1837 190 1876 sus
213 1834 274 1875 non
298 1816 458 1876 invenitur.
481 1815 538 1876 Hic
561 1816 640 1874 onim
664 1817 768 1894 posuit
788 1816 948 1876 latibulum
972 1836 1060 1876 suurn
1123 1841 1124 1860 ι

136 1907 167 1959 st
187 1902 216 1960 in
240 1898 335 1959 coelis
360 1897 408 1978 (id
431 1906 491 1975 ast,
514 1898 678 1977 apostolis)
706 1899 934 1964 tabernaculum
957 1918 1060 1959 suum.
1123 1927 1124 1958 ι

136 1983 175 2042 Et
196 1982 276 2042 Psal.
301 1982 320 2042 l.
343 1985 388 2041 vir
412 1982 518 2042 beatus
540 1984 570 2040 in
593 1982 653 2041 boc
675 1981 824 2058 laudatur,
847 1983 930 2061 quod
952 1982 1004 2041 die
1026 2000 1063 2041 ac
1123 1989 1124 2044 i

136 2073 228 2126 nocte
261 2083 321 2127 uon
344 2065 375 2123 in
398 2064 465 2124 aliis
488 2063 580 2142 libris,
603 2063 703 2124 sedin
728 2065 797 2144 lege
818 2066 944 2128 Domini
967 2065 1062 2124 medi·
1123 2091 1124 2128 ι

137 2156 225 2212 tatur
249 2149 326 2208 Hinc
348 2150 428 2208 enim
450 2149 560 2208 hausto
583 2149 687 2226 spiritu
712 2149 957 2210 iudiciumsuum
982 2150 1062 2227 quis-

137 2251 196 2311 que
214 2230 366 2307 formabit,
391 2250 452 2291 non
477 2231 568 2290 modo
588 2249 679 2310 super
702 2233 804 2292 omnia
814 2234 985 2328 gentium,
1009 2230 1061 2290 sed

70 2346 72 2358 ·
136 2315 217 2375 etS.
240 2315 362 2374 Patrum
386 2315 507 2394 scripta
542 2312 692 2393 Scriptum
717 2315 864 2392 catenias,
890 2315 974 2411 quod
999 2315 1063 2374 Mo·

136 2399 161 2458 si
193 2397 286 2458 facies
318 2396 489 2477 glorificata
516 2398 572 2457 fuit
593 2417 610 2456 e
633 2400 789 2458 consortio
817 2400 967 2462 sermonis
998 2398 1062 2458 Do·

135 2482 226 2562 mini,
263 2499 325 2540 uon
349 2481 451 2576 utique
478 2500 495 2539 e
524 2481 679 2540 consortio
709 2483 858 2542 sermonis
890 2481 1063 2557 bominum,
1123 2477 1124 2548 l

135 2566 227 2624 ctiam
250 2565 521 2641 sanctissimorum,
546 2565 675 2642 quitum
702 2573 796 2624 arant.
1123 2569 1124 2610 t

217 2648 306 2706 Praet
294 2654 379 2708 terea
401 2666 470 2707 cum
493 2646 828 2711 credamuseuclasiam
845 2654 985 2708 sanctam
1009 2666 1063 2707 ca·
1123 2683 1124 2730 q

136 2729 280 2791 tholicam
304 2729 417 2790 habers
439 2729 568 2791 eundem
593 2731 729 2809 spiritam
750 2729 831 2810 fidei,
853 2749 945 2809 quem
970 2733 1000 2790 iu
1016 2731 1064 2790 sui

134 2814 284 2894 principio
308 2813 402 2874 semel
426 2814 562 2909 accepit,
592 2833 644 2873 cur
667 2833 727 2874 non
759 2815 847 2876 liceat
869 2813 964 2874 hodie
1010 2821 1065 2874 aut

134 2897 233 2958 solum
258 2904 311 2957 aut
330 2898 460 2977 primum
483 2899 578 2958 sacris
601 2896 694 2957 literis
716 2897 860 2992 studere,
872 2899 952 2957 sicut
973 2896 1062 2956 licuit

133 2981 306 3061 primitivas
327 2979 500 3040 ecclesias?
543 2980 651 3059 Neque
680 2982 759 3040 enim
789 2981 829 3040 illi
853 2974 1062 3060 Augustinum

133 3071 187 3124 sut
207 3064 356 3124 Thomam
380 3063 528 3160 legerunt
551 3064 613 3124 Aut
625 3065 683 3141 dic,
706 3065 730 3124 si
753 3083 793 3144 po
797 3071 850 3134 t‚es
873 3081 935 3142 quo
959 3063 1065 3124 iudice

132 3145 253 3210 finietur
274 3148 431 3227 quaestio,
453 3148 478 3206 si
498 3147 619 3206 Patrum
644 3147 725 3206 dicta
747 3145 804 3209 sibi
826 3145 1060 3227 pugnaverint?

134 3231 265 3311 Oportet
287 3232 367 3290 enim
390 3229 548 3310 Scriptura
569 3230 670 3290 iudice
692 3229 742 3290 hic
763 3232 945 3290 sententiam
969 3230 1062 3305 ferre,

135 3314 217 3392 quod
242 3312 306 3373 fieri
330 3332 391 3373 non
405 3321 517 3393 potest,
535 3315 591 3372 nisi
607 3313 780 3392 Scripturas
793 3311 965 3374 dederimus
975 3314 1063 3392 prin·

134 3399 232 3476 cipem
255 3397 358 3457 locum
380 3397 409 3456 iu
434 3396 585 3472 omnibus,
614 3403 700 3474 quae‘
715 3396 885 3457 tribuuntur
907 3395 1062 3472 Patribus,

177 3661 208 3724 1)
248 3660 279 3710 ln
300 3660 342 3712 sd.
361 3659 437 3714 Jen.:
456 3664 547 3730 igitur.
