2250 4008
326 199 451 256 &denis
471 199 649 256 betomtsnse
667 203 718 254 stc.
927 193 990 264 441

61 353 210 436 Magistri
232 356 328 418 nostri
357 356 548 436 praenimis
568 353 730 438 prudentis
751 355 797 416 sio
818 353 992 434 loquuntur,

61 445 106 499 ut
128 439 300 502 revelentur
321 439 524 520 cogitationes
538 437 674 500 cordiurn
690 457 824 516 suorum,
849 436 930 517 quod
955 435 993 499 de

61 522 188 600 pietnte
209 524 343 584 sentient
364 542 457 603 supra
478 542 569 602 quern
595 521 764 604 prophetes
787 528 840 582 sut
860 521 993 602 apostoli

63 623 187 685 capere
206 607 333 685 possint.
377 605 454 668 Num
478 606 708 686 quidLstomus
731 602 768 666 de
790 604 850 666 fide
873 611 903 664 et
922 623 994 685 ope-

61 688 157 749 ribus
180 691 290 749 sentiet
312 709 353 750 ex·
375 690 497 765 enimn,
531 691 605 750 sotis
642 687 754 770 probet
781 707 817 748 os
840 708 878 748 ex
901 687 993 748 ubuu-

60 770 179 832 dantis
200 772 258 834 ists
282 771 382 833 cordis
405 771 551 852 loquens,
573 772 801 853 prseveuitbic
823 777 918 832 nrtern
942 791 994 832 nn·

61 862 152 932 ture,
175 862 208 914 ut
229 855 372 916 simulare
393 875 455 918 non
478 865 594 937 posset.
676 879 682 888 ·

156 936 425 1018 consequentium,
447 939 716 1014 circumstantium,
738 945 769 998 et
784 935 885 1017 (quod
902 937 992 1012 dicit)

62 1019 156 1082 iilum
175 1021 337 1084 locutionis
360 1021 410 1082 bic
431 1023 533 1082 omisit
549 1021 737 1102 ponderator
750 1021 993 1084 testimoniorum

62 1103 337 1184 prudentissimus,
360 1106 432 1184 quio
455 1105 621 1186 periculum
644 1103 756 1183 sensit,
772 1103 842 1166 ideo
857 1103 995 1183 confugit

63 1188 207 1266 primum
231 1187 421 1250 eduliorum
444 1189 670 1273 expositiones,
699 1186 809 1248 deindo
831 1205 916 1248 rnorc
938 1205 994 1248 suo

62 1269 109 1330 nd
137 1269 229 1332 sliurn
258 1271 360 1333 locum
384 1270 567 1351 Scripturas.
611 1270 794 1351 Quanquam
824 1277 854 1331 et
882 1289 941 1350 ego
970 1269 995 1329 si

63 1359 197 1433 praeter
219 1353 299 1415 beno
322 1355 514 1417 autoritatem
537 1355 611 1416 nihii
624 1354 779 1433 haberem,
801 1373 863 1414 nou
885 1355 915 1413 in
938 1351 997 1414 hnc

64 1437 227 1498 sententis
251 1445 373 1500 starem.
420 1437 452 1498 ln
476 1437 537 1499 boc
558 1446 660 1500 nutem
684 1457 752 1498 enm
776 1438 882 1518 posui,
915 1435 997 1516 quod

64 1538 201 1599 prorsus
225 1539 286 1581 non
310 1522 425 1601 possim
448 1521 486 1582 nd
510 1541 577 1582 eom
594 1520 792 1602 respondere,
814 1518 896 1600 quod
912 1520 999 1579 sutis-

66 1603 179 1679 tscint,
202 1603 280 1664 sicut
303 1622 359 1664 neo
380 1604 527 1666 Latonius
549 1611 666 1685 potent,
702 1622 760 1664 neo
788 1603 881 1664 utinm
904 1621 996 1683 posse

68 1683 187 1747 credo.¹
225 1684 298 1748 ideo
319 1685 444 1766 quondo
467 1688 580 1768 opertis
609 1686 708 1747 verbis
737 1685 797 1748 buc
825 1685 996 1748 concedere

72 1767 215 1842 videtur,
242 1769 400 1832 necetius
422 1773 486 1832 eius
509 1790 617 1832 seusus
638 1770 767 1831 inveniri
791 1790 810 1830 s
831 1768 920 1830 nobie
942 1787 995 1848 po-

70 1858 147 1926 test,
171 1851 271 1912 donec
291 1853 414 1932 spiritus
437 1854 648 1934 perfectiorem
665 1853 792 1928 dederit,
812 1871 879 1913 eam
903 1870 995 1932 copu-

68 1934 136 1994 iovi
160 1934 223 2011 his,
253 1952 332 2014 quae
354 1944 478 2016 npertue
500 1945 570 1997 sunt
598 1943 627 1997 et
652 1935 840 2012 inssiiibiies,
874 1935 996 2014 saepius

71 2036 145 2078 enm
171 2017 248 2078 elusi
269 2019 335 2078 istis
357 2018 479 2099 glossis,
501 2018 611 2098 quibus
632 2019 777 2080 Lstomus
799 2019 918 2094 nititur,
941 2016 1021 2078 sed·

74 2118 204 2180 semper
226 2103 449 2180 perseveravit,
472 2101 653 2183 obstrepens
675 2110 707 2162 et
728 2103 821 2164 nimio
844 2119 996 2162 consensu

73 2181 153 2242 oiiis'
171 2183 248 2244 locis
271 2185 346 2245 meis
368 2186 557 2265 conspirans.
601 2185 678 2246 Nom
702 2185 845 2247 Lutomus
868 2203 936 2244 oum
955 2184 996 2244 ni·

71 2265 118 2326 hii
142 2266 215 2326 novi
238 2266 356 2342 efferat,
378 2268 474 2328 credit
496 2275 597 2330 tumen
611 2268 773 2329 Lutherunr
795 2267 869 2328 nihil
891 2285 996 2328 eorum

71 2347 202 2412 vidisse.
245 2349 284 2410 Et
305 2349 382 2410 bueo
406 2350 570 2412 credulitas
592 2352 665 2413 sniis
688 2360 774 2426 eret,
811 2369 871 2429 qun
892 2349 995 2430 impei-

70 2431 186 2492 ieretur
207 2430 245 2492 sd
268 2431 471 2495 scribendum.

160 2514 261 2576 Facile
284 2522 332 2576 est
354 2515 469 2592 dicere,
492 2514 575 2596 quod
596 2515 677 2577 idem
701 2517 753 2576 sit:
793 2515 861 2576 Non
885 2519 932 2576 est
954 2517 995 2576 in-

69 2605 138 2658 stus
161 2599 191 2657 in
214 2604 304 2674 terre,
326 2600 376 2678 qui
399 2600 492 2660 societ
513 2599 627 2660 bonum
651 2607 680 2660 et
701 2618 762 2658 non
785 2608 902 2678 peccet,
925 2617 993 2660 cum

70 2679 126 2740 ilio
151 2681 178 2744 3.
203 2680 278 2760 Reg.
298 2683 334 2746 8:
359 2681 427 2744 Non
452 2689 499 2742 est
520 2681 613 2744 homo
636 2684 771 2761 quinon
794 2689 918 2761 peccet,
941 2680 994 2742 sed

71 2782 143 2824 curn
167 2763 217 2824 hic
239 2772 340 2824 nectet
362 2763 516 2827 bbmiuem
539 2772 569 2824 et
589 2766 719 2842 iustum,
748 2764 858 2826 deinde
879 2764 993 2826 bouum

71 2845 178 2908 iecere
201 2853 231 2906 et
253 2865 314 2908 uon
339 2865 483 2928 peccaro,
505 2849 535 2910 in
558 2847 636 2911 libro
658 2856 759 2909 nutem
784 2847 901 2928 Regum
925 2849 993 2910 sin·

73 2929 198 3010 pliciter
220 2927 390 3007 bominem,
413 2937 445 2992 et
466 2930 646 3011 simpliciter
667 2950 728 2992 non
752 2949 880 3011 peecare
905 2929 996 3007 dicut,

73 3012 220 3074 Letomus
254 3015 489 3092 consequentius
523 3021 554 3076 et
589 3015 832 3076 circumstantias
865 3013 994 3094 fugiens,

76 3113 155 3174 quus
178 3095 334 3175 professus
368 3104 414 3158 cst
442 3116 516 3178 pree
549 3096 690 3161 omnibus
723 3098 825 3177 sequi,
857 3095 992 3159 sistitur.

75 3178 146 3259 Ego¹
166 3185 278 3254 eutem,
301 3179 352 3258 qui
375 3199 428 3241 ess
451 3179 601 3254 observo,
623 3182 652 3240 in
676 3181 719 3240 eie
741 3179 869 3256 haereo,
892 3197 993 3240 meum

74 3280 136 3322 non
160 3279 228 3321 esse
249 3261 421 3342 intelligens
450 3282 601 3338 asserere,
633 3262 714 3325 idern
747 3282 814 3324 esse
837 3261 993 3324 hominem

77 3351 105 3404 et
127 3344 281 3404 hominem
303 3346 425 3423 iustum,
447 3347 518 3408 item
531 3365 661 3426 peccare
683 3353 713 3406 et
726 3345 906 3406 benefacere
924 3363 993 3406 cum

78 3446 136 3488 uon
161 3444 300 3506 peccare.
344 3427 382 3490 ut
403 3429 494 3509 plene
516 3429 680 3510 couiitsor,
708 3430 731 3488 si
755 3428 898 3490 Latonius
921 3427 994 3489 mibi

78 3529 144 3572 esur
167 3517 347 3591 opponeret,
370 3511 458 3574 buius
480 3531 568 3574 mese
590 3513 759 3574 sententies
779 3517 913 3573 assertor
935 3512 994 3572 isc-

78 3601 140 3670 tus,
175 3599 205 3654 et
227 3593 426 3657 contenderet
451 3597 482 3656 iu
505 3594 667 3675 scripturis
710 3594 864 3656 bominem
896 3594 1007 3674 accipi*

80 3674 223 3737 ferrucio
251 3676 350 3759 rnslo,
380 3696 437 3761 pro
465 3683 645 3760 peccatore,
679 3685 712 3740 ut
733 3676 830 3740 (isne.
853 3678 882 3741 6.
905 3677 975 3738 et?
