2250 4008
95 241 98 247 .
130 171 192 241 458
215 195 216 198 ’
421 176 580 232 Coalutstlo
600 175 766 232 buticularia

33 351 34 354 ¹
130 333 229 414 magis
251 330 373 394 eredaru
396 333 489 416 priori
512 339 545 393 ut
566 333 691 413 girami
704 331 922 414 signifieationi
939 341 970 394 et
990 331 1047 392 ior·

131 423 214 477 tasse
236 416 304 477 soli.
340 417 417 478 Nam
441 416 529 477 huius
551 415 635 477 verbi
658 418 718 477 rim
742 416 913 478 aemulatus
931 416 1049 477 videtur

129 499 240 560 Paulus
253 499 368 564 altu.
387 502 421 562 4:
443 500 528 561 lnsta
540 508 722 581 opportune,
735 501 920 582 importune,
944 517 1048 580 argue,

130 584 265 663 inorepa,
287 583 424 646 obseura.
469 580 550 659 Quid
578 584 639 644 hoo
661 591 722 662 est,
755 586 813 644 nisi
843 583 971 645 verbnm
993 583 1049 643 Dei

129 685 198 727 esse
219 667 341 726 assidue
363 667 555 727 tractandum
578 675 608 727 et
626 666 852 744 inouleaudum,
876 665 1048 726 aeuendum

129 757 161 810 et
182 749 422 830 expoliendum?
445 771 484 810 ue
507 749 623 811 s'oilioet
651 753 765 811 intrent
793 749 976 811 traditiones
997 749 1049 807 ho·

131 835 245 894 minum
289 843 319 892 et
361 831 504 895 hebetent
545 833 669 894 verbum
705 835 782 906 Dei,
817 833 934 913 fiatque
977 829 1050 892 illud

130 916 232 978 Baelo.
257 919 308 981 10:
338 916 370 978 Si
393 918 502 976 terrum
525 916 737 998 rubiginosum
759 917 865 997 fuerit,
902 923 935 976 et
956 915 1050 976 ieeies

130 1000 195 1060 eius
217 1018 277 1060 non
302 999 486 1075 deterantur,
509 999 735 1060 roborabuntur
757 1002 836 1060 vires
859 1007 919 1060 eto.

213 1083 253 1142 ut
269 1081 370 1144 Euod.
393 1084 443 1160 32,
467 1081 517 1142 ubi
541 1083 666 1143 dieitur:
700 1083 878 1163 vidensque
900 1081 1051 1164 populum

130 1183 199 1226 esse
220 1164 350 1242 nudum,
381 1165 568 1245 spoliaverat
596 1167 676 1226 enim
700 1185 769 1227 eum
795 1169 899 1228 Aaron
924 1171 1053 1246 propter

130 1248 329 1328 ignominiam
352 1248 467 1324 sordis,
500 1256 531 1308 et
562 1250 641 1309 inter
673 1248 777 1310 hostes
799 1250 915 1311 nudum
939 1249 1052 1314 eonst-

130 1337 245 1406 tuerat,
276 1349 337 1392 uon
360 1330 562 1410 prohibebor,
592 1333 663 1411 quin
694 1332 823 1394 eandem
852 1353 917 1392 rem
942 1331 1052 1392 melius

129 1415 175 1474 sio
196 1413 343 1476 reseram:
372 1413 411 1474 Et
433 1413 508 1476 vidit
529 1415 632 1475 Moses
654 1416 814 1496 populum,
836 1417 909 1496 quia
931 1416 1053 1476 otiosus

130 1507 229 1573 esset,
258 1497 390 1557 otiosum
414 1499 494 1557 euim
516 1497 630 1558 leserat
652 1519 722 1558 eum
746 1500 848 1559 Aaron
871 1498 911 1558 ad
934 1505 1053 1575 notem,

130 1580 201 1641 dum
224 1581 372 1640 erexisset
394 1599 472 1644 eum.
518 1579 608 1655 Quod
642 1581 767 1641 verbum
790 1581 902 1642 Paulus
926 1580 967 1640 ad
990 1579 1053 1640 Ga-

130 1662 208 1724 latae
221 1665 257 1736 *t
282 1662 453 1724 aemulatus
475 1662 562 1725 dieit:
597 1665 747 1724 Eluaouati
782 1665 855 1724 estis
876 1684 897 1724 a
918 1663 1052 1730 Christo,

131 1755 162 1806 et
183 1747 362 1806 eveouatum
386 1752 433 1806 est
454 1746 634 1807 seandalum
650 1749 760 1824 eruoie,
781 1747 811 1808 id
834 1754 891 1821 est,
915 1746 1054 1806 oessarit

130 1829 325 1903 seandalum,
358 1830 418 1890 iam
451 1847 512 1889 non
545 1827 655 1889 eiiloax
683 1835 745 1906 eet,
779 1849 837 1891 nee
859 1829 1000 1890 Ohristus
1022 1830 1052 1888 in

130 1911 218 1973 vobis
242 1929 391 1992 operosus
423 1919 478 1974 set.
521 1911 570 1974 Ita
601 1913 651 1972 hie
674 1914 778 1974 Aaron
810 1931 866 1974 auo
889 1913 990 1973 vitulo
1012 1912 1054 1972 te-

131 2003 214 2056 neret
236 1992 399 2075 populum,
432 2003 464 2054 ut
486 2013 543 2054 nee
564 2015 584 2054 a
606 1995 672 2055 Deo
695 2003 852 2078 ageretur,
886 2015 947 2056 nee
969 1995 1054 2054 Deus

129 2085 237 2159 ageret
259 2079 288 2160 in
311 2079 390 2157 ipso,
413 2078 466 2138 sed
492 2079 608 2138 otiosus
631 2077 669 2138 ab
692 2077 752 2138 illis
771 2078 880 2139 divinis
904 2077 1053 2159 operibus

131 2168 250 2224 ereotus
273 2165 357 2221 esset
378 2160 417 2220 ad
439 2160 568 2242 gloriam
590 2163 733 2240 propriae
751 2163 896 2222 iustitiae.
941 2159 1053 2222 Nonne

130 2245 190 2306 boe
212 2243 308 2305 verbo
329 2242 456 2324 pulohre
478 2262 540 2304 nou
563 2244 662 2304 solum
680 2243 848 2304 nuditatem
862 2245 976 2326 ipsam,
999 2243 1051 2303 sed

131 2328 255 2407 etquid
278 2328 331 2389 illa
353 2328 393 2386 sit
414 2335 445 2387 et
464 2326 639 2410 portendat,
661 2327 799 2408 oolligo‘?
825 2327 946 2408 Nempe
969 2326 1052 2410 quod

131 2411 263 2472 loturum
286 2417 361 2484 erat,
385 2411 465 2470 siout
486 2417 517 2470 et
538 2409 600 2470 illio
624 2411 728 2471 Aaron
751 2410 876 2488 iecerat,
898 2407 985 2488 quod
1008 2428 1053 2470 aa·

132 2493 272 2554 serdotes
296 2493 443 2573 populum
475 2493 584 2572 alege
607 2493 664 2552 Dei
686 2493 857 2572 traherent,
887 2501 917 2552 et
942 2492 1053 2552 divinis

131 2576 362 2657 operationibus
394 2582 552 2637 vaeautem
587 2577 617 2636 in
647 2577 709 2635 suis
742 2577 873 2656 propriis
906 2574 1053 2655 operibus

133 2661 297 2740 erigerent,
320 2662 398 2720 siout
419 2667 450 2720 et
472 2658 583 2720 Paulus
598 2657 652 2742 **)
678 2659 765 2719 dioit:
788 2657 974 2719 Otroumeidl
997 2677 1052 2719 vos

47 2765 51 2777 ³
133 2743 254 2820 volunt,
284 2750 317 2803 ut
344 2744 373 2802 iu
398 2761 490 2804 earne
517 2749 619 2802 vestra
640 2743 815 2822 glorientur.
859 2741 949 2803 Hono
971 2741 1051 2802 enim

133 2824 262 2904 gloriam
292 2827 389 2905 tangit
411 2826 529 2898 Moses,
562 2825 686 2902 quando
717 2824 806 2904 dloit,
833 2825 983 2906 populum
1015 2824 1052 2884 ab

135 2908 258 2968 Assone
281 2917 477 2986 evacuatum,
508 2911 661 2968 ettamen
684 2916 819 2968 ereetum
842 2909 870 2967 in
893 2927 982 2968 suem
1001 2925 1051 2966 no·
1114 2903 1115 2946 l

134 2999 207 3068 tam,
231 2998 263 3051 ut
285 2992 351 3070 ipse
374 2991 444 3050 hino
465 2989 608 3050 notabilis
629 2999 726 3069 esset,
757 2992 842 3051 sulus
865 3009 962 3071 opera
983 2991 1051 3051 talis

135 3081 217 3135 esset
243 3073 374 3155 populus
406 3071 521 3149 iaetus,
557 3073 586 3132 id
623 3072 704 3154 quod
733 3073 938 3154 Hieronymus
972 3073 1052 3149 dioit,

134 3164 261 3240 propter
281 3155 479 3238 ignominiam
514 3155 612 3216 sordis
643 3166 673 3216 et
699 3157 778 3216 iuter
805 3157 910 3218 hostes
939 3155 1050 3217 nudum

136 3242 351 3314 eonstituerat,
382 3237 559 3319 quod-nihil
582 3239 655 3299 taait
677 3257 776 3318 neque
804 3238 843 3301 ad
865 3255 929 3301 rem
955 3259 1050 3320 neque
1114 3257 1115 3270 ¹

137 3324 175 3384 sd
198 3330 333 3398 textum,
357 3322 414 3381 nisi
436 3323 622 3400 aequivoees
644 3323 764 3401 omnia,
796 3323 879 3402 quod
900 3343 963 3386 non
985 3341 1049 3402 pro·

136 3397 236 3464 hitto.
290 3404 338 3464 Ab
367 3405 427 3464 hoe
454 3402 549 3464 verbo
582 3420 640 3468 rex
659 3405 792 3486 Aegypti
820 3423 931 3466 nomen
961 3404 1048 3466 habet

199 3660 240 3732 ⁴)
259 3665 316 3721 eu.
336 3669 361 3722 42
382 3657 441 3734 '··)
462 3666 520 3722 eu.
543 3668 568 3724 e.
