2252 4006
147 1037 214 1130 Ad
261 1035 438 1130 Librum
480 1033 627 1130 eximii
672 1034 881 1155 Magistri
923 1035 1056 1130 nostri

146 1173 198 1266 ll.
227 1170 447 1267 Ambrosii
477 1170 713 1282 catherini,
733 1171 969 1266 defensoris
987 1170 1056 1266 sil-

146 1307 290 1403 vestri
324 1307 544 1402 Prieratis
575 1306 794 1418 acerrimi,
831 1308 1055 1426 Responsio

144 1446 272 1539 Mart.
303 1441 502 1555 liutheri,
540 1471 632 1538 cun
669 1441 868 1563 exposita
895 1440 1054 1538 risione

90 1708 93 1713 Ι
226 1593 231 1602 ’
260 1579 413 1676 Daniel
442 1579 559 1674 VIII.
589 1581 639 1674 de
666 1578 952 1674 Antichristo.

557 1745 662 1833 caat.

225 2121 456 2181 Ambrosius
489 2121 739 2196 catherinus,
762 2121 821 2199 cui,
844 2125 1007 2198 antequam
1028 2138 1052 2178 a.

144 2204 232 2266 1517.
261 2201 506 2282 Praedicatorum
540 2205 637 2264 ordini
668 2204 837 2282 adscriptus
863 2211 918 2278 est,
953 2219 1054 2261 nomen

141 2295 206 2344 erat
228 2285 483 2346 Lancelottue
504 2287 671 2366 Polites,
695 2286 802 2346 librum
825 2304 916 2364 quem
935 2285 1054 2364 primum

141 2376 359 2447 composuerat
375 2389 455 2429 anno
472 2374 550 2436 1520
573 2371 744 2431 Florentiae
764 2369 935 2428 Tuscorum
958 2373 1056 2427 contra

140 2449 302 2510 liutherum
328 2452 422 2511 edidit
443 2451 499 2512 sub
524 2453 584 2514 hoc
605 2452 709 2514 titulo:
733 2451 802 2527 „Ad
821 2449 965 2511 carolum
983 2468 1055 2508 max.

140 2534 354 2612 imperatorem
392 2542 422 2594 et
458 2535 670 2614 Hispaniarum
704 2555 807 2614 regem
842 2533 874 2593 F.
909 2531 1055 2592 Ambrosii

141 2615 295 2676 Gatharini
318 2617 415 2677 ordin.
438 2616 687 2678 Praedicatorum
717 2617 872 2697 Apologia
901 2633 958 2695 pro
989 2617 1055 2674 veri·

141 2703 203 2756 tate
225 2698 395 2759 catholicae
418 2719 455 2759 ac
478 2701 670 2779 apostolicae
692 2699 762 2760 fidei
787 2719 824 2758 ac
840 2696 1053 2758 doctriuaead·

140 2799 245 2839 versus
268 2783 361 2860 impia
379 2792 410 2842 et
430 2783 521 2842 valde
544 2783 688 2863 pestitera
708 2782 827 2842 Martini
851 2780 973 2840 Lutheri
989 2779 1054 2857 dog·

139 2863 252 2922 mata.“
295 2863 363 2942 lpse
399 2865 436 2924 de
469 2865 530 2925 hoc
563 2868 676 2946 scripto
699 2864 729 2926 iu
760 2864 1053 2944 Expurgatiooe

138 2943 326 3006 adversus
356 2945 1052 3027 ApologIemDominiciaSotop.16.

137 3027 215 3087 haec
248 3028 353 3091 tradit:
397 3029 551 3109 „Pdmum
594 3050 668 3110 ergo
702 3031 795 3090 fetum
833 3030 918 3088 emisi
961 3027 1052 3088 adhuc

137 3111 269 3170 novitius
304 3113 390 3172 miles
423 3115 451 3172 in
486 3115 592 3174 ordine
625 3122 730 3174 centra
752 3113 872 3172 Lutheri
905 3112 1051 3180 haereses,

137 3208 226 3271 quem
251 3193 349 3254 dicavi
373 3195 515 3268 Caesari,
550 3199 609 3255 iam
633 3207 703 3255 sunt
737 3197 807 3254 anni
831 3193 974 3271 XXVlll,
1007 3193 1050 3270 qui

137 3275 193 3334 sibi
215 3278 340 3336 nomiae
374 3280 482 3336 summi
507 3278 662 3340 Pontiflois
686 3279 723 3338 ab
747 3279 920 3356 apostolico
953 3277 1050 3334 niiutio

137 3355 172 3417 D.
195 3357 351 3429 Leandro,
379 3361 574 3438 postmodum
608 3361 760 3421 Cardiuali
783 3367 898 3436 creato,
922 3358 1049 3418 oblatum

76 3436 82 3448 '
136 3446 290 3512 gratanter
312 3441 402 3498 etiam
434 3445 577 3521 suscepit.
623 3443 705 3502 lllam
734 3451 835 3501 temen
866 3441 1047 3520 provinciam

136 3534 196 3574 non
210 3520 282 3578 mihi
297 3528 410 3580 temere
419 3525 570 3601 arrogari,
579 3524 632 3583 sed
645 3525 812 3604 praepositi
821 3524 880 3583 mei
889 3528 1047 3602 praecepto

137 3604 167 3654 et
177 3601 207 3655 iu
219 3602 676 3686 meritumobedieutiaereoepi.
694 3606 860 3666 Fuituihilo
874 3607 973 3666 miuus
981 3604 1048 3664 liber
