2262 4006
146 191 211 262 404
433 167 597 256 'connum
614 197 782 256 Lntheriaue

148 351 239 413 bilius
262 371 354 431 quam
378 351 501 433 papae?
536 351 593 414 Ubi
624 359 765 434 astorgo
795 353 956 417 eonsilium
982 333 1075 410 istius

149 443 212 498 tam
241 435 412 516 sapientis?
455 435 553 512 Quam
592 437 749 516 pulahmm
788 437 903 498 idolum
936 434 1076 496 nobise

147 538 232 600 papa
254 519 326 579 laoit
348 525 409 579 tam
433 519 557 600 sapiens
582 521 635 596 vir,
658 528 690 580 ut
711 522 894 600 ovesprimo
918 518 1078 598 incipiant

147 620 390 682 aesopianam,
426 609 456 663 et
477 603 610 683 populus
642 605 722 664 viam
758 604 824 683 ipse
851 603 1007 682 dirigere,
1046 605 1077 658 et

149 685 266 766 pastori
286 704 418 765 pascua,
441 692 473 746 et
494 685 564 746 duoi
588 687 715 766 vestigia
736 687 865 766 parare?
900 685 963 746 Sed
990 681 1077 758 vide,

149 766 223 848 quid
244 769 271 828 ei
294 787 364 828 num
385 768 513 830 latomo
536 787 658 852 quoque
679 786 735 829 suo
757 778 867 849 poetae
889 765 1077 830 conveniat.

147 851 277 914 Latomo
311 870 374 911 non
408 853 532 913 omnino
569 853 729 912 tenendum
763 850 897 928 ridetur,
932 850 1077 930 sapienti

146 953 203 996 suo
235 935 361 997 omnino
396 934 557 996 tacendum
590 935 718 998 videtur.
761 935 859 996 Velim
897 935 948 994 hio
980 933 1077 1007 seire,

147 1025 213 1078 uter
236 1019 414 1095 mentiatur,
436 1025 529 1098 poeta
551 1018 598 1079 vel
621 1017 755 1098 poema?
790 1021 851 1082 Aut
872 1019 952 1079 enim
979 1015 1079 1076 Lato·

146 1120 218 1161 mus
242 1102 395 1179 mentitur,
417 1119 486 1160 eum
509 1102 566 1161 sibi
589 1103 757 1182 sapientem
781 1101 884 1181 videri,
908 1108 962 1161 ant
987 1117 1076 1158 men·

146 1187 238 1259 titur,
260 1183 319 1244 eibi
341 1202 404 1244 non
426 1185 551 1245 omnino
582 1183 743 1246 taoeudum
769 1183 872 1246 videri.
916 1182 982 1245 sed
1014 1200 1077 1242 nea

145 1268 212 1346 ipse
236 1267 360 1345 sapiens
382 1267 438 1327 sibi
461 1275 592 1343 onustat,
615 1269 665 1346 qui
682 1267 849 1328 'tenendum
871 1266 1018 1340 suadeat,
1045 1273 1076 1324 et

145 1359 249 1410 tamen
276 1369 293 1410 e
315 1368 398 1430 papa
409 1351 610 1429 prostibulum
626 1351 709 1434 fauit,
732 1351 845 1425 dioens,
868 1369 938 1410 eum
963 1348 1075 1428 largiri

144 1434 255 1492 iniusta
277 1439 307 1492 et
328 1431 495 1511 refutanda,
519 1451 598 1512 quae
620 1432 698 1493 ultro
720 1433 903 1494 offeruntur.

231 1515 334 1592 Quam
357 1517 434 1576 saite
455 1516 531 1578 dixit
553 1516 702 1598 Hilarius,
734 1515 887 1577 difflollem
908 1516 977 1576 lore
1001 1533 1075 1574 oau-

145 1618 212 1660 sam
236 1599 372 1660 veritatis
395 1599 471 1660 tueri
493 1599 639 1660 adversus
661 1601 784 1680 impios,
806 1601 830 1660 si
852 1606 972 1660 tontum
997 1616 1072 1660 oon·

144 1682 257 1744 soleret
287 1681 462 1762 prudentia,
499 1689 644 1761 quantum
684 1682 775 1743 audet
810 1683 968 1763 impietas,
1016 1680 1072 1742 sed

143 1784 255 1846 perge,
296 1765 441 1845 mysteria
472 1773 598 1826 sanotae
637 1766 723 1826 huius
762 1765 946 1827 adulationis
985 1763 1071 1824 vide·

144 1868 241 1910 amns.
284 1847 454 1908 Ferendum
491 1849 624 1928 (inquit)
660 1849 803 1930 principis
842 1850 971 1924 vitium,
1008 1866 1069 1927 quo

143 1937 175 1992 tu
212 1929 345 1994 laboras.
401 1929 441 1992 Ut
472 1948 546 2012 ergo
585 1950 691 1993 omnes
730 1937 853 1994 taceant
889 1936 981 2006 (nam
1017 1949 1070 2010 ge·

144 2015 251 2076 nerale
284 2021 331 2074 est
359 2012 469 2074 silendi
500 2015 677 2078 mandatum
697 2015 786 2076 huius
815 2011 1065 2088 Latomiensis¹)

143 2097 308 2177 sepientis)
334 2115 441 2157 omnes
474 2098 583 2161 eodem
620 2099 694 2158 vitio
727 2097 909 2159 laborabunt
941 2096 992 2157 vel
1024 2097 1068 2156 in·

145 2181 208 2244 viti.
257 2181 320 2240 Aut
351 2187 433 2240 nerto
472 2180 532 2240 illis
572 2182 761 2261 permittetur
802 2182 977 2260 correptio,
1014 2182 1066 2259 qui

143 2281 207 2324 non
229 2261 370 2325 laborant
391 2262 501 2324 eodem
522 2265 613 2343 vitio,
648 2282 726 2344 qnos
758 2283 811 2326 our
842 2272 944 2324 tanere
972 2265 1066 2342 igitur

143 2346 248 2408 iubet?
275 2346 344 2426 Ego
367 2365 407 2407 ex
428 2347 532 2406 enimn
554 2347 644 2409 faveo
673 2355 734 2408 tam
764 2358 867 2430 aptam
891 2355 921 2408 et
941 2346 1065 2408 oonsul-

144 2436 205 2490 tam
228 2428 442 2509 gratitudinem
466 2430 572 2490 Bullae
594 2433 671 2490 istae
696 2430 959 2510 eomprobratriai.
1004 2428 1063 2492 Sed

144 2531 213 2576 oum
236 2514 267 2572 in
291 2511 455 2574 Lutherum
477 2516 601 2594 proprie
622 2514 680 2578 ista
702 2532 795 2574 auena
817 2513 958 2574 nimirum
980 2513 1063 2592 inge-

144 2597 232 2658 niosa
255 2597 403 2656 instruatu
425 2598 480 2674 sit,
504 2597 593 2657 velim
618 2595 732 2672 donari,
754 2594 837 2675 quod
859 2596 931 2656 illud
956 2597 1062 2656 vitium

144 2680 210 2740 eius
232 2679 272 2738 eit
294 2697 362 2741 oum
385 2698 468 2759 papa
483 2680 619 2760 prinnipe
641 2679 824 2740 commune?
848 2681 895 2741 An
919 2680 1063 2743 univerae

144 2761 231 2822 lerna
250 2761 460 2823 Romanorum
483 2763 632 2824 eoelerum
673 2781 826 2824 meream
863 2762 958 2844 agat?
1003 2761 1061 2823 Sed

143 2862 278 2924 quaero,
301 2864 369 2908 anm
392 2844 571 2925 praedioare
595 2845 796 2926 Evangelium
819 2853 961 2925 oporteat
982 2864 1063 2921 eum,

144 2928 195 3006 qui
218 2934 347 2988 vocatus
369 2929 426 3000 sit,
449 2931 533 2990 omni
555 2938 730 3008 creaturae,
753 2948 791 2989 an
815 2947 897 3008 papa
918 2930 958 2988 sit
981 2947 1062 2988 area·

144 3009 230 3071 tura?
264 3009 324 3070 Gur
357 3029 432 3090 ergo
454 3031 516 3073 non
551 3013 622 3074 lioet
654 3014 681 3072 ei
704 3013 861 3073 veritatem
894 3011 997 3092 palam
1034 3019 1061 3072 et

144 3093 237 3154 libore
260 3092 385 3154 dicere?
429 3094 488 3156 Sed
512 3096 585 3156 satis
613 3095 705 3171 haee,
736 3095 859 3174 dignam
889 3093 983 3156 habet
1004 3095 1060 3154 ista

144 3177 279 3238 adulatio
303 3177 475 3238 mercedem
499 3184 561 3240 tam
585 3179 696 3240 stultae
717 3178 873 3256 stultitiae,
897 3196 993 3257 quare
1017 3196 1059 3238 sa·

125 3261 238 3340 pienti
261 3261 320 3320 isto
343 3261 456 3340 septies
478 3261 571 3324 stulto
601 3269 632 3322 et
662 3261 814 3342 sacrilego
838 3260 967 3321 dimisso
1006 3279 1060 3321 nos

27 3347 31 3353 ’
101 3389 104 3394 .
143 3343 327 3422 erudiamur,
349 3343 429 3402 aient
450 3352 573 3422 oportet
585 3344 669 3405 liberi
682 3344 842 3424 Evangelii
864 3343 979 3404 liberos
992 3361 1058 3404 aon·

143 3426 275 3485 fessores
299 3424 421 3500 erudiri,
443 3435 474 3484 et
494 3426 555 3486 hoa
576 3430 731 3506 sapiamus
753 3445 791 3488 ao
810 3427 971 3488 satiamus.

245 3505 314 3582 Quo
358 3509 455 3568 maior
501 3518 547 3568 est
584 3511 743 3589 priuoeps,
788 3511 969 3590 praesertim
1015 3527 1057 3568 ea

217 3691 244 3751 l)
262 3687 376 3743 Insedit.
393 3684 646 3748 lamentamini.
