2252 4006
145 141 208 210 226
336 146 459 198 Assertio
491 160 567 199 omn.
587 143 661 198 ertio.
681 146 711 200 Ι).
729 143 763 198 Μ.
782 144 811 199 L.
829 159 879 213 por

147 299 220 377 seri,
244 303 290 357 εει
311 303 412 359 autom
437 299 583 358 articulus
606 298 695 358 nixos
717 299 816 378 primo
838 299 868 355 in
892 296 982 356 verbo
1003 277 1057 358 Ᾰε-

147 380 276 460 gustini,
306 379 343 440 ds
366 381 472 461 spiritu
497 388 528 440 et
557 381 644 440 litero
666 398 733 459 esp.
754 380 788 442 4:
821 379 959 438 Liberum
991 378 1060 439 urbi-

148 464 237 523 trium
260 463 327 523 sine
348 463 447 543 gratia
468 482 530 522 non
554 463 645 542 volet,
659 463 768 522 nisiod
787 462 987 542 pensandum.
1007 462 1061 523 Ro-

147 564 198 626 go,
221 563 301 624 quse
323 552 371 606 εει
391 547 451 606 ists
472 545 605 615 libertas,
630 564 709 626 quae
731 564 791 605 non
816 546 874 606 nisi
895 544 1062 606 inultorum

146 634 265 708 partem
288 635 399 707 potest,
422 646 552 708 eumque
581 627 739 707 peiorem?
783 629 838 688 Est
859 626 920 687 boo
948 645 1015 688 esse
1036 627 1063 687 li·

148 711 264 791 berum,
287 730 349 773 non
373 729 466 791 posse
487 713 545 770 nisi
569 709 719 790 peecare?

134 845 139 855 .
230 793 290 854 Sed
313 794 486 874 Augustino
510 812 570 854 non
595 793 726 855 oredom.
771 792 943 872 Scripturas
966 791 1065 852 audia-

149 895 225 938 mus.
269 875 405 938 Christus
439 877 512 936 dioit
534 877 639 938 lobon.
664 879 716 940 lb:
746 875 818 936 Sine
842 895 890 935 me
918 875 994 934 nibil
1015 893 1064 954 po-

148 960 233 1019 testis
256 959 367 1020 lacero.
410 957 489 1034 Quid
513 969 559 1019 εει
581 959 640 1019 hoo
662 959 745 1034 nihil,
768 957 850 1037 quod
873 957 1065 1018 sineGhristo

147 1042 221 1102 feeit
241 1041 370 1102 liberum
393 1042 571 1102 arbitrium?
616 1041 779 1120 Praeparat
802 1061 845 1117 se,
867 1041 1020 1119 inquiunt,
1033 1042 1066 1099 ud

148 1126 278 1204 gratiam
291 1144 346 1204 per
358 1143 452 1203 opero
470 1125 624 1185 moraliter
634 1124 725 1185 bonu.
751 1123 810 1184 Sed
825 1143 861 1184 εε
871 1123 1013 1184 Christus
1023 1122 1067 1182 hio

146 1205 219 1267 faoit
241 1207 332 1284 nihil,
363 1226 438 1287 ergo
461 1227 515 1287 per
536 1207 608 1268 nibil
631 1227 664 1266 εε
686 1215 864 1286 praeparat,
888 1207 965 1264 miro
988 1225 1068 1285 proo-

148 1291 277 1369 paratio,
300 1308 379 1368 qnos
401 1309 455 1369 per
484 1290 555 1349 nibil
585 1289 626 1350 lit.
672 1290 784 1349 Verum
807 1289 879 1368 qnid
901 1287 976 1348 illud
1000 1288 1068 1348 nibil

145 1373 206 1450 sit,
234 1373 301 1452 ipse
322 1382 486 1452 sequenter
508 1374 646 1452 exponit,
670 1372 788 1432 diosus:
824 1371 857 1433 Si
880 1373 948 1450 quis
971 1371 1002 1430 in
1026 1390 1070 1430 me

148 1474 211 1516 non
235 1457 389 1530 manserit,
413 1457 548 1516 mittetur
570 1455 652 1515 foros
674 1456 752 1514 siout
775 1455 901 1534 palmes,
920 1455 1071 1514 staresoit

148 1545 179 1598 et
201 1538 350 1618 eolligunt
372 1558 440 1598 eum
464 1539 545 1598 etin
568 1541 668 1616 ignem
693 1539 815 1597 mittunt
837 1545 867 1596 ει
886 1537 984 1598 ardet.
1013 1535 1070 1597 Ob·
1121 1555 1122 1558 ’

148 1639 253 1698 seoro,
289 1629 437 1700 quaeest
459 1628 511 1681 tuo
543 1621 627 1681 frons
660 1619 848 1697 meretricis,
879 1619 1070 1680 sanctissime

147 1705 260 1764 vionrie
283 1703 409 1782 Christi,
440 1723 500 1782 qus
522 1705 567 1763 sio
589 1702 702 1763 ondens
724 1703 857 1763 Domino
880 1713 934 1763 tuo
954 1709 1072 1762 oontrs-

148 1785 271 1847 diosre?
293 1787 339 1847 'l'u
362 1785 454 1863 diois,
483 1785 565 1865 qnod
589 1785 716 1849 liberum
740 1784 895 1846 arbitrium
918 1785 1020 1865 possit
1039 1803 1072 1844 εε

148 1888 268 1949 pauore,
289 1877 322 1929 ut
343 1870 433 1928 intret
455 1868 493 1928 ad
516 1871 658 1948 gratiam.
703 1868 818 1929 Contra
830 1867 969 1929 Obristus
992 1866 1072 1945 dioit,

149 1952 232 2031 quod
255 1953 391 2012 mittatur
412 1951 504 2026 foras,
526 1959 560 2011 ut
581 1952 702 2031 longior
724 1949 778 2011 flat
797 1971 817 2010 ε
833 1951 943 2030 gratio.
974 1949 1071 2026 Quom

149 2034 277 2114 pulohre
301 2033 471 2095 oonoordnt
493 2044 544 2094 tun
568 2033 656 2094 Bulla
678 2052 746 2098 oum
770 2031 960 2113 evangelio?

232 2117 384 2177 Christum
399 2136 472 2196 ergo
483 2117 654 2196 audiamus,
672 2118 723 2196 qui
746 2117 878 2196 palmitis
901 2116 998 2176 exoisi
1022 2135 1072 2196 po·

149 2201 193 2258 nit
215 2201 348 2278 quinque
370 2201 548 2279 perditionis
571 2200 694 2280 gradus,
718 2200 827 2278 quibus
847 2199 982 2260 ostendit
1004 2217 1071 2258 eum

148 2300 183 2341 εε
206 2301 268 2342 non
291 2281 383 2343 modo
407 2301 467 2342 non
491 2301 584 2363 posse
607 2283 645 2342 ad
672 2282 785 2342 bonum
804 2301 920 2362 parare,
946 2281 1001 2342 sed
1023 2301 1073 2342 ne-

149 2367 285 2425 cessario
307 2366 441 2446 peiorem
467 2364 539 2425 fieri.
585 2367 702 2424 Primus
726 2373 782 2444 est,
798 2365 880 2444 qnod
903 2365 987 2424 foros
1010 2367 1074 2424 mit·

148 2449 230 2526 titur,
252 2467 327 2528 ergo
341 2467 402 2508 nou
423 2449 642 2526 intromittitur,
666 2449 754 2508 datur
775 2449 805 2508 in
820 2455 1004 2528 potestatem
1024 2468 1071 2508 εε·

149 2536 249 2608 mnae,
272 2532 405 2609 quinon
430 2532 575 2612 permittit
597 2552 666 2592 eum
690 2532 845 2591 oouoriad
863 2531 988 2608 bonum,
1002 2531 1072 2609 quid

148 2615 229 2672 enim
252 2614 334 2673 aliud
357 2614 440 2673 foros
458 2615 574 2673 mittere
587 2620 692 2694 potest
713 2613 907 2693 significare?
929 2613 1070 2674 Secundo

147 2696 269 2773 oresoit,
291 2696 352 2756 hoo
375 2703 429 2773 est,
453 2696 589 2781 quotidie
612 2698 699 2776 peior
721 2695 764 2773 lit,
787 2696 844 2756 sibi
866 2696 1001 2758 reliotus.
1023 2699 1071 2756 At·

147 2795 208 2856 que
231 2776 311 2838 bueo
333 2787 402 2838 sunt
426 2798 520 2858 opero
543 2779 603 2839 duo
617 2779 703 2839 liberi
726 2778 852 2855 arbitrii,
869 2780 989 2839 seilicet
1006 2797 1070 2859 peo-

148 2878 219 2920 oure
242 2867 273 2921 ει
295 2879 493 2941 perseverare
517 2880 746 2941 augescereqne
768 2863 798 2922 in
822 2863 969 2941 peoootis,
992 2861 1069 2922 foras

148 2943 224 3003 mitti
249 2950 279 3004 et
301 2963 450 3007 urescere.
496 2945 526 3006 Si
550 2947 630 3005 enim
655 2945 736 3004 aliud
759 2952 861 3024 potest
876 2945 1004 3005 liberum
1028 2965 1071 3004 nr·

147 3025 287 3103 bitrium,
322 3024 458 3086 Christus
493 3037 575 3088 oerte
609 3029 760 3088 mentitur.
803 3027 877 3087 Tres
910 3035 1069 3106 sequentes

145 3126 267 3188 poenae
289 3116 369 3186 sunt,
392 3109 550 3190 eolligunt,
575 3111 692 3170 soilioet
713 3111 752 3169 ad
774 3110 930 3188 iudioium,
954 3118 987 3168 ut
1005 3129 1069 3171 oon-

122 3190 287 3251 'rinootur
309 3211 377 3251 oum
402 3192 478 3254 ollis.
525 3193 643 3253 Deinde
666 3193 952 3270 datosententin,in
972 3194 1068 3272 iguem

145 3274 269 3334 mittunt
289 3282 460 3351 oeternum,
484 3275 534 3336 nbi
558 3277 679 3336 tandem
703 3294 764 3336 non
787 3275 954 3353 nisiordet,
972 3275 1068 3354 idest,

144 3373 278 3433 poenum
302 3356 365 3417 luet
386 3363 554 3419 aeternam.
598 3359 679 3419 Nihil
712 3376 785 3438 ergo
819 3377 913 3438 posse
946 3358 1067 3418 liberum

145 3436 318 3516 arbitrium,
340 3457 401 3498 non
426 3447 491 3516 est,
519 3447 552 3500 ut
573 3441 614 3500 illi
636 3439 772 3520 fingunt,
800 3460 861 3501 non
885 3442 1067 3502 meritorium

144 3521 274 3598 operari,
312 3520 365 3580 sed
400 3528 447 3580 εει
468 3520 554 3581 forus
594 3524 671 3584 mitti
706 3532 908 3586 obarescere.
952 3523 1067 3584 Polmes

145 3599 266 3660 excisus
294 3620 356 3662 nou
379 3620 448 3662 εεεε
470 3612 557 3683 parat
586 3605 625 3664 nd
648 3607 756 3687 vitem,
778 3605 882 3686 'neque
910 3609 992 3669 enim
1022 3627 1070 3690 po-
