2252 4006
309 181 444 240 librorum
462 183 531 240 iuris
550 183 675 238 emunim
693 187 743 237 ste.
927 175 990 246 mli

152 337 204 402 Ἀ.
227 335 340 417 Pspsm
364 336 479 399 bebere
493 325 691 419 polentem,
724 342 798 398 sets
817 335 887 398 Deo
909 334 991 398 luein

65 419 262 481 dissolvendi
284 428 315 482 et
336 419 554 490 commutandi,
574 420 614 481 ds
634 427 699 482 rot
721 429 752 480 et
773 439 823 483 vo.
844 418 908 482 red,

154 501 246 579 Quod
268 505 359 564 etism
384 513 491 566 uentre
513 513 543 565 et
564 523 657 585 snpre
678 503 776 564 Deum
798 509 854 566 est.
976 543 978 556 ·

153 586 203 651 26.
226 584 315 662 Quod
346 607 428 668 pepe
461 588 566 664 donet,
588 607 674 663 eum,
702 587 754 667 qui
783 584 881 646 differt
902 602 990 646 suum

65 674 177 730 votnm
200 669 322 732 solvere
343 689 383 731 ex
405 678 571 752 prneneptn
595 670 662 748 Dei,
692 689 754 732 non
785 670 881 733 teneri
901 668 993 749 enlpe

65 752 249 832 ruptivoti.
292 752 416 818 ibidem.
966 783 970 790 ·

152 833 242 930 Quod
264 835 391 916 perinde
413 845 475 912 est,
508 856 546 898 sn
568 836 592 896 si
616 835 740 913 dixeris,
773 853 887 916 papam
921 853 990 896 esse

62 918 419 1096 alpegi‘iegmideieps
441 1001 550 1097 donet,
571 1001 686 1062 nullum
710 1020 802 1081 posse
831 1001 899 1062 Deo
930 1017 990 1062 ser·

61 1102 132 1144 rrre
155 1093 295 1146 mentum
319 1085 369 1144 vel
391 1103 564 1166 coniugem.

153 1165 230 1227 Cum
253 1175 354 1230 temen
377 1166 531 1228 Abraham
561 1167 697 1228 etmulti
719 1167 771 1228 elii
793 1167 897 1230 Suneti
920 1185 990 1231 nnu-

62 1251 165 1329 inguti
187 1250 297 1312 luerint
319 1259 351 1312 et
372 1251 454 1312 Deus
476 1252 544 1331 ipse
566 1251 790 1312 matrimonium
819 1251 991 1313 instituerit.

61 1331 180 1394 Proeul
208 1333 302 1394 dubio
333 1335 379 1394 sin
406 1335 514 1394 iterum
548 1333 743 1394 autichristus
775 1331 915 1395 aseendit
945 1353 992 1394 su·

64 1434 126 1494 pre
148 1416 261 1479 Deum.

154 1499 204 1562 28.
228 1498 318 1576 Qum
341 1519 420 1580 pepe
457 1499 577 1560 inutiles
611 1519 683 1562 sues
715 1501 799 1581 leges
832 1505 992 1580 eompmm

63 1580 156 1642 Eunu
181 1581 249 1642 eliis
270 1589 301 1644 et
321 1590 448 1644 renone
468 1582 652 1663 Seripturne.

152 1599 244 1740 gund
265 1666 296 1726 in
319 1665 457 1726 Decretis
479 1685 572 1746 saepe
594 1668 711 1747 repetit.

151 1750 202 1812 29.
226 1748 341 1828 Pupem
362 1747 475 1810 hebere
496 1756 695 1828 potestaten,
717 1761 835 1810 deorum
859 1746 991 1828 Scriptu-

63 1850 129 1890 rnm
156 1849 213 1910 pro
242 1849 298 1892 suo
321 1831 446 1892 erbitrin
476 1838 507 1892 et
533 1832 690 1893 voluntale
721 1830 992 1911 interpremndifet

64 1912 253 1988 doeendi¹),
275 1925 306 1974 et
325 1914 401 1976 nulli
421 1915 597 1995 permittere
624 1915 752 1976 eundem
775 1915 878 1990 nliter,
899 1933 990 1993 quem

63 1998 132 2075 ipse
158 2016 240 2076 pepe
260 1997 334 2058 velit
355 1997 553 2077 interpretari.

153 2077 223 2154 Quo
246 2099 280 2140 se
302 2081 391 2160 ponit
411 2100 504 2160 supra
526 2080 651 2140 verbum
674 2080 729 2140 Dei
759 2089 789 2140 et
816 2081 895 2140 idem
919 2098 989 2140 uou-

66 2160 152 2222 vellit
160 2170 191 2221 et
213 2165 392 2239 exstinguit,
414 2182 482 2224 eum
507 2171 608 2224 temen
623 2163 734 2224 Paulus
750 2169 779 2227 1.
791 2162 927 2226 Onriulh.
941 2164 990 2226 14.

65 2244 198 2305 dixerit:
229 2245 319 2322 Quod
341 2247 366 2306 si
388 2246 439 2306 elii
461 2245 629 2307 revelatum
647 2246 737 2307 fuerit
758 2245 887 2320 sedenti,
908 2245 991 2324 prior

66 2333 181 2388 teuent.

154 2412 205 2475 30.
229 2408 319 2486 Quod
340 2428 400 2471 non
419 2429 501 2491 pepe
519 2411 716 2491 efleripturs,
729 2409 783 2472 sed
797 2410 951 2491 Seriptnre
973 2429 992 2470 n

66 2495 362 2574 pspsuutnriintem,
374 2494 522 2574 vigorem,
530 2494 622 2556 robur
630 2503 660 2554 et
677 2495 853 2576 dignitatem
869 2492 989 2572 habeut.

153 2575 213 2652 Qui
237 2595 314 2637 nnus
337 2595 376 2636 ex
398 2576 616 2658 principalibus
638 2584 686 2638 est
707 2576 850 2656 articulis,
867 2581 992 2657 propter

66 2677 158 2740 quem
180 2678 262 2740 papa
285 2666 318 2720 ut
339 2676 428 2721 verus
450 2659 645 2721 autichristus
674 2667 823 2740 meretur,
854 2667 887 2719 nt
909 2658 991 2718 Cirri-

68 2749 133 2804 stns
157 2761 226 2803 eum
249 2761 311 2803 uun
333 2759 402 2803 num
426 2743 574 2822 regimine
602 2763 658 2805 suo
688 2743 817 2805 eoelitns
846 2741 992 2820 destruet,

68 2825 149 2886 sieut
171 2825 204 2888 S.
226 2826 337 2887 Peulus
360 2826 491 2886 futurum
514 2825 676 2906 praedixit.

152 2907 187 2970 ln
208 2908 255 2969 his
278 2914 308 2970 et
330 2908 503 2970 huiusmodi
524 2909 676 2984 nusum,
703 2927 832 2989 quorum
854 2909 989 2971 innume-

70 2989 206 3053 rabiliter
228 2991 329 3071 plures
350 2999 430 3069 sunt,
451 3010 564 3054 omnes,
581 2999 683 3054 iernen
705 3009 742 3052 ee
765 2991 936 3066 tendentes,
958 2996 992 3052 ut

70 3076 214 3155 peperit
240 3080 271 3135 et
292 3072 359 3135 Deo
383 3083 414 3135 et
434 3073 575 3136 omnibus
597 3075 770 3137 hominibus
793 3075 939 3155 superins,
962 3079 993 3134 et

69 3157 80 3217 i
102 3175 137 3218 se
158 3158 244 3218 solus
265 3157 377 3218 nemini
391 3158 580 3236 mortalium,
605 3159 658 3220 sed
680 3159 739 3239 ipsi
761 3176 878 3236 omues,
900 3158 990 3216 etiem

71 3177 154 3301 [isus
177 3248 207 3301 et
229 3239 341 3321 angeli,
364 3241 424 3300 sint
447 3239 585 3320 subienti,
609 3247 643 3303 ut
663 3259 765 3322 papae
786 3240 925 3321 discipuli
948 3238 989 3297 di·

73 3331 159 3400 eunt,
181 3341 294 3404 papum
316 3341 385 3382 esse
404 3341 470 3384 rem
492 3324 678 3399 mirabilem,
707 3343 768 3384 unu
792 3341 861 3384 esse
880 3322 988 3400 Deum,

72 3413 134 3468 run
165 3425 234 3467 esee
256 3404 410 3466 hominem
435 3404 591 3488 (fortassis
614 3406 769 3468 diabolum
793 3413 823 3466 et
850 3411 988 3466 estunam

109 3673 139 3736 l)
160 3672 190 3725 ln
209 3671 250 3726 ed.
269 3638 354 3742 origi:
372 3671 498 3726 ducendi.
