2252 4006
107 171 170 242 234
214 159 216 168 “
276 175 405 236 Assertio
424 195 499 236 omn.
528 183 604 238 artie.
623 181 655 236 D.
676 181 710 237 n.
731 183 757 236 t.
775 199 824 254 per

189 332 222 394 In
236 336 344 398 nataris
365 341 467 398 autem
489 335 632 414 artiouiis,
656 334 695 397 de
715 341 840 418 papatu,
862 335 902 398 ds
922 340 1014 400 oonsi-

108 414 166 494 liis,
187 415 397 500 indulgentiis,
420 419 547 500 aliisque
568 438 630 482 non
655 420 837 482 neeessariis
860 420 963 500 nugis,
982 420 1019 482 ie-

108 498 204 562 rsnda
225 509 272 560 est
295 501 402 564 levitas
425 507 456 562 st
475 502 603 564 stultitia
624 521 725 583 papae
746 510 778 564 et
798 521 940 582 suorum,
971 504 1020 564 sed
1118 531 1119 558 ι

107 582 138 641 in
159 581 220 644 hoo
237 585 386 664 uniente,
413 586 463 664 qui
487 587 621 646 omnium
645 587 778 665 optimus
799 595 831 648 et
850 605 954 647 rerum
976 605 1022 646 no·

107 671 235 727 strarum
258 686 378 728 summa
399 675 460 748 est,
482 667 647 730 dolendum
669 687 706 729 ee
727 668 861 729 flendum
884 675 950 745 est,
974 669 1023 728 mi-

107 766 192 809 seros
214 751 259 810 sio
279 751 422 814 insanire.
464 751 594 812 Tantum
616 750 704 812 abest
725 753 823 828 enim,
847 760 880 812 ut
901 770 983 831 pepe
999 758 1027 812 et

107 831 154 892 sui
177 831 316 914 discipuli
344 835 521 915 mysterium
554 836 614 894 hoe
646 836 762 914 gratiae
792 835 848 896 Dei
882 834 930 894 vei
968 853 1026 896 uno

106 913 172 975 iote
204 916 375 997 intelligent
403 924 455 977 eut
485 915 651 997 aliquando
674 925 858 996 agnoscant,
894 925 928 978 ut
958 924 1028 978 ante

107 1015 247 1059 oasurnm
270 999 389 1062 eoelum
414 999 545 1062 eredam.
588 999 657 1060 Non
685 999 777 1060 stabit
798 1000 888 1062 huius
911 999 1029 1060 ertionli

106 1082 217 1142 veritas
240 1101 310 1144 enm
337 1083 469 1144 ecelesia
489 1102 607 1164 papae,
640 1101 702 1144 non
726 1084 822 1163 msgis
844 1101 939 1162 quem
961 1101 1028 1143 oum

108 1163 227 1227 Christo
253 1166 366 1241 Belial,
394 1171 426 1228 et
446 1186 516 1228 oum
538 1165 606 1226 lues
627 1165 780 1226 tenebras.
822 1166 928 1245 Papae
950 1166 1030 1228 enim
1091 1167 1106 1188 ³

107 1246 239 1308 eoelesia
268 1250 325 1309 nisi
347 1269 442 1329 opera
465 1249 546 1311 bone
575 1248 700 1310 donaret
726 1267 764 1309 ee
787 1248 950 1325 venderet,
980 1255 1031 1310 aut

105 1329 173 1390 sole
193 1333 292 1412 grstia
315 1351 372 1393 nos
395 1333 550 1393 iustitioeri
573 1332 692 1392 sineere
715 1331 853 1410 dooeret,
876 1350 980 1410 neque
1000 1331 1030 1390 in
1119 1353 1120 1414 ι

104 1413 185 1474 hano
206 1433 351 1495 pompam
381 1417 542 1490 crevisset,
570 1433 669 1494 neque
698 1413 737 1475 ad
765 1414 890 1491 horam,
919 1414 946 1473 si
970 1432 1030 1493 quo
1119 1423 1120 1438 ¹

105 1514 178 1556 essu
202 1500 357 1572 erevisset,
380 1499 523 1560 stetisset.
568 1497 673 1558 Crucis
687 1504 734 1558 est
756 1498 838 1558 enim
854 1496 1031 1560 haeotheo·

105 1579 198 1659 logia,
221 1599 301 1660 quae
324 1581 459 1656 damnat,
482 1579 629 1661 quidquid
653 1598 734 1659 pape
756 1578 877 1659 probat,
900 1588 931 1640 et
956 1598 1032 1640 mar·

104 1668 187 1743 tyras
210 1663 292 1726 iaoit.
336 1661 424 1724 Unde
446 1670 477 1725 et
497 1663 639 1739 ecelesia,
662 1659 749 1723 tinito
768 1669 935 1742 martyrum
960 1668 1030 1721 tem-

104 1763 190 1826 pore,
212 1748 329 1827 optima
349 1766 388 1808 eo
408 1765 487 1826 pene
509 1753 574 1806 tota
595 1746 642 1806 sui
663 1752 750 1825 perte
772 1743 913 1808 effloruit.
958 1744 1031 1806 Mox

104 1846 160 1908 pro
184 1848 274 1890 eruoe
295 1830 443 1890 sneoessit
465 1829 616 1910 voluptas,
639 1846 694 1908 pro
715 1829 845 1907 penurie
862 1826 1033 1908 opulentis,

106 1929 162 1990 pro
185 1913 354 1991 ignominia
376 1910 485 1991 gloria,
508 1911 608 1972 donee
626 1931 674 1988 ea,
696 1928 776 1989 quae
797 1928 879 1970 nune
901 1909 1034 1970 ecelesia
1120 1915 1121 1986 ζ

106 2000 249 2070 vooatur,
270 1996 339 2075 ipso
362 1993 493 2070 mundo,
515 2001 548 2055 ut
570 1995 615 2053 sio
637 1992 753 2070 dieam,
777 1992 981 2069 mundauior,
1003 2002 1032 2052 st
1120 1995 1121 1998 ’

105 2077 173 2156 ipsa
194 2095 287 2138 oerne
308 2078 460 2138 earnalior
481 2075 563 2136 faeta
585 2078 633 2137 sit.
676 2074 717 2136 Et
750 2094 808 2156 ego
837 2093 898 2135 non
928 2074 1031 2136 habeo

107 2158 188 2219 eliud
211 2167 319 2220 oontre
343 2179 442 2240 papas
473 2178 601 2239 regnum
630 2158 783 2219 robustius
805 2166 1032 2238 argumentum,

107 2259 201 2323 quem
223 2241 305 2321 quod
328 2244 394 2302 sine
416 2261 507 2302 erues
529 2249 647 2321 regnat.
697 2240 824 2300 Prorsus
854 2240 929 2300 nihil
958 2242 1033 2321 peti,

106 2323 248 2386 omnibus
271 2333 372 2386 autem
395 2323 551 2386 abundare
574 2332 604 2384 et
627 2322 779 2384 excellere
790 2323 902 2396 studet,
925 2330 957 2383 et
971 2341 1032 2384 non

107 2418 154 2466 est
178 2406 349 2468 fraudatum
382 2407 532 2468 desiderio
562 2425 628 2488 suo.
684 2404 784 2466 Habet
812 2405 894 2485 quod
925 2405 1033 2481 voluit,
1121 2459 1122 2470 ,

106 2488 247 2570 fonteque
271 2497 317 2551 est
338 2491 482 2551 meretrix
504 2490 611 2550 eivitas
626 2488 735 2564 tidelis,
758 2507 890 2567 vereque
903 2508 1032 2569 regnum
1120 2535 1122 2590 ἶ

107 2573 169 2634 veri
193 2572 272 2633 iilius
294 2574 471 2635 antiohristi.

190 2655 347 2716 Verbosus
368 2658 398 2716 in
420 2656 479 2716 heo
501 2653 660 2734 parisini,
683 2653 850 2714 necesitate
871 2654 931 2730 rei,
955 2670 1034 2732 quae

108 2755 170 2798 non
193 2737 286 2798 modo
309 2757 364 2818 per
392 2739 472 2800 hene
494 2737 610 2797 Buliam
644 2734 743 2816 (quod
766 2755 805 2796 ne
833 2736 887 2816 pili
910 2735 1033 2814 quidem

107 2819 225 2899 isoio),
254 2820 307 2880 sed
338 2840 391 2902 per
419 2839 527 2880 omnes
550 2838 630 2898 pene
652 2817 860 2880 Scholastioos
889 2818 1033 2879 dontorss

109 2921 259 2982 oppresse
293 2911 324 2962 et
355 2905 508 2964 exstineto
541 2910 601 2976 est,
643 2901 712 2980 plus
752 2903 895 2962 tranentis
934 2903 1031 2961 annis.

107 2984 206 3046 Nemo
229 2987 308 3046 enim
329 2987 381 3047 hio
402 3005 464 3046 non
477 2991 585 3046 eontra
605 2985 733 3063 gratiam
757 2985 924 3064 progratia
941 2985 1033 3064 serip-

108 3069 160 3147 sit,
191 3069 235 3128 ita
257 3075 289 3128 ut
317 3088 378 3129 non
413 3071 451 3128 sit
484 3085 655 3144 rosaeque
688 3068 861 3127 necessaria
892 3074 1033 3142 tractatu,

108 3169 199 3230 quam
223 3160 253 3212 et
274 3153 397 3231 saepius
420 3151 535 3231 optavi,
558 3149 679 3208 omissis
701 3147 815 3210 frivolis
837 3148 896 3210 iltis
919 3168 1033 3233 papen-

108 3234 192 3295 sibus
213 3235 303 3314 nugis
326 3241 356 3308 et
377 3233 521 3314 negotiis,
544 3231 707 3311 queenihil
720 3230 760 3291 ad
781 3232 944 3292 eeclesiam
968 3250 1032 3312 per·

109 3318 214 3394 tinent,
237 3318 339 3376 nisiut
352 3322 483 3391 vastent,
506 3320 646 3387 tractare,
668 3313 723 3374 sed
744 3313 935 3394 longitudine
958 3325 1032 3374 tem·
1096 3355 1101 3372 1

109 3401 193 3476 poris
215 3405 245 3458 et
272 3398 482 3478 magnitudine
514 3415 586 3456 usus
615 3398 753 3475 operatio
776 3407 903 3456 satanae
924 3397 971 3456 sie
991 3397 1032 3456 in·

110 3477 198 3555 sedit,
219 3486 249 3539 st
270 3498 373 3541 errore
394 3481 453 3540 isto
483 3481 528 3539 sio
547 3477 703 3540 hebetavit
723 3479 843 3539 animos
866 3479 1032 3550 hominum,

111 3563 144 3616 nt
165 3559 265 3620 nullos
299 3561 436 3637 videam,
471 3562 521 3639 qui
549 3560 652 3620 idonei
675 3561 752 3636 sint,
788 3567 821 3621 ut
850 3561 1031 3641 intelligent,

113 3638 224 3700 nedum
247 3647 280 3702 ut
300 3642 458 3704 nobiseum
483 3647 609 3719 certent,
630 3642 724 3724 plena
746 3649 794 3704 est
813 3643 1031 3704 harumrerum
