2262 4006
136 151 200 222 ³40
358 154 514 224 assumto
535 153 567 208 u.
587 153 621 208 rs.
640 155 668 207 u.
686 153 723 206 su
739 153 842 208 numm

137 314 240 389 tatem,
262 309 314 388 qui
336 309 456 389 species
487 317 517 370 et
545 305 736 370 mendacium
765 315 813 367 est
836 305 962 387 ipsum?
1004 304 1059 366 lur-

136 389 227 452 butus
249 393 329 452 enim
352 412 390 453 es
413 393 569 472 opinione,
594 400 627 452 ut
647 389 743 450 facies
765 391 840 450 istas
860 389 1058 450 ducatserias

139 491 208 536 esse
230 493 289 553 res,
311 483 394 536 certe
416 494 478 536 non
508 475 608 535 solnm
633 475 794 534 mendacia
816 473 977 552 loquetur,
1006 469 1059 531 sed

137 575 195 618 nec
218 559 374 619 veritatem
405 558 575 620 sustinebit.
618 557 668 618 An
690 576 753 618 non
783 559 840 616 est'
857 556 920 616 hoc
941 555 1062 634 insigne

137 649 167 701 et
188 641 365 704 incredibile
396 641 607 721 mendacium,
634 659 690 721 pro
719 638 780 700 fide
809 639 922 700 Christi
950 639 1064 698 docere

137 725 345 801 ceremonias,
375 744 431 804 pro
461 727 568 806 spiritu
597 735 733 784 statuere
763 722 942 783 traditiones
965 721 1063 781 homi·

137 805 232 866 num?
275 807 385 868 Nonne
413 827 496 888 papa
518 809 581 867 suis
607 806 723 867 iuribus
745 807 839 865 iactat
860 823 930 865 sese
953 822 1063 882 regere

137 897 168 950 et
190 907 317 970 pascere
339 890 502 952 ecclesiam
526 889 605 950 Dei?
647 889 759 950 Nonne
787 888 892 949 laudat
915 897 1063 966 tanquam

138 972 216 1036 bens
239 973 330 1052 lacta,
354 992 433 1053 quae
455 974 518 1034 suis
540 974 669 1034 servatis
690 970 809 1052 legibus
832 969 929 1032 fiunt?
950 969 1065 1030 Nonne

138 1054 264 1116 damnat
298 1065 330 1116 et
363 1056 461 1137 perdit
494 1075 617 1133 omnen,
650 1056 701 1134 qui
733 1074 803 1116 sese
831 1074 893 1116 uon
923 1053 1065 1128 audiunt,

137 1139 256 1200 etiamsi
291 1140 463 1200 universum
500 1138 702 1218 Evangelium
737 1134 990 1216 servaverintll)
1039 1133 1065 1195 Ο

138 1221 302 1283 maledicta
330 1222 604 1302 maledicendaque
630 1222 830 1283 abominatio.
872 1221 929 1280 Hic
956 1218 1066 1298 imple·

136 1311 184 1366 tur
205 1303 278 1365 illud
301 1303 450 1384 saurim:
481 1303 539 1380 Qut
562 1304 742 1366 adversatur
771 1314 801 1364 et
829 1303 987 1366 extollitur
1016 1319 1067 1360 su·

136 1405 191 1466 per
213 1404 315 1469 omne,
338 1389 420 1466 quod
444 1388 552 1448 dicitur
573 1388 667 1466 Deus,
690 1396 743 1448 aut
762 1386 844 1466 qnod
868 1387 998 1461 colitur,
1015 1384 1067 1444 ita

136 1478 169 1530 nt
191 1471 220 1530 in
244 1472 358 1551 templo
383 1472 440 1532 Dei
473 1471 596 1546 sedeat,
632 1472 798 1532 ostendeus
820 1489 865 1550 se,
898 1470 990 1550 quasi
1025 1469 1067 1526 sit

137 1552 231 1616 Deus.
274 1557 322 1614 An
352 1575 413 1616 non
442 1562 489 1614 est
510 1555 570 1615 hoc
598 1555 764 1634 intemplo
796 1553 852 1613 Dei
874 1552 1004 1630 sedere,
1036 1551 1066 1610 in

138 1643 203 1697 tota
235 1637 368 1697 ecclesia
399 1657 467 1698 sese
501 1640 678 1718 magistrum
709 1635 866 1716 profiteri?
909 1634 992 1711 Quid
1018 1642 1067 1692 est
1101 1669 1105 1681 ·

138 1719 283 1799 ternplum
308 1720 386 1781 Dei?
429 1723 565 1800 nunquid
593 1720 711 1800 lapides
741 1728 773 1780 et
800 1718 905 1799 ligna?
946 1717 1067 1783 Nouus

137 1800 314 1879 Paulus'*)
340 1804 429 1864 dicit:
456 1803 616 1885 Templum
640 1803 697 1864 Dei
717 1811 856 1864 sanctum
885 1809 945 1879 est,
977 1798 1066 1880 quod

137 1888 209 1946 estis
244 1886 321 1947 vos?
364 1887 471 1966 Neque
505 1889 584 1947 enirn
617 1894 757 1967 tempore
785 1886 870 1946 Pauli
900 1885 961 1946 nlla
999 1890 1070 1944 erat

138 1965 265 2048 domus,
288 1988 368 2049 quae
391 1970 535 2050 templum
566 1970 623 2031 Dei
654 1971 819 2047 diceretur,
848 1976 880 2028 ιιι
907 1985 993 2028 nunc
1024 1966 1066 2026 di-

137 2061 254 2114 cuntur.
297 2052 411 2114 Sedere
438 2064 538 2114 autem
564 2053 721 2133 quidest,
752 2054 809 2113 nisi
838 2070 984 2132 regnare,
1011 2050 1055 2110 do

137 2153 208 2196 cere
230 2142 261 2196 et
290 2136 447 2198 iudicare?
491 2135 565 2212 Quis
597 2145 698 2198 autem
732 2154 866 2216 nuquam
897 2135 935 2196 ab
970 2133 1066 2194 initio

137 2218 287 2282 ecclesiae
310 2237 377 2280 sese
400 2240 493 2280 ansus
522 2229 568 2280 est
592 2221 770 2299 magistrum
794 2221 885 2279 totius
907 2217 1067 2278 ecclesiae

137 2302 303 2382 appellare,
326 2304 384 2366 nisi
405 2305 488 2364 solus
511 2302 613 2384 papa?
643 2303 750 2369 Nullus
773 2301 965 2381 Sanctorum,
1000 2299 1067 2360 nnl-

58 2383 64 2398 “
138 2384 183 2444 lua
206 2385 428 2446 baereticorum
458 2396 519 2447 tem
547 2386 730 2448 horrendam
755 2385 915 2466 superbiae
948 2401 1065 2444 vocem

139 2487 271 2548 unquam
306 2472 417 2531 sonuit.
460 2469 571 2531 Paulus
593 2489 626 2530 se
650 2471 827 2549 magistrum
859 2469 999 2548 gentium
1035 2469 1063 2527 in
1127 2519 1128 2528 ,

137 2550 209 2650 fide⁸
232 2558 262 2611 et
299 2554 427 2614 veritate
462 2555 571 2631 iactat,
610 2553 665 2614 sed
698 2572 760 2613 non
796 2555 974 2632 magistrum
1015 2569 1064 2611 ec·

137 2637 330 2778 elemligones
354 2726 455 2779 antem
479 2719 613 2780 ostendit
634 2737 677 2799 ss,
703 2691 852 2797 quasisit
870 2684 961 2793 Deus,
986 2715 1061 2777 duur

138 2819 194 2881 pro
218 2801 316 2862 verbis
339 2801 450 2862 Christi
481 2820 538 2862 sua
560 2802 651 2864 docet
672 2811 702 2862 et
724 2820 779 2882 pro
798 2803 910 2864 iustitia
927 2799 1000 2860 fidei
1020 2800 1063 2859 iu-

37 2899 44 2914 *
138 2885 251 2946 stitism
285 2887 467 2974 papistioam
501 2885 628 2946 statuit?
669 2884 927 2965 Nunquid'super
957 2883 1060 2944 Deum

138 2967 313 3028 naturaliter
345 2970 451 3030 extolli
479 2969 602 3049 potest?
639 2968 732 3046 absit,
768 2968 822 3028 sed
845 2987 936 3048 super
957 2967 1060 3042 Deum

138 3050 252 3112 dictum
280 3051 340 3132 (ait
354 3051 539 3130 Paulus),id
563 3060 620 3131 est,
641 3071 733 3131 super
751 3051 875 3114 verbum
891 3051 950 3112 Dei
972 3069 1061 3130 praa-

138 3134 280 3196 dicatum.
326 3134 408 3196 Deus
430 3137 510 3196 enim
534 3135 652 3212 dicitur,
675 3134 799 3214 quando
821 3135 1016 3215 praedicatur
1030 3141 1060 3194 et

138 3217 277 3284 creditur.
321 3216 419 3299 Super
441 3220 521 3279 huno
543 3220 642 3281 Deum
665 3239 746 3299 papa
765 3221 825 3279 iam
848 3221 898 3282 diu
921 3218 1058 3280 elevatus

137 3302 233 3380 sedet,
256 3302 327 3380 quia
348 3303 378 3362 in
401 3302 544 3364 cordibus
557 3304 691 3364 fidelium
715 3303 785 3366 looo
803 3303 924 3366 dicendi
947 3310 978 3362 et
996 3321 1058 3362 cre·

139 3383 229 3446 dendi
251 3386 306 3447 Dai
330 3386 397 3465 ipsa
419 3404 454 3446 se
475 3385 549 3447 dicit
570 3397 601 3448 et
614 3387 779 3470 praedicat.
822 3388 867 3453 lta
882 3388 965 3470 quod
981 3385 1067 3448 Pau·

193 3567 224 3625 ll
245 3567 276 3620 ln
297 3570 339 3622 ed.
359 3569 435 3623 len:
454 3577 644 3626 servaverunt.

194 3635 221 3701 ⁸)
239 3636 257 3692 2
273 3638 370 3695 Thess.
390 3641 414 3694 2.
454 3641 503 3708 ⁶⁶)
523 3643 548 3698 1.
570 3641 634 3699 (lor.
652 3644 678 3701 6.
747 3675 754 3685 ·
