2250 4008
339 127 464 193 &lionis
482 127 659 204 Latominnuq
679 134 731 208 ψ,
943 127 1006 199 467

71 281 206 356 penitus
220 282 414 344 abolendum.
438 281 497 356 Qui
520 301 592 344 veru
616 283 685 342 huie
708 283 853 358 damnato
877 302 1006 346 eonsen-

73 365 168 441 serit,
191 367 323 426 iueurret
344 365 417 426 illud
439 365 521 427 loha.
549 368 599 429 16:
630 366 757 445 Spiritus
786 375 894 446 arguet
921 388 1003 428 urun-

72 444 157 506 dum
180 446 219 507 de
242 450 365 527 iudicio,
388 450 459 527 quia
480 449 622 528 princeps
645 449 748 508 muudi
769 450 829 509 ium
852 449 1002 512 iudicatus

70 539 138 590 est.
183 531 366 592 Damnatum
389 540 550 612 peecatum
580 540 609 592 et
631 532 775 594 iudicium
805 533 864 592 hue
886 543 1001 596 rentum

69 631 153 672 esse
180 615 304 678 eredere
340 615 503 693 debemus,
537 621 567 674 et
601 615 702 694 ipsum
732 617 869 694 exsequi.
913 616 1000 692 Quae

69 703 154 755 sunt
174 708 275 758 eutem
299 699 420 760 vincula
441 697 530 764 huius
553 697 760 777 captivitatis?
792 699 849 760 lsu.
875 703 928 762 ll:
960 701 1001 762 Et

68 779 137 838 erit
158 778 235 840 fides
258 783 437 845 cinctorium
450 800 558 840 renum
581 783 644 856 eius
668 789 697 840 et
709 783 821 842 iustitie
845 783 998 863 cingulum

67 859 253 930 lumborum
275 868 350 928 eius.
374 865 424 926 Sin
446 864 556 926 Psulru.
581 862 686 940 681):
710 865 883 926 Asueudisti
905 868 935 925 in
958 869 998 928 ul-

67 951 155 1024 tum,
177 949 329 1027 ruptivam
340 949 453 1016 duxisti
464 949 683 1027 captivitatem,
703 949 850 1029 accepisti
864 947 945 1009 done
967 952 997 1012 iu

65 1027 261 1091 hominibus,
305 1030 380 1106 Quis
397 1051 468 1092 vero
490 1032 612 1111 ignorat
624 1030 773 1091 latronem
797 1031 923 1092 liberum
936 1053 997 1094 nou

67 1113 179 1180 minus
202 1133 271 1176 esse
292 1115 443 1179 latronem
473 1133 564 1193 quam
598 1114 776 1193 captivum?
820 1114 879 1174 Sed
903 1119 995 1178 virtus

65 1196 143 1256 eius
166 1199 322 1268 exstinctu
356 1206 418 1276 est,
451 1204 483 1258 ut
509 1197 582 1257 nihil
615 1198 654 1256 sit
683 1216 720 1257 eo
749 1196 913 1272 infirmius,
947 1205 994 1260 eui

65 1296 160 1338 mors
179 1290 232 1344 ‚est
254 1285 404 1361 proximu,
427 1299 488 1342 non
502 1287 603 1361 potest
617 1279 720 1358 modo,
746 1281 828 1359 quod
842 1281 919 1342 latro
935 1281 994 1343 vel·

64 1362 126 1440 let,
151 1365 241 1424 miser
264 1383 355 1444 ergo,
376 1365 430 1424 sed
454 1373 555 1424 tamen
579 1363 674 1440 latro,
696 1365 721 1422 si
744 1365 824 1424 euim
846 1364 994 1426 dimiseris

63 1465 156 1525 eum,
178 1447 360 1528 luuietquse
377 1447 458 1508 'latro
481 1446 562 1506 lecit.
603 1445 650 1506 lte
671 1455 833 1526 peceatum
854 1447 993 1528 innubis

13 1555 16 1562 ·
64 1537 146 1606 post
168 1529 351 1611 baptismum
375 1549 445 1590 vere
466 1536 626 1610 peecatum
650 1538 695 1588 est
717 1529 908 1610 naturaliter,
937 1534 990 1591 sed

65 1617 100 1672 in
117 1612 301 1692 substantia,
315 1633 374 1674 neu
383 1615 414 1674 in
426 1614 605 1693 quantitate,
618 1631 675 1672 neu
683 1613 839 1691 qualitate,
850 1633 908 1673 nee
920 1619 991 1675 unti-

64 1718 143 1777 one,
156 1699 187 1756 in
202 1699 348 1777 passione
368 1715 441 1758 vero
459 1703 563 1757 totum.
597 1695 674 1756 Nem
695 1695 775 1757 idem
799 1715 924 1776 prorsus
944 1707 989 1758 est

65 1782 282 1844 motusirseet
292 1780 463 1842 libidinisin
470 1782 522 1860 pio
533 1781 674 1858 stimplo,
686 1777 767 1838 idem
781 1782 987 1860 antegretiuur

63 1875 97 1926 et
121 1873 195 1945 pust
215 1865 360 1943 gratiam,
383 1865 462 1924 sieut
483 1861 591 1926 eudem
614 1881 686 1922 euro
710 1869 781 1922 ente
803 1863 932 1942 gratiam
956 1874 987 1926 et

64 1957 143 2026 pout
166 1950 305 2028 gratiam,
328 1945 433 2008 sedin
456 1947 555 2026 gretie
576 1945 648 2006 nihil
671 1953 790 2024 potest,
813 1953 899 2006 extra
920 1967 986 2026 gra-

64 2033 144 2092 tiam
168 2031 334 2112 praevalet.
358 2029 445 2090 Unde
466 2029 578 2090 Paulus
590 2027 760 2107 Romen.²)
775 2027 819 2092 8.:
841 2029 905 2090 Lex
927 2033 986 2112 spi·

65 2117 146 2176 ritus
166 2117 246 2176 vitse
266 2115 297 2172 in
312 2113 433 2174 Christo
456 2112 594 2174 liberavit
617 2131 664 2172 me
686 2112 794 2192 alege
816 2115 935 2191 peeeeti
957 2121 987 2177 et

66 2201 190 2260 mortis.
232 2197 292 2258 Cur
314 2217 375 2258 nun
398 2197 490 2275 dixit,
524 2195 662 2258 liberavit
691 2215 738 2254 me
766 2215 785 2254 u
805 2203 934 2276 pensato
954 2206 987 2266 ‚et

65 2281 191 2344 morte?
214 2281 324 2343 Nonne
338 2280 474 2342 Christus
498 2279 636 2340 liberavit
656 2299 675 2338 u
693 2285 822 2360 peceato
837 2287 867 2340 et
888 2287 987 2345 morte

65 2365 184 2426 simul?
222 2367 333 2426 Verum
363 2364 401 2424 de
424 2382 517 2443 opere
539 2363 663 2443 proprio
695 2361 772 2442 legis
797 2362 919 2443 spiritus
943 2365 984 2425 lo-

66 2451 182 2528 quitur,
205 2467 284 2527 quee
306 2447 366 2507 hon
388 2447 490 2523 leniat,
513 2445 595 2525 quod
609 2445 745 2506 Christus
761 2447 877 2509 meruit.
901 2445 983 2510 curi-

65 2543 135 2592 stus
158 2531 280 2611 quidem
303 2531 398 2592 semel
420 2529 552 2590 absolvit
589 2538 619 2590 et
657 2528 796 2589 liberavit
829 2547 936 2590 omues
958 2551 985 2614 ,a

65 2624 200 2696 pensato
223 2621 254 2676 et
275 2621 390 2692 morte,
425 2612 496 2673 dum
527 2612 615 2672 nobis
638 2612 737 2693 legem
759 2612 881 2695 spiritus
905 2614 985 2674 vitae

66 2701 189 2760 meruit.
231 2697 287 2759 Ille
308 2715 382 2778 ergo
395 2697 523 2777 Spiritus
546 2697 625 2756 vitae
648 2693 720 2774 quid
733 2693 824 2754 lecit?
846 2695 982 2774 nondum

65 2805 84 2844 a
109 2792 219 2862 morte,
237 2781 371 2842 nondum
384 2800 402 2840 u
412 2789 541 2860 peceato
558 2779 707 2858 liberavit,
728 2777 868 2839 liberabit
881 2785 983 2840 eutem

64 2866 206 2937 tandem,
229 2867 300 2944 quis
320 2865 422 2926 adhue
445 2862 633 2924 moriendum
656 2869 719 2938 est,
741 2861 841 2922 adhue
862 2863 892 2923 in
914 2881 983 2943 peu·
1078 2935 1082 2944 ³

65 2952 145 3012 eutis
180 2947 390 3011 laborandum.
434 2945 494 3008 Sed
516 2966 536 3006 u
570 2946 639 3026 lege
674 2946 793 3024 peceati
819 2953 849 3005 et
878 2947 983 3007 mortis

66 3034 226 3109 liberavit,
248 3033 308 3092 hue
329 3040 391 3110 est,
419 3050 436 3090 u
459 3048 554 3109 reguo
577 3038 607 3090 et
629 3028 788 3109 tyrannide
810 3029 930 3108 peceati
953 3037 984 3100 st

42 3109 45 3114 ’
66 3118 184 3193 mortis,
205 3122 408 3195 utpeuuetum
431 3115 553 3192 quidem
566 3112 655 3192 adsit,
678 3109 733 3172 sed
748 3113 861 3172 amissa
884 3120 983 3190 tyrun-

66 3200 138 3260 nide
159 3199 232 3260 nihil
255 3199 362 3278 possit,
384 3205 414 3258 et
436 3215 517 3260 mors
540 3195 662 3274 quidem
686 3196 792 3272 instet,
816 3193 870 3254 sed
892 3195 980 3254 urnis-

66 3302 101 3344 so
123 3283 247 3345 stimulo
269 3281 343 3342 nihil
365 3299 477 3342 nouere
500 3297 599 3358 neque
622 3287 733 3344 terrere
756 3279 863 3357 possit.
898 3275 980 3350 Elone

136 3558 167 3621 1)
186 3554 217 3608 ln
236 3553 279 3609 ed.
300 3554 383 3620 ungu
404 3550 446 3604 67.
484 3551 518 3614 2)
539 3543 643 3598 Ibidem
663 3542 892 3680 deggzffomsn.
