2254 4008
296 150 329 206 a.
349 152 383 207 u.
400 151 481 206 auru.
503 150 686 208 narratum.
744 121 745 132 '

53 305 133 368 auda
147 311 202 382 est,
225 324 284 365 nea
295 305 408 385 aliquid
422 305 504 368 aliud
526 306 598 368 lacit
619 306 794 369 observatio
809 305 958 384 locorum,

53 399 222 469 temporum,
244 388 377 464 dierum,
398 408 618 470 personarum,
647 397 677 449 et
699 391 723 448 si
746 407 807 469 qua
829 390 889 452 alia
911 396 958 450 est

52 471 171 533 inflatura
194 473 416 551 superstitiosa,
441 491 531 552 quam
556 482 588 533 ut
610 471 787 552 magnificet
810 492 856 551 es,
880 491 959 552 quas

52 556 108 616 nihil
129 562 213 632 sunt,
247 556 276 614 in
305 556 444 615 iniuriam
478 574 599 634 eorum,
635 575 714 636 quac
744 556 848 616 omnia
879 561 959 634 suot,

52 638 120 718 quasi
141 637 213 715 quid
236 640 358 717 gravius
386 646 437 698 aut
460 641 557 700 maius
579 658 648 700 esse
669 641 769 719 possit
790 639 958 700 fraternita-

52 723 79 784 tis
98 719 286 782 Christianae
307 721 421 802 gloria,
448 724 490 783 ita
517 723 646 802 affigunt
668 742 725 784 aas
747 721 824 782 locis
845 731 876 782 et
898 721 958 782 die·

51 805 93 864 bus
112 811 141 863 et
163 805 315 882 personis,
339 812 371 865 ut
394 805 522 866 vilescat
543 806 666 868 fraterni
688 806 820 866 nominis
843 805 959 884 opinio,

50 893 73 948 et
90 905 140 967 pra
163 885 305 948 libertate
332 889 540 969 captivitatem
562 891 747 966 serviamus,
769 906 826 949 aas
848 887 958 969 quibus
1069 921 1072 928 ·

7 1043 8 1046 Ἴ
50 989 139 1030 amnes
161 969 238 1049 dies,
260 970 331 1042 laci,
353 990 506 1052 personae
520 981 550 1032 et
572 971 717 1052 quidquid
740 979 899 1032 externum
913 977 961 1037 est

7 1065 9 1164 ι
50 1051 172 1132 aequalia
195 1061 275 1119 sunt,

7 1165 8 1214 l
114 1134 361 1198 satisfactionem
385 1155 476 1216 quam
499 1136 625 1217 indigne
647 1137 814 1214 tractariot,
837 1135 960 1197 abunde

7 1217 9 1308 i
49 1219 97 1279 dixi
116 1220 146 1278 in
159 1221 263 1279 causis
277 1219 544 1300 indulgentiarum,
566 1239 626 1299 qua
644 1221 767 1300 egregie
780 1227 849 1280 sunt
872 1218 959 1280 abusi

7 1317 9 1376 l
48 1302 77 1362 ad
95 1300 268 1383 perdendos
284 1302 474 1364 Christianos
495 1305 525 1364 in
549 1322 678 1382 corpore
701 1310 733 1363 et
753 1304 864 1364 anima.
898 1302 958 1362 Pri·

7 1447 8 1470 ,
48 1404 113 1445 num
136 1403 206 1444 eam
237 1387 281 1444 sia
309 1385 492 1461 docuerunt,
521 1393 553 1446 ut
579 1385 712 1466 populus
740 1403 844 1446 veram
874 1387 960 1446 satis-

7 1473 8 1496 l
47 1469 195 1529 lectionem
222 1487 281 1528 nan
305 1467 489 1547 intelligeret
510 1487 660 1547 unquam,
691 1487 771 1549 quae
800 1474 847 1529 est
874 1469 960 1528 inna-

47 1553 114 1611 ratio
135 1551 229 1611 vitae.
272 1551 390 1610 Deinde
417 1552 462 1611 sio
482 1553 597 1613 instant
626 1558 656 1612 et
683 1552 887 1612 necessariam
918 1551 959 1612 fa·

47 1635 128 1708 ciunt,
157 1641 193 1692 ut
215 1632 287 1693 fidei
316 1634 345 1692 in
369 1633 520 1694 Christum
555 1653 615 1695 non
643 1633 817 1715 relinquent
846 1635 958 1712 locum,

47 1715 201 1775 miserrime
240 1715 463 1776 excarnificatis
496 1735 534 1777 eo
570 1717 713 1798 scrupula
752 1717 959 1791 conscientiis,

46 1799 93 1858 alio
113 1805 258 1858 currente
280 1797 319 1858 ad
342 1799 490 1873 Romam,
524 1799 585 1860 alio
607 1799 683 1876 huo,
718 1799 779 1861 alio
800 1800 882 1877 illuc,
904 1799 958 1859 illa

7 1891 8 1900 ¹
47 1882 69 1940 in
88 1880 292 1957 carthusiam,
319 1880 372 1941 illo
395 1883 425 1940 in
449 1881 539 1942 alium
563 1882 681 1959 lacum,
711 1882 771 1944 alio
801 1883 893 1962 virgis
925 1901 960 1942 ss

47 1963 221 2044 flagellante,
243 1963 305 2024 alio
328 1981 438 2044 corpus
461 1984 547 2024 suum
572 1965 681 2044 vigiliis
694 1971 726 2026 et
744 1966 864 2026 ieiuniis
880 1964 961 2024 acci·

47 2045 131 2126 deute,
153 2046 299 2106 omnibns
323 2067 384 2107 una
407 2047 507 2107 iurare
531 2046 716 2110 dicentibus:
748 2047 829 2108 Ecce
858 2047 908 2107 hic
929 2052 961 2107 et

7 2139 8 2162 ³
46 2129 83 2190 hic
102 2135 148 2190 est
170 2129 321 2203 Christus,
344 2137 374 2189 et
396 2149 521 2209 regnum
545 2130 613 2210 Dei,
636 2129 717 2210 quad
735 2132 812 2192 intra
834 2135 959 2207 noscat,

46 2231 101 2271 cum
121 2211 343 2272 observatione
362 2220 520 2273 venturum
543 2212 728 2292 putantibus.
766 2211 853 2288 Quae
876 2229 960 2272 man·

45 2301 94 2354 stra
113 2294 168 2354 tihi
195 2292 353 2374 debemus,
374 2293 516 2357 Romana
537 2295 642 2375 sedas,
665 2302 694 2356 et
716 2297 775 2356 tuis
797 2288 960 2356 homicidis

7 2391 9 2470 t
44 2377 149 2456 legibus
172 2383 207 2438 et
227 2376 350 2455 ritibus,
381 2378 489 2458 quibus
512 2378 657 2440 muudum
681 2385 777 2440 totum
800 2395 838 2438 ea
860 2376 959 2458 perdi-

7 2479 9 2538 l
45 2458 111 2540 disti,
134 2466 168 2519 ut
193 2459 375 2520 arbitrentur
396 2479 464 2521 sese
486 2479 579 2540 passe
601 2461 667 2522 Dea
700 2480 755 2542 per
784 2478 879 2540 opera
901 2477 958 2540 pro

7 2605 8 2614 χ
46 2543 166 2621 peccatis
201 2543 391 2620 satisfacere,
426 2544 474 2603 cui
510 2543 577 2604 sola
610 2544 670 2605 fide
703 2542 804 2604 dardis
838 2542 959 2603 contriti

46 2625 153 2703 satisfit,
189 2643 280 2704 quam
315 2633 346 2685 tu
374 2625 421 2686 his
444 2625 620 2686 tumultibus
643 2643 705 2688 nau
734 2625 832 2686 solum
866 2624 961 2685 taceri

47 2707 117 2784 lacis,
138 2706 196 2768 sed
218 2709 366 2787 opprimis
388 2710 489 2781 etiam,
512 2715 629 2770 tantum
651 2715 685 2769 ut
705 2707 817 2769 habeat
838 2708 962 2788 sangui-

48 2809 110 2870 suga
129 2798 183 2850 tua
204 2789 402 2870 insatiabilis,
431 2789 541 2870 quibus
565 2791 658 2853 dicat:
686 2790 786 2870 Adfer,
817 2790 908 2866 affer,
930 2796 961 2850 et

48 2881 164 2952 peccata
186 2872 310 2936 vendat.
343 2901 346 2909 ¹

117 2959 333 3017 processerunt
355 2975 395 3016 ex
418 2955 464 3014 his
487 2955 611 3035 quidam
634 2955 673 3016 ad
696 2972 749 3017 eas
772 2955 960 3035 desperatio·

47 3038 83 3097 nis
111 3039 269 3098 machinae
311 3036 471 3100 animabus
505 3038 674 3118 parandas,
719 3044 751 3098 ut
783 3044 962 3116 statuerent,

48 3122 139 3180 amnia
161 3128 291 3200 peccata
313 3119 414 3180 denuo
437 3139 505 3181 esse
524 3121 691 3201 repetenda
715 3120 882 3197 confitenti,
904 3139 959 3200 pro
1029 3187 1031 3200 Α

48 3202 144 3280 quibus
166 3204 303 3263 iniuncta
325 3203 493 3265 satisfactio
521 3210 603 3266 esset
635 3203 786 3284 neglecta.
832 3204 871 3264 Et
890 3201 961 3283 quid

48 3303 100 3344 nan
121 3287 282 3362 auderent,
305 3287 355 3364 qui
378 3287 407 3345 ia
431 3287 491 3346 hoc
513 3289 573 3348 nati
597 3287 726 3365 suerunt,
747 3293 780 3347 ut
802 3286 876 3347 nihil
899 3303 960 3345 aon

48 3366 139 3428 decies
161 3368 369 3448 captivarent?
398 3367 493 3428 Parra
516 3377 645 3448 quanta,
674 3387 809 3448 quaeso,
830 3385 901 3448 pars
924 3385 963 3427 aa

49 3457 86 3508 est
107 3451 220 3510 imbuta
244 3451 398 3530 opinione,
421 3469 455 3509 se
478 3469 547 3512 esse
567 3452 597 3511 in
621 3457 700 3512 statu
713 3451 829 3532 salutis,
852 3456 882 3510 et
904 3467 961 3533 pro

97 3637 128 3703 1)
148 3635 178 3692 In
196 3635 239 3694 ed.
258 3637 334 3695 iamt
355 3643 455 3693 tacere.
