2254 4008
724 89 736 122 t

341 201 374 257 D.
393 203 427 260 ll.
444 201 525 257 Lutlr.
545 199 729 258 Praeludlum.
956 195 997 264 27

82 353 210 436 probat?
240 355 289 416 Ex
319 357 410 418 solito
438 377 535 438 penu,
564 375 675 438 nempe
700 356 824 438 proprio
853 361 884 416 et
904 354 999 435 impio

82 440 186 520 capite.
239 440 314 502 Cum
352 440 531 502 universalis
561 441 692 502 ecclesia
725 438 884 520 epistolam
900 435 999 498 ‘hauc
1043 501 1048 506 ,

80 542 132 603 pro
154 543 186 583 se
209 531 361 604 acceptat,
383 524 467 604 legit,
488 525 624 604 sequitur
643 525 675 584 in
697 522 848 598 omuibus,
871 539 996 582 curnon

80 607 167 666 etiam
190 607 222 666 iu
244 607 305 667 hac
324 607 433 688 parte?
456 607 583 683 Quodsi
606 606 712 668 demus
731 625 823 667 uuam
837 606 997 686 epistolam

79 689 208 768 aliquam
242 690 342 769 Pauli,
378 698 430 750 aut
457 711 550 752 unum
580 690 707 751 alicuius
733 690 835 751 locum
866 707 928 750 non
960 686 998 749 ad

79 773 279 834 universalem
301 773 462 834 ecelesiam
490 775 657 854 pertinere,
684 775 745 833 iam
775 780 925 834 evacuata
953 775 1000 832 est

78 863 141 916 tota
160 855 247 916 Pauli
270 857 426 923 autoritas.
460 857 607 920 Corinthii
627 857 707 917 enim
728 856 840 935 dicent,
861 875 899 917 ea
920 871 999 934 quae

52 938 114 998 'de
146 937 207 999 lide
239 939 277 1000 ad
299 940 457 1001 Romanos
486 940 592 1016 docet,
622 959 684 1002 nou
714 939 754 1000 ad
783 957 817 1000 se
838 940 999 1018 pertinere.

78 1021 152 1097 Quid
174 1021 384 1102 blasphemius
408 1031 437 1083 et
457 1024 593 1084 insanius
616 1023 675 1084 hac
695 1023 814 1085 insania
834 1021 908 1102 fingi
929 1039 1000 1102 pos-

78 1105 136 1164 sit?
169 1105 277 1182 Absit,
301 1106 395 1185 absit,
425 1114 457 1167 ut
485 1107 562 1167 ullus
585 1126 666 1187 apex
692 1107 810 1167 intuto
832 1105 928 1166 Paulo
951 1106 999 1179 sit,

77 1207 163 1267 quem
188 1208 250 1250 uon
274 1189 385 1250 debeat
404 1191 515 1251 imitari
538 1196 569 1250 et
590 1209 712 1250 servare
734 1196 799 1250 tota
820 1188 999 1249 universalis

76 1272 216 1336 ecclesia.
259 1272 329 1332 Non
358 1275 402 1333 sic
430 1280 590 1334 censerunt
610 1274 715 1334 Patres
744 1291 841 1352 usque
869 1274 899 1332 in
921 1272 1000 1332 haec

76 1363 216 1435 tempora
237 1356 420 1434 periculosa,
442 1357 472 1416 in
495 1356 603 1436 quibus
625 1354 901 1436 praedixitPaulus
922 1355 999 1415 lutu-

76 1456 125 1498 ros
148 1457 218 1498 esse
240 1438 436 1520 blasphemos
459 1447 490 1500 et
517 1457 629 1500 caecos
657 1447 687 1500 et
708 1441 898 1517 insensatos3
925 1455 1000 1518 quo·

75 1541 139 1582 rum
165 1541 243 1582 unns
265 1523 315 1583 hic
335 1523 442 1601 frater,
465 1523 514 1582 vel
536 1524 650 1603 primus
674 1529 730 1584 est.

158 1603 218 1665 Sed
242 1604 349 1665 demus
371 1606 521 1666 insaniam
542 1606 621 1666 hano
632 1605 865 1685 intolerabilem,
888 1603 998 1684 Sipar-

76 1687 193 1747 ticulari
219 1688 370 1748 ecelesiae
391 1688 529 1768 permisit
551 1689 670 1765 Paulus,
693 1695 775 1750 recte
788 1705 861 1768 ergo
875 1687 996 1765 Graeci,

76 1777 158 1830 recte
181 1770 308 1831 Bohemi
331 1771 463 1849 faciunt,
496 1773 586 1832 etiam
609 1778 639 1832 te
661 1779 787 1847 autore,
820 1776 890 1832 suut
918 1771 997 1831 enim

75 1853 275 1932 particulares
306 1853 468 1916 ecclesiae.
519 1854 620 1930 Quare
648 1857 722 1916 satis
750 1860 812 1934 eet,
849 1871 904 1915 eos
936 1871 997 1913 uon

75 1955 169 2015 agere
191 1943 298 1997 contra
319 1938 463 2016 Paulum,
485 1938 592 1998 saltem
615 1939 850 2017 permittentem.
892 1936 997 2011 Porro,

75 2019 186 2080 Paulus
214 2021 390 2100 permittere
415 2039 475 2082 non
498 2023 599 2102 potuit
619 2021 732 2100 aliquid
759 2027 865 2080 contra
885 2019 997 2103 Christi

75 2103 254 2165 institutum.
299 2103 432 2184 Oppono
455 2105 559 2184 igitur,
583 2103 691 2180 Roma,
714 2103 783 2183 tibi,
806 2111 837 2164 et
858 2101 999 2163 omuibus

76 2186 135 2244 tuis
178 2185 387 2247 adulatoribus
429 2187 487 2247 hos
520 2186 630 2248 Christi
665 2193 695 2247 at
724 2186 807 2247 Pauli
839 2204 997 2247 sermones

75 2286 130 2347 pro
152 2267 279 2329 Graecis
302 2276 332 2330 et
353 2269 507 2347 Bohemis,
530 2288 588 2330 nec
608 2271 723 2349 poteris
744 2287 806 2331 uuo
827 2270 889 2349 pilo
914 2286 998 2330 mon·

75 2357 187 2428 strare,
223 2357 407 2430 potestatem
438 2352 490 2413 tibi
520 2372 589 2413 esse
611 2352 713 2413 datam
747 2352 824 2414 haec
851 2351 998 2429 mutandi,

75 2433 169 2495 multo
205 2435 304 2494 minus
336 2435 413 2495 alios
446 2441 571 2515 propter
601 2441 684 2496 tuam
717 2437 996 2516 praesumptionem

75 2516 245 2596 neglectam
269 2518 440 2579 haereticos
462 2517 651 2580 criminandi.
695 2517 754 2580 sed
785 2525 818 2578 tu
840 2518 931 2599 digua
954 2537 997 2595 es,

75 2600 239 2679 impietatis
261 2607 294 2660 et
314 2600 482 2680 tyrannidis
505 2602 630 2662 crimine
652 2603 799 2665 accusari.

154 2682 202 2742 Ad
224 2683 303 2743 haec
323 2683 453 2763 legimus
475 2685 506 2744 in
529 2683 695 2764 Cypriane,
717 2686 768 2763 qui
790 2701 868 2744 unus
891 2689 998 2743 contra
1036 2691 1039 2700 ’

76 2783 182 2825 omues
212 2765 409 2826 Romanistas
442 2767 517 2827 satis
549 2773 659 2847 potens
689 2774 752 2846 est,
785 2769 836 2846 qui
868 2765 944 2827 libro
967 2770 996 2831 5.

76 2845 224 2910 Sermone
252 2847 406 2929 delapsis
428 2855 569 2926 testatur,
597 2849 697 2910 multis
725 2851 755 2909 in
784 2848 916 2911 ecclesia
945 2849 997 2908 illa

74 2949 159 2991 usum
182 2931 277 2992 luisse
299 2932 400 3009 laicis,
423 2933 513 2992 etiam
534 2933 646 3011 pueris,
668 2939 829 3012 utramque
850 2933 996 3014 speciem,

75 3014 134 3074 imo
165 3032 278 3094 corpus
306 3015 428 3076 Domini
460 3015 492 3076 in
525 3034 617 3075 manu
645 3015 725 3095 dari,
759 3020 792 3076 ut
841 3035 874 3076 er
903 3014 998 3074 multa

74 3097 216 3177 exempla
238 3096 339 3158 docet.
372 3097 455 3158 luter
476 3098 713 3178 ceteraevulgo
728 3116 804 3178 quos
827 3100 932 3160 ameic
953 3099 996 3157 in-

74 3187 193 3260 crepat3
211 3185 242 3239 et
264 3180 346 3259 quod
358 3199 420 3240 non
438 3181 543 3241 atatim
556 3180 679 3241 Domini
699 3200 810 3262 corpus
832 3181 997 3260 inquinatis

74 3261 213 3323 manibus
230 3264 371 3342 accipiat,
394 3270 446 3324 aut
462 3281 515 3325 ore
536 3263 655 3343 polluto
672 3264 795 3326 Domini
817 3265 996 3343 sauguinem

73 3343 171 3420 bibat,
202 3343 412 3408 sacerdotibus
440 3346 595 3426 sacrilegis
624 3347 773 3409 irascitur.
824 3347 917 3408 Vides
949 3347 997 3406 hic

74 3427 110 3488 de
131 3428 219 3488 laicis
242 3447 310 3489 eum
332 3429 433 3507 loqui,
468 3428 640 3508 sacrilegio,
672 3432 723 3509 qui
746 3450 765 3491 a
785 3428 995 3491 sacerdotibus

75 3529 184 3590 corpus
216 3517 248 3571 et
282 3511 462 3592 sanguinem
496 3513 636 3592 accipere
668 3513 840 3574 voluerunt.
894 3512 996 3573 Habes

75 3591 132 3669 hic,
155 3592 298 3656 adulator
308 3595 409 3672 miser,
431 3593 514 3674 quod
528 3595 678 3675 ganuias?
700 3594 749 3655 dic
771 3601 802 3655 et
817 3594 995 3655 hunceauc·

77 3683 137 3741 tum
159 3683 324 3758 martyrem
351 3697 444 3740 uuum
471 3678 503 3740 in
530 3677 662 3742 ecclesia
694 3675 866 3760 apostolico
888 3676 995 3756 spiritu
1047 3707 1051 3724 ι
