2262 4006
131 175 193 242 336
359 181 515 249 Responsio
534 179 567 234 D.
581 179 615 234 11.
638 181 665 235 t.
685 181 719 234 ed
737 179 837 236 librom

134 331 257 408 locum,
288 333 331 390 its
353 332 412 410 hic,
441 333 494 392 sed
519 341 633 394 lentum
659 335 790 412 (inquit)
816 334 971 410 homines,
999 335 1048 412 qui

134 432 195 474 non
219 413 333 474 habent
353 417 472 495 signnm
484 415 541 476 Dei
563 419 593 476 in
605 416 754 477 frontibus
770 419 842 494 suis,
864 416 894 478 id
917 425 975 494 est,
996 416 1048 475 ali·

132 497 215 576 quod
237 496 371 570 foenum,
394 501 538 578 000,001
560 518 620 560 non
643 499 758 560 hahent
778 499 880 580 iidem,
903 517 983 579 quse
1005 509 1051 558 est

131 579 321 659 signaculum
346 580 420 661 Dei,
443 599 533 661 quarn
556 583 587 641 in
610 583 798 643 conscientia
820 602 896 662 pura
926 589 956 642 01
980 599 1050 641 000-

130 663 304 722 versatione
327 663 421 724 libere
442 672 607 745 gestamus.

213 744 254 805 Et
275 745 387 807 dictum
410 755 457 806 est
479 747 548 825 illis,
572 767 610 807 ne
633 747 808 808 occiderent
830 766 894 824 eos,
917 746 973 806 sed
987 765 1052 805 000-

132 830 248 889 0100001
270 830 423 889 mensibus
449 830 591 910 quinque.
635 829 702 891 Hoc
725 830 796 892 mihi
826 831 939 890 dictum
970 828 1051 890 vide·

131 919 179 972 100
201 913 238 971 (10
261 907 402 972 doctrina
424 913 542 992 morali,
565 931 644 992 quae
667 933 735 972 cum
758 933 819 973 non
843 913 954 973 doceat
977 930 1053 990 cog-

134 997 280 1054 nitionem
305 997 424 1074 peceati
449 1015 561 1073 veram,
584 998 662 1056 01001
684 995 735 1055 lex
757 996 814 1055 Dei
841 1013 901 1056 non
926 995 1053 1070 occidit,
1128 1011 1129 1030 ³

135 1077 190 1137 sed
213 1078 311 1138 solnm
335 1079 421 1137 venia
446 1079 552 1138 studiis
575 1097 630 1139 eos
653 1077 768 1157 affligit,
790 1097 915 1158 semper
932 1078 1053 1138 discen-

135 1169 180 1220 tes
205 1168 236 1220 et
257 1179 411 1241 nunquam
436 1162 474 1222 ed
497 1162 655 1222 scientiam
677 1162 811 1220 veritatis
827 1163 1053 1240 pervenientes.
1128 1209 1129 1234 ,

133 1243 236 1304 000101
265 1245 344 1303 enim
377 1244 462 1303 litera
485 1245 676 1304 vivificentur
696 1245 801 1322 spiritu
829 1254 964 1320 aeterno,
989 1262 1053 1304 non
1128 1251 1129 1254 ’

134 1327 307 1386 cruciantur
328 1327 482 1386 mensibus
504 1329 655 1406 quinque,
682 1327 712 1385 id
735 1335 790 1403 est,
813 1335 876 1386 1010
898 1326 1055 1387 sensualis

136 1411 217 1469 vitae
239 1418 386 1489 ternpore,
408 1411 437 1468 in
461 1429 521 1488 qno
545 1409 678 1470 morales
701 1411 824 1470 virtutes
848 1417 988 1487 regnent.
1013 1409 1056 1468 Et

134 1492 271 1552 videmus
294 1493 425 1552 morales
447 1493 609 1572 theologos
638 1511 746 1552 omnes
767 1511 836 1552 esse
862 1495 1000 1572 pessima
1021 1499 1057 1552 et

135 1574 343 1635 infelicissima
365 1577 564 1653 conscientie,
586 1576 693 1656 plenos
717 1575 864 1654 scrupulis
886 1583 916 1635 01
931 1576 1054 1654 inquie-

132 1657 245 1735 tudine,
270 1676 326 1717 nec
349 1658 421 1717 boni
443 1678 501 1718 000
523 1661 594 1718 mali
617 1649 685 1718 esse
707 1667 856 1738 potentes.
898 1658 973 1720 ldco
1004 1677 1055 1718 se·
1129 1702 1130 1707 1

131 1743 244 1820 quitur:
270 1741 309 1801 llt
330 1742 482 1801 cruciatus
505 1761 609 1802 eornm
633 1749 665 1801 ut
679 1742 829 1802 cruciatus
845 1742 965 1821 scorpii,
977 1760 1054 1800 oum

130 1825 260 1903 percutit
281 1824 447 1884 hominem.
490 1824 571 1884 Ecca
594 1824 782 1884 conscientie
804 1824 896 1902 laese,
918 1825 1056 1904 exponit

131 1908 211 1967 enim
236 1907 318 1985 qnod
341 1906 470 1984 dixerat,
493 1926 553 1968 non
576 1905 676 1966 occidi
703 1924 758 1966 eos
785 1906 956 1985 salubriter,
989 1925 1055 1966 000

131 1989 278 2050 vivificari
299 1989 502 2069 spiritualiter.
547 1990 585 2049 111
612 1991 642 2048 10
673 1987 779 2049 diebus
809 1989 868 2048 illis
897 1998 1055 2069 quaerent

129 2073 268 2132 homines
290 2079 419 2133 mortem
443 2077 474 2131 et
495 2092 555 2133 non
579 2073 733 2131 invenient
757 2091 823 2130 earn
846 2079 877 2132 et
901 2072 1054 2134 disidera-

128 2155 205 2216 bunt
229 2157 316 2235 mori,
339 2161 371 2215 et
393 2175 474 2215 mors
496 2156 591 2235 fugiet
613 2154 650 2214 ab
674 2156 726 2217 eis.
771 2154 898 2215 Mortem
927 2155 1054 2215 scilicet

127 2241 263 2318 0000011,
294 2239 379 2317 qnod
409 2239 497 2297 nirnis
529 2239 601 2298 vivit
622 2239 651 2296 in
676 2239 865 2298 conscientie
891 2248 920 2298 01
942 2248 1052 2298 temen

128 2340 189 2382 non
214 2329 297 2382 00010
320 2324 526 2401 cognoscitur,
549 2322 573 2380 si
597 2323 678 2380 enim
701 2331 947 2400 cognosceret-nr,
970 2341 1052 2381 mox

129 2407 263 2466 occisum
285 2406 412 2484 periret,
435 2404 495 2465 hoc
516 2406 595 2463 enirn
618 2423 678 2464 non
701 2403 876 2464 Ethicorum
900 2406 1052 2464 Aristote-

129 2488 175 2568 lis,
198 2489 251 2548 sed
274 2488 380 2548 literae
403 2494 433 2546 01
454 2488 576 2566 00101100
600 2485 730 2547 officium
754 2489 810 2546 001.

212 2571 250 2630 Et
272 2570 483 2630 similitudines
506 2569 691 2630 locustarum
716 2568 828 2629 similes
851 2571 935 2647 equis
957 2589 1051 2649 pare·
1129 2604 1130 2607 =

128 2654 217 2713 11010
242 2653 365 2731 bellurn,
388 2653 506 2713 scilicet
528 2653 741 2730 disputationis
764 2658 795 2712 et
810 2651 1051 2713 conflictationis
1129 2716 1130 2719 Ἴ

127 2735 331 2796 scholasticae
365 2736 475 2796 bellum
509 2735 567 2794 heo
599 2735 747 2814 allegoria
769 2736 875 2814 pingit,
911 2739 1049 2816 prompti

129 2819 208 2878 enirn
232 2828 302 2880 sunt
328 2838 456 2899 arguere
484 2837 540 2897 pro
563 2824 594 2878 01
620 2828 728 2878 contre
752 2823 802 2890 (ut
824 2819 960 2893 dicitur).
1007 2819 1050 2879 Et
1129 2860 1130 2871 l

129 2919 221 2980 super
243 2903 343 2980 capita
375 2920 477 2961 earum
509 2919 644 2961 coronae
678 2899 792 2959 similes
815 2920 904 2975 0000,
932 2901 961 2960 id
986 2911 1046 2978 001,

128 2984 254 3044 0000100
275 2991 306 3043 01
327 2985 404 3044 111011
427 2983 589 3063 graduum:
613 2984 758 3062 Magister
780 2991 882 3042 noster
903 2985 1047 3059 eximius,

127 3085 233 3126 sacrae
256 3065 432 3144 theologiae
454 3066 574 3126 humilis
598 3074 628 3126 et
648 3066 789 3146 indignus
806 3065 964 3126 Professor
985 3075 1046 3130 etc.
1129 3082 1130 3119 t

126 3149 167 3210 Et
188 3148 281 3209 fecies
300 3168 404 3209 eorum
429 3156 573 3228 tanquam
597 3149 690 3208 iacies
707 3149 873 3230 hominum,
887 3151 959 3228 quie
973 3149 1046 3210 doc·
1128 3223 1129 3232 ¹

127 3235 206 3292 trina
223 3240 254 3292 01
274 3234 337 3292 vita
358 3251 464 3292 eornm
487 3251 547 3292 non
572 3233 678 3312 spiritu
700 3231 781 3308 fidei,
804 3230 857 3290 sed
881 3231 1046 3292 dictamine

127 3315 272 3375 naturalis
294 3317 420 3375 rationis
442 3317 565 3393 regitur,
588 3315 699 3374 lumine
726 3321 853 3374 naturae
881 3315 1046 3376 Aristotele

126 3397 323 3457 illuminatae.
366 3396 406 3456 Et
417 3396 570 3457 habebant
586 3398 726 3477 capillos,
742 3398 822 3457 sicut
838 3397 967 3476 capillos
983 3418 1045 3458 mu·

127 3476 250 3555 11000ος
272 3477 460 3540 sacrificulos
483 3478 675 3540 effeminatos
698 3487 728 3539 01
740 3481 823 3540 luxui
842 3479 962 3542 deditos
980 3483 1045 3560 gig-

127 3561 172 3616 nit
195 3561 399 3640 philosophia,
419 3563 450 3620 in
474 3561 583 3639 quibus
606 3563 679 3622 nihil
702 3563 843 3642 spiritns,
874 3581 975 3642 neque
1004 3565 1043 3624 'vi-

128 3639 191 3698 rilis
212 3641 241 3699 in
265 3641 385 3703 Christo
408 3662 516 3703 sensns
539 3645 630 3724 viget.
674 3644 783 3727 Capilli
807 3647 887 3708 enirn
904 3647 1044 3710 sacerdo·
