2254 4008
313 171 343 226 D.
362 171 395 226 ll.
417 171 495 259 [ruth.
516 169 700 225 Praelndium.
930 168 972 234 65

69 328 123 402 rint,
143 330 255 386 tantum
277 325 308 384 in
330 326 418 404 signo
441 331 472 386 et
493 343 548 384 usu
572 325 649 403 signi
673 324 852 400 haerentes,
880 332 910 383 et
933 343 972 385 ex

8 470 10 486 ,
67 409 115 469 lide
138 409 164 466 in
193 427 286 487 opus,
318 427 358 468 ex
393 406 486 468 verbo
520 408 693 486 insignum
724 425 780 467 noe
806 409 972 486 rapientes,
1023 439 1026 444 ·

9 497 10 508 ¹
67 510 144 570 quare
167 491 218 568 (ιιι
240 489 319 566 dixi)
345 500 537 550 sacramenta
551 509 610 564 non
623 488 716 550 modo
730 491 972 570 captivaverunt,

66 573 108 635 sed
127 575 255 652 penitus,
276 573 358 652 quod
381 574 410 632 in
434 575 478 633 eis
500 573 564 648 luit,
587 573 796 634 aboleverunt.

107 657 166 716 Nos
173 675 248 736 ergo
256 655 729 736 aperientesoculumdiscamua,
742 657 839 734 magis
847 654 973 715 verbum

65 759 139 820 quam
148 740 279 820 signum,
305 738 504 820 magisfidem
519 757 610 818 quem
624 757 701 818 opus
723 741 875 798 seu'usam
893 739 972 818 signi

6 865 7 868 ,
64 823 228 883 observare:
251 824 394 900 scientes,
416 822 588 901 ubieunque
611 831 658 882 eet
675 823 838 901 promissio
860 822 973 899 divina,

63 906 94 966 ibi
106 906 212 983 requiri
230 903 334 985 fidem,
356 923 485 985 esseque
506 915 668 984 utrumque
681 915 743 964 tam
757 905 974 981 necessarium,

63 997 87 1048 ιιι
105 994 241 1048 neutram
256 990 322 1048 sine
345 993 412 1049 utro
425 988 536 1049 efficax
547 1007 615 1049 esse
637 989 743 1067 possit.
774 988 880 1066 Neque
892 988 972 1047 enim

6 1098 14 1128 ι’
62 1070 130 1132 credi
150 1075 265 1150 potest,
284 1072 339 1131 nisi
355 1071 434 1132 adsit
446 1073 619 1152 promissio,
635 1089 693 1130 neo
703 1072 867 1151 promissio
884 1071 975 1129 stabi·

10 1165 12 1232 ζ
61 1155 125 1230 litur,
141 1155 199 1214 nisi
212 1154 363 1232 credetur,
385 1155 496 1214 ambae
508 1173 580 1216 vero
593 1155 619 1214 si
632 1168 755 1214 mutuae
767 1156 836 1235 sint,
855 1154 975 1213 ‘iaciunt

11 1253 12 1256 ’
61 1257 148 1296 reram
171 1244 203 1296 et
225 1239 425 1298 certissimam
439 1236 605 1298 efficaciam
620 1238 830 1298 sacramentis.
872 1235 975 1310 Quare

60 1319 217 1380 efficaciam
228 1319 975 1400 sacramenticitrapromissionemetfidemquae·

59 1422 122 1478 rere,
144 1411 191 1463 est
214 1403 325 1464 frustra
348 1405 412 1478 niti,
435 1411 466 1464 et
487 1404 715 1464 damnationem
732 1404 879 1463 invenire.
923 1401 975 1462 Sic

60 1484 251 1559 Christus*):
275 1485 334 1561 Qui
367 1486 528 1547 crediderit
549 1493 580 1548 et
601 1486 770 1567 baptisatus
793 1485 895 1562 fuerit,
919 1485 976 1546 sal·

6 1614 9 1618 .
60 1587 105 1628 vus
125 1569 199 1646 erit,
231 1571 282 1649 qui
310 1588 371 1630 non
396 1569 573 1648 crediderit,
601 1570 862 1631 condemnabitur.
906 1567 976 1643 Quo

11 1647 15 1726 ,l
58 1659 215 1734 monstrat,
249 1651 341 1714 fidem
370 1654 400 1712 in
430 1662 621 1714 sacramento
649 1653 728 1714 adeo
757 1655 974 1727 necessariam,

11 1737 13 1808 'f
60 1743 85 1794 nt
104 1736 195 1795 etiam
219 1736 285 1795 sine
307 1744 500 1798 sacramento
521 1755 644 1796 servare
667 1738 774 1816 possit,
796 1734 865 1796 ideo
880 1735 977 1796 noluit

12 1855 13 1858 =
60 1817 197 1879 adiicere:
223 1817 283 1893 Qui
303 1838 365 1880 non
378 1819 548 1896 crediderit,
571 1828 673 1879 elnon
692 1821 860 1898 baptisatus
878 1817 976 1880 luerit.

127 1900 290 1981 Significat
310 1903 414 1980 itaque
437 1902 604 1982 baptismus
627 1903 699 1978 duo,
723 1911 851 1961 mortem
874 1909 905 1960 et
926 1915 990 1962 re·¹

7 2031 8 2034 ,
59 1988 281 2063 surrectionem,
303 1986 364 2045 hoo
386 1991 448 2059 est,
478 1986 644 2065 plenariam
667 1993 975 2062 consummatamque

11 2119 12 2122 ,
58 2065 307 2130 testificationem.
351 2067 441 2143 Quod
453 2069 533 2129 enim
558 2069 693 2128 minister
705 2086 832 2148 puerum
854 2068 973 2126 immer-

11 2149 12 2152 ’
57 2151 91 2228 git
109 2152 137 2209 in
162 2169 286 2230 aquam,
309 2160 437 2212 mortem
460 2149 620 2231 significet,
644 2150 726 2230 quod
740 2159 841 2210 autem
853 2169 973 2212 rursum

57 2232 158 2310 educit,
181 2235 274 2294 vitam
297 2232 460 2314 significat.
502 2235 547 2294 lta
570 2233 682 2294 Paulus
704 2233 813 2294 Roma.
827 2235 856 2295 6.
880 2251 974 2313 expo·

56 2317 103 2375 nit:
130 2315 312 2396 Consepulti
334 2318 415 2377 enim
438 2335 542 2378 sumus
564 2317 684 2378 Christo
712 2335 767 2397 per
789 2315 974 2395 baptismum

10 2437 11 2457 ι
56 2399 79 2457 in
106 2407 254 2477 mortem,
278 2406 327 2476 ut,
350 2399 608 2479 quemadmodum
638 2399 775 2460 Christus
807 2400 973 2460 resurrexit

8 2534 12 2562 ,
56 2501 88 2541 ex
109 2484 237 2543 mortuis
259 2501 314 2563 per
335 2484 464 2562 gloriam
487 2484 596 2564 patris,
626 2484 668 2543 ita
698 2489 730 2543 et
757 2501 813 2544 nos
835 2483 865 2542 in
890 2482 974 2541 novi·

8 2579 12 2646 ξ
56 2571 108 2626 tate
129 2567 213 2626 vitae
236 2565 436 2629 ambulemus.
465 2565 553 2628 Hanc
575 2574 704 2627 mortem
727 2572 757 2626 et
778 2566 973 2626 resurrectio-

7 2649 8 2686 ἒ
56 2667 115 2708 nem
138 2649 332 2730 appellamus
354 2667 469 2728 nouam
491 2657 679 2726 creaturam,
699 2649 974 2730 regenerationem,

56 2740 81 2791 et
99 2732 289 2813 spiritualem
313 2733 517 2811 nativitatem,
547 2751 638 2812 quam
662 2751 723 2792 non
753 2738 876 2811 oportet
903 2731 975 2790 alle·

6 2841 8 2878 l
57 2817 152 2894 gerice
195 2823 312 2879 tantum
344 2815 472 2896 intelligi
506 2816 544 2875 de
577 2822 675 2876 morte
702 2815 822 2895 peceati
850 2823 881 2874 et
911 2815 975 2874 vite

55 2900 181 2977 gratiae,
212 2901 291 2960 siout
313 2899 397 2958 multi
426 2898 543 2974 solent,
573 2898 627 2958 sed
657 2899 695 2960 de
722 2917 796 2958 vera
825 2903 922 2959 morte
944 2904 974 2956 et

55 2983 281 3046 resurrectione.
315 2982 386 3042 Non
408 2983 488 3042 enim
504 2981 673 3062 baptismus
695 2979 879 3062 significatio
901 2979 974 3040 fleta

6 3071 7 3074 ’
56 3073 228 3144 sitneque
254 3073 414 3145 peecatum
445 3065 585 3142 moritur,
621 3083 721 3144 neque
750 3063 850 3144 gratis
878 3063 976 3142 surgit

55 3147 154 3226 plene,
176 3148 278 3210 donec
299 3167 410 3228 corpus
432 3149 566 3228 peccati,
596 3147 678 3227 qood
707 3150 840 3228 gerimus
863 3151 892 3208 in
916 3147 975 3206 hac

56 3231 122 3307 rita,
138 3231 325 3310 destruatur,
336 3239 367 3292 et
377 3231 489 3291 ibidem
501 3231 660 3312 apostolus
675 3231 760 3292 dicit:
783 3230 860 3292 Nam
873 3231 974 3292 donec

55 3313 82 3371 in
103 3332 194 3374 carne
216 3333 331 3394 sarnus,
354 3313 505 3375 desideria
526 3316 625 3376 carnis
649 3321 776 3376 movent
796 3320 826 3375 et
848 3333 974 3375 moven-

57 3401 108 3458 tur.
130 3396 232 3472 Quare
253 3396 323 3458 dum
347 3398 508 3477 incipimus
531 3397 672 3478 credere,
700 3397 790 3458 simul
811 3398 973 3478 incipimus

57 3480 129 3540 mori
150 3481 219 3540 huic
241 3480 371 3558 mundo,
398 3489 429 3541 et
456 3483 559 3542 virere
580 3481 646 3542 Deo
668 3483 699 3542 in
723 3481 823 3540 lutura
847 3483 919 3560 rita,
942 3485 973 3539 ut

45 3693 46 3698 κ
109 3667 136 3735 ·)
151 3668 231 3721 ltere.
249 3668 299 3722 ult.

86 3769 655 3822 marcenae-aretntratpvotv.
871 3737 891 3798 5
