2258 4002
134 127 199 196 110
406 127 449 204 120
464 128 544 202 ,Orat
559 127 819 203 eorl-‚noane

135 284 267 364 orationi
288 302 326 356 ac
354 282 448 344 verbo
477 282 599 346 liberine
626 284 748 348 instent.
791 284 860 349 lina
881 284 962 351 enim
985 301 1061 345 con-

135 367 203 427 silio
226 366 365 446 legimus,
387 367 477 428 Acto.
488 370 517 444 5,
538 367 686 428 diaconos
708 368 877 443 institutos,
899 376 994 446 atqua
1016 368 1062 428 ita

134 468 214 529 eum,
237 452 288 528 qui
311 449 357 509 vel
380 451 512 530 ignorat,
534 450 583 510 vel
597 469 659 511 non
683 449 1059 532 praedicatevangelium,

134 551 196 594 non
219 533 311 594 modo
334 550 396 592 non
418 551 487 595 esse
509 532 700 596 sacerdotem
724 533 773 594 vel
789 536 979 618 episcopum,
1002 532 1059 594 sed

133 624 250 696 pestem
273 615 425 694 quandam
438 615 597 694 eeclesiae,
620 618 671 695 qui
684 615 739 676 sub
763 617 850 680 titulo
863 617 939 680 falso
958 635 1060 676 sacer-

135 699 214 763 dotis
237 705 268 758 et
289 699 445 779 episcopi,
468 717 524 758 ceu
546 700 602 758 snb
624 699 704 780 pelle
727 699 833 779 ovina,
862 699 1058 778 evangelium
1122 761 1123 766 ,

136 783 298 862 opprimat,
321 787 351 840 et
373 782 476 862 lupum
497 783 527 840 in
550 781 680 844 ecclesia
702 789 783 862 agat.

217 863 320 940 Quare
349 864 371 923 ii
392 862 568 924 sacerdotes
591 872 621 924 et
643 866 797 945 episcopi,
826 863 934 945 quibus
963 861 1061 926 hodie

133 943 244 1008 relerta
266 951 312 1006 est
334 947 482 1026 ecclesia,
509 947 567 1008 nisi
596 947 796 1012 alienatione
818 948 947 1011 salutem
969 965 1061 1009 suern

134 1038 314 1111 operentur,
346 1029 407 1090 hoc
428 1037 489 1108 est,
510 1031 569 1090 nisi
591 1023 762 1110 agnbscant
783 1050 852 1092 sese
872 1049 931 1092 uec
952 1047 1058 1090 saeer-

135 1113 222 1174 dotes
245 1132 303 1172 nec
324 1115 488 1193 episcopos
506 1132 585 1192 esse,
606 1113 793 1192 doleantque
815 1133 848 1174 se
870 1133 981 1176 nomen
1006 1131 1060 1192 ge-

134 1216 216 1273 rere,
238 1197 322 1256 cuins
345 1215 421 1276 opus
446 1203 499 1256 aut
519 1198 674 1274 nesciunt,
695 1207 747 1258 aut
768 1216 831 1260 noo
852 1205 981 1276 possunt
1004 1198 1061 1256 im·

133 1280 228 1361 plere,
252 1282 357 1358 sicque
378 1279 567 1340 orationibus
589 1289 621 1341 et
640 1280 774 1341 lacrimis
796 1300 871 1344 suae
885 1277 1061 1360 hypocrisis

135 1365 275 1422 miseram
298 1369 411 1422 sortem
440 1360 615 1442 deplorent,
643 1383 714 1426 vere
741 1375 811 1424 sunt
837 1365 968 1444 populns
991 1382 1059 1442 per·

135 1445 258 1506 ditionis
280 1454 441 1524 aeternae,
466 1464 503 1504 ac
527 1442 564 1506 de
586 1449 630 1506 eis
652 1445 727 1506 illud
752 1447 812 1510 lsa.
834 1450 862 1510 b.
888 1445 1059 1506 verificabi-

5 1527 6 1532 ’
103 1547 105 1551 ·
134 1536 197 1589 tur:
231 1527 377 1608 Captivos
411 1528 518 1588 ductus
545 1536 591 1590 est
613 1529 744 1610 populns
777 1549 880 1606 meus,
912 1547 949 1590 eo
973 1526 1060 1608 quod

134 1631 196 1672 non
218 1611 357 1675 babuerit
378 1612 552 1689 scientiam,
581 1620 611 1672 et
640 1611 758 1676 nobiles
787 1615 851 1677 eius
880 1613 1060 1672 interierunt
1122 1649 1123 1668 ι

133 1695 223 1773 fame,
246 1703 276 1754 et
301 1691 459 1755 multitudo
483 1696 547 1756 eius
569 1695 618 1778 siti
641 1687 774 1775 exaruit,
801 1703 965 1776 propterea
987 1693 1061 1754 dila·
1122 1695 1123 1700 ’

133 1779 499 1840 tavitinlernusaninram
512 1797 611 1858 suam,
632 1787 662 1838 et
684 1780 802 1859 aperuit
824 1797 859 1842 os
881 1797 968 1840 suurn
990 1776 1062 1838 ahs-

134 1881 193 1940 que
214 1862 275 1922 ullo
298 1863 438 1923 termino
471 1859 510 1920 Et
532 1861 719 1922 descendent
740 1863 833 1924 fortes
854 1863 931 1935 aius,
954 1869 984 1921 et
1006 1878 1062 1939 po·

135 1945 224 2024 pulus
247 1947 322 2022 eins,
345 1952 375 2004 et
396 1943 540 2005 sublimes
563 1947 637 2028 eius,
661 1953 690 2007 et
702 1945 828 2026 gloriosi
851 1945 915 2006 eius
932 1945 962 2004 in
978 1961 1061 2005 eum.
1122 1939 1123 1950 ’

136 2027 162 2088 Ο
186 2029 310 2088 verbnm
332 2027 516 2088 horrendum
539 2036 644 2088 nostro
667 2028 788 2106 seculo,
817 2046 878 2109 quo
901 2035 986 2090 tanta
1008 2043 1062 2086 vo·

134 2113 240 2192 regine
263 2112 464 2172 absorbentur
485 2103 657 2174 Christiani.

221 2190 375 2268 Quantum
399 2212 472 2274 ergo
488 2185 512 2253 'e
535 2191 697 2276 Scriptnris
726 2190 886 2272 docemur,
914 2211 982 2252 cnm
1007 2192 1061 2252 mi·

135 2279 291 2336 nisterium
320 2279 359 2336 sit
387 2277 432 2357 id,
469 2276 551 2356 quod
580 2291 638 2338 nos
663 2278 871 2355 sacerdotium
900 2293 1060 2351 vocamus,

137 2379 262 2440 prorsus
287 2379 350 2422 non
373 2360 479 2440 video,
507 2379 568 2440 qua
588 2363 708 2422 ratione
728 2378 831 2422 rursus
853 2365 987 2438 nequent
1009 2357 1062 2418 lai-

137 2462 190 2503 cus
213 2441 278 2503 ficri
311 2445 406 2506 semel
428 2445 572 2505 sacerdos
594 2445 709 2521 iactus,
737 2463 804 2504 cum
835 2463 854 2507 a
880 2443 961 2502 laico
985 2440 1061 2502 nihil

136 2527 266 2606 diflerat,
288 2527 345 2586 nisi
367 2524 544 2588 ministerio.
587 2528 798 2589 Aministerio
821 2535 922 2589 autem
946 2525 1061 2605 deponi

136 2611 215 2671 adeo
237 2630 299 2671 non
322 2613 360 2672 sit
381 2609 590 2691 impossibile,
612 2618 646 2670 ut
666 2611 779 2691 passim
803 2630 840 2690 aa
862 2611 954 2672 etiam
977 2626 1060 2668 nunc

137 2693 306 2754 celebretur
327 2694 461 2753 vindicte
480 2687 690 2773 inculpabiles
713 2693 900 2770 sacerdotes,
922 2693 1061 2752 dumont

137 2778 364 2856 suspenduntur
395 2776 617 2856 temporaliter,
652 2783 703 2836 aut
725 2785 872 2856 perpetuo
898 2776 1061 2856 privantur

138 2861 240 2920 officio
264 2879 331 2921 suo.
373 2859 450 2920 Nam
473 2866 679 2920 commentum
707 2855 780 2920 illud
810 2853 994 2923 characteris
1017 2859 1061 2917 in-

137 2942 266 3004 delihilis
287 2945 348 3004 iem
370 2943 442 3002 olim
463 2945 583 3003 irrisum
603 2951 659 3006 est.
703 2935 862 3024 Concedo,
883 2950 916 3005 nt
936 2939 1061 3002 charac-

46 3083 51 3092 ,
136 3035 233 3087 terem
256 3027 337 3087 hunc
359 3047 440 3108 papa
461 3028 630 3107 imprimat,
661 3028 822 3108 ignorante
844 3017 981 3106 Christo,
1010 3025 1060 3083 sit

137 3129 196 3192 que
224 3111 285 3171 hoc
311 3112 380 3191 ipso
409 3112 555 3182 sacerdos
587 3128 625 3170 eo
660 3119 857 3176 consecratus
899 3127 961 3173 non
996 3116 1058 3171 tam

137 3195 248 3256 Christi
278 3213 369 3272 quarn
397 3212 496 3273 papae
523 3201 687 3274 perpetuus
715 3211 820 3254 servus
850 3199 880 3253 et
908 3192 1061 3272 captivus,

137 3280 216 3338 sicut
243 3287 289 3338 est
316 3277 381 3336 dies
410 3277 494 3341 baec.
540 3275 700 3356 Ceterum,
730 3273 787 3338 nisi
808 3267 914 3356 iallor,
943 3275 969 3354 si
992 3283 1060 3338 ruat

136 3361 198 3436 hoc
218 3367 444 3424 sacramentum
459 3368 489 3422 et
500 3369 705 3427 commentum
728 3356 903 3440 aliquando,
926 3357 1058 3420 vmsub·

125 3447 224 3512 siatet
244 3444 311 3524 ipse
331 3451 463 3522 papatus
490 3460 560 3502 cum
581 3444 642 3504 suis
665 3442 907 3520 characteribus,
937 3441 1059 3516 redibit-

94 3576 96 3580 *
140 3545 199 3608 que
221 3525 260 3586 ad
282 3545 339 3588 nos
360 3526 442 3584 laeta
462 3525 601 3604 libertas,
622 3544 684 3604 qua
704 3541 761 3585 noe
783 3543 890 3586 omnes
912 3522 1059 3606 aequales

140 3628 209 3673 asse
231 3623 415 3690 quocunque
435 3608 499 3671 iure
519 3607 732 3688 intelligemus,
754 3614 786 3674 ct
807 3623 939 3695 exonera
957 3615 1057 3692 tyran·
