2250 4008
119 143 182 210 462
412 145 570 202 Contutstio
590 147 754 202 luthericus

121 303 191 381 capi
213 299 296 362 velit
339 299 425 362 Ultra
448 301 593 378 diunius,
625 300 785 381 sophistas
815 300 958 364 nonnihil
995 317 1047 362 cue

119 404 212 466 pere,
244 401 324 462 quae
345 386 385 444 sit
405 385 579 448 substantia
599 386 737 464 pcccati,
769 385 888 446 scilicet
904 383 1047 448 offensio
1071 397 1074 404 ·

120 468 176 528 Dei
199 475 229 526 et
250 467 326 546 legis
339 467 395 528 Dei
410 469 632 548 transgressio;
654 467 708 530 scd
725 468 815 546 quale
838 471 878 530 sit
896 469 926 531 iu
952 484 1047 546 prac-
1076 494 1088 506 ·

120 549 293 612 dicamento
309 552 499 630 quantitatis,
521 549 684 630 qualitatis,
706 553 871 627 relationis,
893 550 1046 624 sotionis,

120 635 289 716 passionis,
322 636 372 694 hic
394 652 521 714 prorsus
550 632 623 694 nihil
644 635 766 704 sciunt„
796 634 897 710 Quare
918 633 977 694 hic
999 634 1046 692 sic

120 716 275 794 tractabo,
306 724 340 778 ut
366 719 406 778 ad
436 719 541 779 omnis
561 717 680 778 Latomi
701 717 851 795 producta
872 716 975 779 semel
999 733 1047 774 ra·

120 800 312 880 sponderim,
344 820 382 861 nc
406 801 483 862 liber
504 811 622 860 crescat
642 802 673 859 in
693 799 906 878 immodicum,
931 801 963 862 st
988 816 1049 878 por

120 883 242 962 singula
262 881 440 962 discurram,
462 883 649 964 parcendum
672 885 753 943 enim
777 881 965 946 collectori.

204 966 243 1028 Ul
276 985 350 1046 argo
384 969 574 1028 crassissima
602 966 763 1044 loquamur
793 985 848 1046 pro
871 965 1048 1046 Sophistis,

120 1059 281 1130 peccatum
309 1049 478 1110 secundum
511 1050 760 1130 praedicamenta
791 1058 976 1124 tractemus,
1019 1049 1047 1108 si

120 1133 197 1193 forte
218 1134 339 1212 possint
356 1152 413 1192 nos
430 1137 526 1212 sequi.
550 1131 713 1194 Peccatum
726 1134 802 1192 citra
812 1133 1047 1212 metaphoram,

122 1215 224 1276 ubiubi
246 1215 347 1292 luerit,
380 1235 451 1276 vere
479 1227 640 1296 peccatum
674 1222 721 1276 est
741 1226 849 1276 nal-ura
870 1235 940 1291 sua,
983 1232 1047 1276 uso

120 1318 211 1360 unum
233 1299 331 1378 magis
363 1310 525 1379 peccatum
560 1317 650 1378 quam
683 1296 766 1357 aliud
795 1299 880 1358 iuxta
900 1300 1046 1378 proprie

118 1391 213 1442 tatem
235 1381 441 1462 substantiae,
474 1401 554 1462 quae
580 1399 642 1442 uon
665 1382 792 1461 suscipit
815 1383 1046 1460 magistraque

120 1467 228 1526 minus.
270 1464 354 1526 Licet
376 1485 468 1526 unum
491 1469 530 1526 sit
550 1468 648 1526 maius
670 1474 700 1524 et
719 1463 826 1524 fortius
848 1463 924 1541 alio,
957 1465 1046 1526 sicut

119 1555 150 1608 ct
171 1547 340 1608 substantia
372 1569 434 1609 una
467 1551 563 1610 maior
594 1567 685 1627 quam
719 1547 831 1627 altera,
862 1566 923 1608 non
952 1549 1043 1610 enim

120 1633 218 1692 miuus
239 1631 412 1692 substantia
433 1640 606 1708 cstmusca,
628 1650 718 1710 quam
734 1630 838 1707 homo,
861 1633 1043 1694 scaminus

118 1715 212 1776 homo
234 1713 389 1793 infirmus,
418 1733 508 1794 quam
531 1713 683 1776 robustus.
727 1713 840 1790 Porro,
870 1733 910 1774 ne
933 1733 986 1776 me
1009 1716 1041 1772 in

119 1797 219 1858 verbis
241 1805 380 1878 captent,
409 1795 612 1860 substantiam
642 1797 691 1858 lric
722 1798 842 1878 accipio
865 1815 926 1858 non
948 1815 1042 1859 more

120 1881 301 1960 Aristotelis,
323 1881 377 1941 sed
400 1879 589 1958 Quintiliani,
611 1899 673 1959 quo
696 1880 789 1941 modo
812 1881 850 1942 de
872 1881 984 1959 quavis
1006 1899 1040 1940 rs

120 1963 224 2024 mundi
246 1967 347 2044 possis
374 1969 504 2044 primum
527 1966 697 2044 disputare,
731 1963 803 2042 quid
832 1965 887 2040 sit,
924 1962 1039 2024 deiude

119 2057 243 2127 quauta,
266 2047 376 2108 deinde
397 2049 506 2128 qualis,
528 2057 559 2108 et
580 2050 625 2108 sic
647 2047 686 2106 de
706 2046 792 2125 aliis,
811 2045 895 2126 quod
916 2057 948 2106 at
969 2047 1038 2107 Ari·

117 2131 244 2192 stotelss
268 2130 412 2192 observat
434 2130 607 2211 ubicunqne
629 2129 765 2208 disserit,
788 2129 845 2194 sed
874 2139 905 2190 et
927 2129 1039 2211 Sopbi-

118 2224 185 2276 stac
213 2216 309 2274 cuivis
346 2214 595 2295 praedicamento
627 2233 713 2275 snam
752 2213 887 2274 tribuunt
917 2213 1038 2293 quiddi-

118 2305 221 2362 tatem.
265 2297 316 2360 Sic
337 2299 417 2358 enim
441 2297 479 2360 dc
500 2299 614 2360 iustitia
636 2295 818 2359 disserturus
841 2316 896 2377 per
916 2296 1036 2377 praedi-

119 2387 261 2442 camenta
282 2381 427 2462 dispones
449 2383 535 2442 locos
558 2382 715 2458 cuononis,
737 2381 866 2460 primum
889 2382 963 2460 quid
985 2382 1037 2457 sit,

117 2467 287 2526 secundum
304 2464 506 2526 substantium
534 2483 630 2541 suam,
648 2463 758 2524 deinde
776 2473 901 2542 quanta,
924 2465 1035 2544 qualis,

119 2567 258 2628 quorum,
280 2547 352 2628 quid
375 2557 457 2630 agat,
478 2547 551 2627 quid
572 2548 715 2627 patiatur,
738 2547 858 2626 ubisit,
880 2566 943 2626 quo
961 2556 1035 2608 tcm-

118 2650 194 2712 pore
216 2635 271 2709 sit,
295 2632 367 2711 qnid
389 2631 516 2710 habeat,
544 2631 701 2711 quomodo
723 2639 811 2710 gerat
832 2649 911 2692 sess.
954 2630 1033 2696 Nam

119 2715 169 2776 hio
190 2714 228 2775 de
257 2716 513 2795 praedicamentis
546 2714 718 2774 intellectus
752 2731 821 2774 meo
853 2715 966 2774 iudicio
996 2714 1033 2778 ad

120 2797 337 2877 eloquentiam,
360 2798 399 2860 ad
422 2799 615 2878 memoriam,
632 2795 671 2858 ad
694 2795 897 2874 intellectum,
921 2798 960 2858 ad
984 2815 1034 2858 co-

119 2882 288 2961 gnitionem
309 2901 410 2942 rerum
438 2881 613 2944 utilissimus
639 2881 735 2961 forst,
772 2881 797 2939 si
829 2888 1034 2959 exerceretur,

119 2963 173 3026 sed
195 2963 308 3026 scholis
332 2964 506 3044 sophisticis
529 2982 652 3045 prorsus
673 2963 807 3042 ignotus.

201 3047 268 3108 Hoc
291 3065 363 3108 vero
386 3055 546 3128 peccatum
563 3045 765 3108 substantiale
782 3049 832 3124 (ut
854 3047 935 3129 dixi)
960 3066 1033 3110 nou·

119 3132 192 3204 nihil
213 3131 388 3211 intelligunt
409 3129 587 3212 Sophistac,
620 3132 673 3192 scd
704 3135 774 3210 post
797 3129 981 3212 baptismum
1004 3139 1034 3192 at

117 3217 247 3278 infusam
274 3218 413 3277 virtutem
436 3214 492 3276 Dei
511 3215 557 3276 sic
578 3235 612 3274 se
639 3213 747 3292 habet,
772 3222 805 3276 ot
826 3215 965 3277 nondum
985 3233 1030 3295 ps

119 3302 199 3360 nitus
222 3298 296 3358 nihil
318 3301 371 3376 sit,
404 3299 566 3360 contritum
596 3305 697 3358 tamen
726 3305 774 3358 cst
799 3305 831 3358 st
851 3298 1032 3376 subiectum,

71 3417 76 3434 ·
120 3389 152 3442 ut
172 3385 232 3442 iam
254 3400 316 3443 nou
339 3383 437 3460 possit
458 3380 541 3459 quod
562 3382 670 3461 poluit.
704 3379 783 3455 Quid
797 3389 898 3446 autom
912 3380 1032 3461 potuit?

119 3482 187 3522 reos
214 3482 270 3524 uos
300 3464 412 3543 agebat
438 3483 541 3526 coram
564 3463 651 3540 Deo,
685 3472 715 3527 ct
734 3464 964 3538 ,conscientiam
991 3466 1032 3524 in·

120 3543 250 3604 testabat
271 3546 443 3624 tyrannice,
474 3543 673 3626 trahebatque
708 3546 747 3605 de
776 3545 824 3606 dic
846 3548 876 3606 iu
900 3547 980 3609 diam
1002 3548 1030 3606 in

121 3626 237 3685 maiora
272 3627 368 3708 mala,
403 3636 527 3706 eratque
562 3630 592 3686 in
621 3633 806 3714 quantitate,
834 3635 981 3710 qualitate
1005 3643 1032 3694 ct
