2254 4008
143 149 185 217 30
398 149 441 208 Da
459 152 536 222 capt.
555 152 653 221 Babyl.
672 151 813 208 hannalae

143 305 201 366 nisi
213 305 345 367 ecclesia
364 305 595 368 determinasset
606 308 800 368 eontrarium.
822 307 935 368 Postea
946 306 1063 386 videns,

143 407 221 469 quae
242 397 324 450 esset
345 390 485 466 ecclesia,
509 408 587 470 quae
608 391 669 450 hcc
686 389 929 468 determinasset,
952 409 1062 470 nempe

140 472 344 551 Themistiea,
372 474 433 534 hcc
454 482 518 550 est,
551 473 763 548 Aristotelian,
798 475 945 534 audacior
967 474 1063 532 lectus

141 574 218 632 sum,
243 565 273 616 et
295 559 346 635 qui
367 559 446 616 inter
466 575 575 616 saxum
601 563 631 617 et
653 575 773 616 sacrum
795 557 977 634 haerebam,
1000 563 1063 616 tan-

141 637 209 698 dem
236 637 367 699 stabilivi
394 640 612 700 conscientiam
641 657 741 698 meam
763 647 884 700 sentent
872 641 915 700 tia
944 640 1062 734 priore:

142 739 210 782 esse
238 720 380 784 videlicet
406 741 509 782 verum
546 741 656 803 panem
687 741 853 801 verumque
882 724 1002 800 vinum,
1034 724 1062 782 in

141 803 250 884 quibus
263 805 372 864 Christi
394 824 467 866 vera
489 823 562 866 caro
574 823 724 883 verusque
746 807 869 885 sanguis
887 823 955 866 non
977 806 1064 866 aliter

140 905 199 947 nec
221 889 318 947 minus
341 889 396 965 sit,
430 907 522 982 quarn
550 888 593 948 illi
615 887 670 948 sub
693 887 902 950 accidentibus
923 890 988 948 suis
1011 908 1064 968 po-

141 978 230 1049 nunt,
253 969 335 1049 quod
356 970 433 1049 feci,
460 972 531 1050 quia
554 970 615 1031 vidi
636 970 860 1032 Thomistarum
891 973 1064 1052 opiniones,

141 1054 207 1112 sive
239 1053 404 1134 probentur
438 1074 457 1114 a
486 1073 583 1134 papa,
612 1055 677 1114 sive
706 1075 725 1113 a
760 1056 908 1136 concilio,
938 1074 1064 1114 manere

140 1136 318 1215 opiniones,
344 1155 403 1196 nec
423 1135 487 1197 fieri
509 1137 653 1197 articulos
682 1135 769 1216 fidei,
792 1139 909 1198 etiamsi
933 1136 1064 1232 angelus

141 1217 180 1278 de
201 1219 290 1280 coelo
312 1219 395 1280 aliud
417 1225 570 1282 statueret
613 1219 690 1280 Nam
714 1219 796 1316 quod
818 1222 884 1280 sine
906 1207 1065 1301 seriptuiis
1122 1293 1123 1300 ι

138 1303 282 1363 asseritur
303 1310 356 1363 aut
377 1303 565 1363 revelatione
575 1302 714 1383 probata
738 1305 857 1398 opinari
875 1305 956 1382 lieet,
979 1302 1064 1364 credi

142 1403 204 1445 non
227 1392 274 1446 est
294 1404 431 1447 necesse.
474 1385 558 1446 Haec
581 1394 681 1446 antem
707 1387 811 1465 opinio
825 1387 962 1447 Thomas
983 1386 1065 1447 adso

139 1469 205 1528 sine
233 1469 387 1548 scripturis
418 1475 449 1530 et
474 1469 594 1530 ratione
614 1468 754 1546 fluctuat,
788 1476 822 1530 ut
849 1489 907 1530 nec
927 1469 1065 1550 philoso-

139 1551 253 1632 phiam,
277 1571 334 1612 nec
356 1552 553 1612 dialecticam·
567 1571 654 1612 suam
676 1554 800 1613 novisse
822 1554 894 1612 mihi
911 1553 1062 1614 videatur.

139 1633 245 1714 Longe
274 1637 354 1696 enim
384 1635 470 1695 aliter
500 1635 679 1696 Aristoteles
718 1635 757 1694 de
790 1636 1000 1696 accidentibus
1032 1644 1065 1695 et

139 1716 287 1798 subiecto,
309 1737 401 1798 quam
423 1717 454 1781 S.
475 1718 609 1778 Thomas
630 1719 777 1797 loquitur,
808 1725 840 1778 ut
861 1720 932 1780 mihi
958 1718 1063 1780 dolen-

138 1799 209 1860 dum
231 1802 369 1863 videatur
389 1820 445 1881 pro
470 1807 555 1864 tanto
578 1802 653 1880 viro,
676 1802 726 1880 qui
740 1801 900 1881 opiniones
921 1803 953 1862 in
970 1801 1062 1864 rebus

138 1882 210 1944 fidei
230 1904 293 1946 non
314 1884 407 1946 modo
431 1905 471 1946 ex
493 1885 657 1945 Aristotele
679 1883 813 1964 tradere,
843 1885 896 1946 sed
919 1893 951 1946 et
970 1904 1066 1966 super

138 1985 219 2042 eum,
242 1987 332 2048 quem
354 1987 416 2028 non
438 1969 597 2044 intellexit,
619 1974 747 2028 conatus
770 1975 817 2028 est
838 1968 988 2049 stabilire,
1017 1970 1064 2028 in-

138 2050 302 2111 felicissimi
323 2050 511 2112 fundamenti
531 2051 738 2110 infelicissima
754 2057 914 2114 structura.

221 2134 366 2194 Permitto
388 2135 501 2214 itaque,
523 2136 574 2213 qui
595 2135 680 2194 volet
700 2141 859 2213 utramque
881 2135 1062 2216 opinionem
1122 2145 1123 2158 ¹

139 2223 252 2297 tenere,
273 2217 334 2276 hcc
356 2217 455 2277 solum
478 2237 559 2278 nunc
580 2237 650 2298 ago,
674 2224 705 2275 ut
726 2219 884 2298 scrupulos
902 2219 1065 2279 conscien-

138 2300 247 2360 tiarum
270 2299 309 2359 de
331 2299 432 2361 medic
455 2301 569 2378 tollam,
591 2301 765 2379 nequisse
787 2321 873 2361 reum
894 2302 1064 2362 haereseos

139 2389 268 2462 metuat,
295 2384 320 2443 si
342 2386 372 2442 in
395 2384 481 2444 altari
504 2404 607 2444 verum
630 2403 740 2463 panem
762 2402 928 2463 verumque
957 2387 1064 2444 vinum

138 2485 207 2526 esse
229 2466 399 2527 crediderit.
443 2467 503 2528 Sed
532 2466 657 2528 liberum
691 2487 759 2528 esse
781 2467 839 2528 sibi
860 2470 954 2544 sciat,
984 2469 1064 2528 citra

137 2550 305 2629 periculum
328 2551 450 2631 salutis,
480 2551 654 2612 alterutrum
678 2552 853 2630 imaginari,
883 2552 1001 2631 opinari
1029 2557 1065 2610 et
1111 2617 1113 2620 ,

138 2632 277 2712 credere,
310 2653 378 2694 cum
408 2636 447 2694 sit
477 2635 528 2695 hic
556 2634 640 2694 nulla
668 2635 836 2694 necessitas
865 2633 945 2696 fidei.
989 2633 1061 2714 Ego

138 2723 240 2777 tamen
263 2736 362 2778 meam
384 2737 465 2778 nunc
491 2735 663 2798 prosequor
689 2719 882 2779 sententiam.
925 2717 1062 2777 Primum

138 2800 212 2861 nolo
240 2818 294 2861 eos
319 2800 439 2878 audire,
468 2819 526 2862 nec
546 2800 654 2861 tantilli
677 2801 793 2877 lacere,
820 2801 870 2880 qui
900 2801 1063 2860 clamaturi

137 2892 217 2964 sunt,
239 2885 299 2945 hoc
320 2902 389 2945 esse
410 2885 679 2964 Viglephisticum,
700 2883 903 2960 Hussiticum,
930 2884 1063 2945 haereti·

137 2986 206 3029 cum
229 2975 259 3028 et
280 2975 387 3028 eontra
409 2970 558 3029 ecclesiae
585 2967 883 3045 determinationem,
906 2985 975 3028 cum
997 2967 1062 3027 hoe

136 3070 198 3112 nnn
220 3050 333 3115 faciant
345 3053 402 3112 nisi
423 3053 454 3130 ii,
477 3071 554 3131 quos
569 3050 669 3111 multis
683 3051 782 3111 modis
795 3050 966 3111 haereticos
989 3069 1062 3110 esse

138 3135 257 3196 convici
280 3135 310 3195 in
332 3155 366 3196 re
386 3134 653 3214 indulgentiarum,
674 3133 761 3194 liberi
770 3133 894 3213 arbitrii,
917 3135 1061 3212 etgratia

137 3218 204 3297 Dei,
226 3217 370 3299 operibus
391 3218 478 3280 bonis
501 3225 531 3280 et
543 3220 678 3299 peccatis
693 3226 763 3298 etc,
784 3225 827 3294 ut,
849 3218 874 3276 si
888 3217 1060 3297 Viglephus

136 3303 232 3362 semel
254 3303 308 3362 luit
331 3302 518 3382 haereticus,
544 3303 604 3382 ipsi
631 3301 733 3362 decies
756 3301 898 3360 haeretici
921 3303 999 3378 sint,
1029 3305 1061 3359 et

136 3385 294 3464 pulchrum
324 3387 377 3462 sit,
411 3385 450 3444 ab
482 3385 643 3444 haereticis
671 3390 702 3444 et
733 3385 882 3465 perversis
910 3383 1059 3462 sophistis

134 3467 253 3547 culpari
275 3476 306 3528 et
327 3469 488 3545 criminari,
510 3467 617 3546 quibus
639 3468 790 3547 placuisse
812 3487 931 3528 summa
951 3467 1059 3545 impie·

137 3556 184 3610 tas
207 3558 261 3611 est.
292 3551 463 3628 Praeterea,
485 3550 568 3631 quod
591 3569 661 3610 suas
684 3552 851 3610 sententias
873 3569 934 3610 non
952 3550 1014 3609 alia
1027 3569 1059 3609 re

138 3633 280 3713 probare,
300 3652 359 3694 nec
381 3635 548 3696 contrarias
570 3635 630 3696 alia
651 3639 770 3697 ratione
791 3635 966 3714 improbare
987 3652 1059 3714 pos-
