2252 4006
159 185 222 257 2oe
344 191 476 248 Assertio
495 187 889 265 ouuzartta.1t.·ll.b.pes

159 345 277 406 lstiiotls
300 347 359 408 illis
381 347 549 427 figmentis,
578 347 687 428 quibus
715 353 761 409 tot
782 349 900 410 animos
921 347 1034 408 blluut
1054 351 1082 408 sl

157 429 298 572 pariunt,
321 431 475 491 dissutas:
496 430 606 512 eaput,
629 439 723 512 eaput
744 432 905 510 ecelesias„
926 443 996 491 uuus
1021 432 1082 490 uul-

170 522 220 571 hm
243 514 282 572 sii
304 515 412 593 ospitis
434 515 553 594 uspiam
576 514 733 576 iuditium.
789 513 887 591 Quam
912 523 984 574 vers
1008 513 1084 573 dixit

157 591 274 674 Petrus,
298 599 326 659 2.
347 595 411 658 Pet.
433 597 467 659 2:
495 597 534 656 itt
560 596 638 657 llotie
662 598 761 659 verbis
784 599 913 659 avaritia
934 597 971 658 ds
994 595 1083 657 vobis

158 678 404 759 negotiabuntur.

239 761 355 822 Tamen
386 777 447 841 quo
477 763 574 842 magis
602 770 709 843 polest
736 765 875 844 operalio
904 771 1035 823 thisinae
1055 762 1085 821 in

158 860 261 905 errore
282 846 357 923 isto,
386 845 561 925 videamus,
584 846 693 925 quibus
716 847 878 907 verborum
900 845 1035 906 iaiiseiis
1058 851 1087 904 ei

157 926 310 1008 flgmeulls
333 942 402 988 eum
418 929 581 1008 primatum
596 928 811 1008 probaverunt.
844 928 976 989 Primum
990 927 1087 988 addu-

157 1017 231 1070 ouui
252 1009 327 1070 illud
349 1011 454 1075 listtlt.
479 1006 532 1074 lt:
555 1011 601 1070 Tu
624 1027 658 1071 es
679 1012 803 1090 Petrus,
835 1019 866 1072 et
888 1025 980 1092 super
1005 1012 1085 1070 hatte

157 1093 277 1154 Petram
301 1092 471 1155 aedilioabo
494 1094 657 1154 eooisslaut
680 1109 791 1176 meam,
813 1104 845 1155 el
863 1105 973 1176 portae
997 1093 1085 1153 inferi

158 1189 221 1236 non
242 1176 462 1256 praevalebunt
482 1177 630 1238 adversus
654 1193 731 1238 eam.
775 1179 815 1238 iit
835 1178 889 1240 tibi
918 1177 1004 1238 dabo
1027 1177 1085 1236 oia·

158 1273 211 1318 ves
242 1261 327 1339 regni
361 1259 533 1339 obelorum,
573 1260 777 1341 quodeunque
812 1262 956 1341 ligsyerls
993 1273 1086 1340 super

156 1347 346 1402 terramala

239 1424 297 1484 Hio
328 1439 383 1506 per
415 1433 532 1506 petram
563 1425 737 1506 intelligunt
770 1431 957 1507 potestatem
994 1425 1086 1505 Petri,

158 1522 213 1568 seu
235 1525 336 1588 papae
358 1507 566 1568 monarchiam
588 1509 682 1587 iiitltrt,
704 1523 902 1590 superquam
925 1508 1085 1570 tlediiiosri

157 1591 372 1651 volunttotaus
384 1591 557 1670 eeclesiam,
580 1591 610 1651 id
631 1600 688 1670 est,
710 1594 871 1653 ecelesiam
890 1593 1004 1652 subiici
1016 1593 1085 1651 huio

155 1675 310 1754 potestati.
343 1673 430 1734 Haeo
450 1673 634 1735 adulteratio
648 1681 680 1736 et
690 1675 867 1755 depravatio
891 1675 981 1735 huius
1001 1673 1085 1734 verbi

156 1757 267 1818 Christi
280 1769 310 1817 et
319 1758 500 1838 impiissima
511 1763 542 1818 ei
552 1757 752 1818 iutoierobiiia
764 1765 821 1821 osi.
854 1757 947 1834 Quod
961 1759 1085 1819 eviden-

156 1849 201 1900 ter
237 1841 415 1902 monstrabo
455 1841 486 1899 iu
524 1841 609 1900 hurso
646 1841 786 1902 modum:
829 1841 970 1903 christus
1003 1841 1086 1920 dioit,

156 1923 238 2004 quod
281 1932 390 2006 portae
432 1922 518 1984 inferi
560 1939 622 1985 nou
666 1924 726 1992 siut
764 1925 990 2006 praevaliturae
1034 1941 1084 1983 uu-

156 2025 246 2086 quam
285 2005 432 2067 adversus
462 2007 542 2066 hano
572 2009 638 2067 sive
673 2017 790 2088 petrum
824 2009 888 2068 sive
918 2007 1084 2068 ecelesiam

153 2105 245 2170 super
272 2097 389 2169 petram
417 2087 618 2150 aedilioatam.
662 2089 744 2150 Nihil
772 2091 853 2151 euim
877 2091 985 2174 raiol-t,
1022 2091 1085 2152 slve

155 2172 303 2232 adversus
324 2181 442 2253 petrem
464 2174 529 2232 aive
550 2173 697 2233 adversus
725 2175 886 2236 eooiosiam
910 2190 975 2234 uon
997 2189 1084 2254 prae·

155 2255 257 2316 valere
285 2253 508 2336 intelligantur,
536 2257 598 2316 imo
626 2258 827 2336 periculosius
856 2263 903 2318 esl
930 2257 1083 2317 adversus

155 2345 284 2418 petram,
306 2355 396 2418 quam
418 2338 565 2398 adversus
587 2340 749 2401 ecelesiam
771 2340 873 2418 uorl¹)
902 2341 1083 2421 praevalere

154 2421 240 2498 illas,
273 2439 342 2482 oum
381 2430 489 2482 ruente
519 2431 606 2502 petra
644 2423 803 2485 eoelestia
835 2435 928 2504 supra
961 2431 1081 2504 petram

155 2502 245 2566 situm
268 2521 395 2566 neeesse
415 2519 538 2585 quoque
560 2507 599 2565 sit
619 2517 716 2586 rusia,
739 2521 800 2569 nou
817 2507 922 2568 trotarii
942 2515 1081 2571 econtra.

238 2587 314 2649 Gom
338 2591 663 2668 aulam·uetnopossit
684 2604 808 2671 negare,
830 2601 990 2671 papamet
1013 2607 1081 2651 om-

153 2690 224 2732 nem
247 2679 431 2752 potestatem
454 2673 519 2731 eius
530 2673 653 2752 saepius
675 2673 768 2734 fuisse
782 2694 841 2735 uua
864 2693 934 2735 oum
957 2667 1006 2752 iis,
1032 2675 1081 2753 qui

154 2754 210 2814 sub
233 2773 271 2815 eo
295 2757 386 2816 etiam
410 2756 653 2836 pertinaoissime
674 2765 785 2836 agunt,
816 2757 872 2817 sltb
893 2765 1029 2837 peceato
1052 2764 1080 2816 et

153 2837 310 2917 impietate
333 2841 531 2920 pessimoque
554 2837 666 2917 abusu,
689 2858 727 2900 ao
747 2854 802 2920 per
822 2841 884 2900 hou
903 2846 1012 2920 portas
1037 2841 1079 2899 lu·

153 2917 208 2979 ieri
231 2920 417 2982 horribiliter
437 2924 467 2982 in
491 2939 544 2982 eos
567 2924 784 3004 praevaluisse,
807 2935 923 3003 eosque
946 2935 1077 3004 oooups·

154 3004 262 3080 verint,
285 3007 418 3065 maxime
439 3007 469 3065 in
492 3004 670 3066 hodiernam
694 3007 772 3068 diem
796 3006 985 3088 postlimini,
1008 3023 1076 3066 oum

153 3086 246 3146 hodie
267 3103 329 3147 uon
352 3091 464 3161 serviat
487 3108 525 3149 ea
545 3096 698 3170 potestas,
727 3093 784 3151 uisi
811 3091 849 3152 ad
872 3091 1075 3150 vastationem

153 3169 313 3248 esoiesiae,
336 3180 369 3230 ut
390 3173 527 3232 omnium
550 3192 659 3234 sensus
682 3176 860 3260 cognoscit,
883 3173 1074 3234 manifestum

117 3271 121 3280 ·
154 3261 210 3332 est,
232 3263 350 3334 petram
373 3255 454 3314 aliud
479 3258 634 3337 quippiam
658 3259 848 3339 siguificare,
878 3270 970 3338 quast
992 3263 1074 3338 pote

153 3337 487 3480 {haheehviielhhffmpmm
509 3341 594 3400 interl
617 3349 678 3401 tam
701 3341 883 3404 horribiliter
902 3342 1071 3406 subtectam

155 3595 574 3618 mmuh-amau·-

210 3683 242 3752 i)
263 3683 293 3738 iu
312 3689 355 3741 ed.
374 3691 445 3758 orig.
464 3687 552 3744 deest:
571 3705 635 3744 non.
