2250 4008
153 154 216 220 482
361 187 364 194 ·
446 153 606 212 Oonfutstio
624 155 794 212 Luthericnc

71 385 84 402 ς
154 311 224 372 diue
247 331 303 372 sua
323 313 370 371 ius
393 311 494 374 habet.
517 311 585 393 Ego
608 332 681 373 vero
701 313 753 372 tibi
775 313 924 394 promitto
948 316 982 369 et
1005 309 1086 384 orbi,

154 413 204 454 mc
226 413 287 455 non
311 395 390 455 velle
412 397 455 456 nti
478 395 630 457 vocabulo
654 395 741 456 aliter
772 415 865 476 quam
888 393 1022 469 Paulus,
1057 393 1087 450 in

154 477 266 558 quod
258 497 371 539 invoco
400 499 511 540 nomen
534 479 679 554 Domini,
714 488 745 538 ut
779 480 852 538 mihi
880 479 1023 554 resistat,
1063 477 1086 533 si

154 560 241 621 aliter
264 561 380 639 usns¹J
404 561 499 624 suero.
544 561 624 638 Quid
650 564 693 621 vis
724 562 877 642 amplius?
922 562 965 620 At
990 577 1088 618 vocn-

153 643 255 704 bulum
278 646 378 723 ipsum
401 645 471 705 volo
495 653 616 722 tenere,
646 655 676 704 et
702 653 755 705 tua
777 645 966 723 Patrnmqne
991 660 1087 702 vocc-

150 727 226 788 bula
248 728 338 804 nolo‚
373 728 455 808 quod
477 730 565 790 scios,
612 727 708 805 Volo,
739 730 883 808 inquam,
914 731 1085 806 peccatum

154 810 266 890 dicere,
289 811 371 888 quod
395 830 450 871 vos
473 811 623 872 delectum
651 811 695 870 vel
718 811 984 890 imperfectionem
1011 808 1107 868 dici-¹

154 895 206 968 tis,
229 893 367 974 uunquid
390 913 437 954 me
460 895 546 955 uliter
569 893 682 972 coges?
719 893 798 954 Nihil
823 910 953 953 moveor
978 898 1107 950 vestro¹

153 977 413 1056 impetuosissimo
438 978 584 1057 tumultu
614 997 703 1056 quern
727 995 788 1037 non
812 979 879 1036 sine
901 995 1001 1036 consa
1027 992 1084 1033 vos

73 1127 76 1136 Ι
154 1061 310 1120 concitare
334 1059 444 1136 video,
467 1081 577 1142 nempe
601 1079 640 1119 ue
661 1059 867 1120 succumbatis
890 1067 920 1120 st
943 1059 1083 1118 invenic-

154 1144 226 1202 mini
263 1150 377 1202 temere
409 1145 439 1202 in
473 1153 558 1204 tanta
593 1146 719 1202 crimina
749 1145 887 1222 irruisse,
923 1141 981 1201 sed
1022 1141 1083 1200 hoe

154 1232 245 1286 antes
267 1225 365 1286 luerat
386 1227 633 1305 praevidendum
1106 1213 1107 1234 ¹

234 1307 402 1368 Veniamus
441 1311 532 1390 igitur
566 1311 604 1368 ad
640 1309 894 1388 significationem
933 1285 1107 1368 vocabuli

153 1391 250 1452 huius.
295 1392 406 1452 Paulus
429 1402 589 1472 peccatum
613 1399 706 1452 vocat
733 1393 780 1468 id,
810 1392 894 1470 quod
925 1391 1107 1470 reliquum}

154 1483 200 1532 est
222 1474 391 1556 baptismo,
424 1477 528 1536 Patres
559 1495 618 1536 non
650 1484 827 1554 peccatum,
864 1474 917 1534 sed
952 1473 1107 1533 infirmi

153 1564 245 1618 tutem
273 1567 303 1618 et
326 1559 586 1638 imperfectionem
609 1567 731 1618 vocant.
775 1557 861 1618 llic
853 1578 884 1617 m
908 1557 995 1617 bivio
1021 1567 1107 1616 sta

154 1660 231 1718 mus,
254 1659 313 1720 ego
336 1641 474 1716 Paulum,
497 1650 528 1701 tu
551 1643 655 1702 Patres
678 1644 823 1720 sequeris
868 1642 1107 1720 Augustiuum
1106 1617 1107 1678 l

153 1725 296 1804 excipio,
318 1727 390 1804 quic
410 1719 470 1786 ille
484 1745 554 1786 vere
577 1725 681 1784 vitium
705 1735 735 1784 et
757 1726 949 1804 iniquitatem
973 1723 1107 1784 rotun-

153 1805 199 1866 dis
223 1770 322 1868 verilis
344 1817 445 1872 vocat

236 1890 367 1951 Ulterius
388 1892 427 1951 ud
451 1900 543 1972 caput
560 1891 759 1952 dissensionis
776 1891 948 1990 venimus,
951 1910 991 1948 an
1016 1890 1076 1949 tale

152 1981 323 2052 peccalum,
346 1993 416 2053 sen,
440 1983 471 2035 nt
494 1982 524 2034 tn
548 1976 609 2053 vis,
632 1973 790 2034 infirmitas
813 1982 922 2032 nutura
946 1991 1004 2032 sus
1029 1974 1075 2032 vel

152 2055 220 2116 sola
243 2023 452 2118 misericordia
473 2022 652 2138 ignoscelrte
681 2075 742 2117 noo
771 2057 810 2114 sit
843 2063 954 2116 contra
975 2056 1074 2116 Deum

152 2148 181 2198 et
204 2139 302 2219 legem
326 2141 401 2203 eius
445 2141 554 2201 Nonne
578 2141 655 2200 haec
677 2149 723 2201 est
751 2158 870 2199 summa
893 2137 1074 2238 dispuputio·

151 2223 197 2282 nis
221 2221 369 2284 nostrus?
409 2223 476 2306 Ego
499 2241 555 2304 pro
579 2245 627 2283 me
649 2222 748 2284 habeo
772 2222 856 2282 Pauli
879 2222 1073 2296 vocabulum,

151 2306 234 2386 quod
266 2307 339 2386 quid
372 2299 525 2388 significet
557 2326 647 2367 nemo
683 2308 822 2388 ignorat,
856 2325 968 2386 nempe
1001 2269 1073 2368 illud

150 2389 233 2468 quod
263 2397 370 2450 contre
398 2389 498 2451 Deum
538 2399 584 2451 est
619 2387 695 2474 (nisi
733 2387 930 2486 ignoscatur)
965 2398 1072 2451 nutura

153 2491 219 2534 suu.
250 2473 294 2533 Tu
318 2473 425 2551 habes,
448 2484 483 2535 ut
497 2474 606 2534 videris
623 2473 686 2550 tibi,
710 2471 825 2549 Patres,
847 2469 899 2551 qui
922 2480 1072 2543 asserant

150 2575 212 2616 non
235 2575 303 2617 esse
326 2565 435 2618 contra
458 2556 555 2618 Deum
580 2566 609 2617 et
631 2557 730 2636 legem
762 2555 827 2615 eius
849 2561 970 2616 natum.
1015 2555 1071 2614 Pri

150 2659 233 2700 mum
262 2659 323 2700 non
354 2639 484 2722 probus,
520 2641 579 2701 hoc
608 2641 712 2700 Patres
741 2638 853 2714 velle,
871 2639 924 2698 sed
960 2641 1070 2716 omnia,

151 2741 229 2801 quae
251 2723 380 2803 inducis,
403 2724 492 2784 facile
515 2743 532 2781 a
555 2743 603 2784 me
621 2722 790 2804 abigentur,
815 2723 839 2781 si
863 2722 983 2798 dixero,
1005 2721 1069 2781 illos

151 2805 234 2884 loqui
258 2807 295 2866 dc
317 2816 447 2889 peccato
479 2815 566 2867 extra
597 2806 836 2872 misericordium
866 2805 979 2886 posit-,o
1024 2804 1069 2864 Sic

150 2889 229 2948 enim
254 2891 411 2949 verissime
434 2891 557 2968 dicunt,
586 2897 696 2970 peccet
698 2909 746 2949 um
770 2887 843 2948 illud
866 2890 986 2968 gratiae
1012 2889 1068 2964 (sic

150 2969 279 3032 dixerim
301 2975 394 3033 animi
418 2979 529 3049 causo)
557 2993 681 3053 prorsus
710 2973 861 3032 neminem
891 2991 977 3031 reum
1001 2989 1066 3032 con

150 3057 288 3133 stituere,
318 3074 381 3115 non
405 3056 566 3135 damnare,
602 3077 662 3116 uon
686 3074 813 3131 nocere,
853 3073 978 3151 prorsus
1001 3054 1066 3114 nihil

52 3192 55 3198 .
150 3158 312 3200 commune
333 3138 446 3199 habere
460 3159 529 3200 cum
545 3149 674 3220 peccato
689 3148 775 3198 extro
789 3140 928 3218 gratiam.
962 3137 1067 3197 Nonne

150 3230 260 3304 elego
283 3223 328 3282 sic
351 3222 439 3299 dico,
469 3223 619 3283 Letome?
651 3223 722 3302 quid
751 3224 830 3281 enim
861 3221 1014 3301 sacrilegii
1040 3223 1065 3281 in

151 3325 199 3365 me
222 3317 284 3384 est,
318 3305 442 3385 quaudo
471 3308 502 3366 in
525 3305 585 3364 hoc
615 3305 675 3364 fine
697 3307 913 3381 convenimus,
947 3313 980 3363 nt
1000 3305 1066 3364 nihil

133 3384 223 3447 'muli
245 3397 374 3468 uterque
397 3407 571 3449 asseramus
595 3388 716 3461 habere,
742 3385 769 3445 id
794 3390 858 3446 sive
880 3388 1016 3467 peccati,
1039 3397 1065 3446 ut

149 3487 227 3545 eg0,
249 3472 315 3530 sive
335 3470 538 3548 infirmitatis,
564 3479 595 3530 ut
623 3481 654 3530 tu
678 3471 793 3532 vocas?
829 3490 882 3530 cur
904 3471 948 3530 sic
971 3473 1001 3530 in
1022 3490 1065 3530 me

222 3654 253 3720 1)
275 3656 305 3706 ln
324 3657 365 3720 ed.
386 3660 477 3726 origa
498 3673 596 3727 usque.
