2258 4002
254 169 364 226 Butlam
382 169 465 227 mon.
483 169 516 226 X.
536 139 654 226 damnat.
675 185 700 226 a
719 167 796 228 tbto.
925 165 988 235 169

420 393 633 459 Secundum

106 562 140 621 In
166 579 265 642 puero
286 568 359 642 post
386 562 570 642 baptismum
600 580 713 642 nagors
735 581 896 624 remanens
919 581 987 622 assa

104 644 475 724 peccatum‚cstPauinm
488 651 519 706 st
533 645 684 708 (thristum
693 645 783 706 simul
794 645 989 707 conculcare.

147 749 265 812 Paulus
284 751 395 814 Roma.
417 754 446 816 7.
461 751 548 812 dicit:
568 742 859 830 'concupiscentiam
874 752 989 812 nescie-

60 832 132 892 bam
160 853 231 894 esso
252 842 428 914 peccatum,
450 835 507 894 nisi
537 835 587 896 lex
618 834 749 896 diceret:
779 833 848 896 Non
878 853 988 895 concu-

60 915 180 995 pisces.
204 917 263 978 Hic
284 919 350 978 siue
373 916 466 979 dubio
489 917 592 994 clarat,
615 918 895 998 concupiscentiam
918 937 987 978 osse

60 1006 239 1078 peccatum,
262 1007 294 1060 at
315 1001 383 1081 quis
398 1006 447 1062 est
458 1001 628 1075 hominum,
645 1001 695 1083 qui
707 999 988 1080 concupiscentiam

58 1100 121 1142 non
146 1083 249 1158 sentit,
271 1090 434 1163 postquam
457 1084 634 1162 adoleverit,
658 1085 797 1164 quamvis
808 1083 989 1164 baptisatus,

59 1183 129 1225 cum
163 1167 215 1227 hio
245 1166 404 1248 apostolus
438 1168 649 1230 sanctissimus
681 1167 794 1229 nodum
820 1167 990 1248 baptisatus

59 1267 150 1309 suam
172 1251 452 1330 concupiscentiam
475 1252 623 1312 accuset?
650 1248 739 1313 Unda
761 1250 989 1331 orgobocpso

63 1337 181 1412 catum,
207 1334 263 1393 nisi
287 1353 326 1395 ex
347 1335 507 1396 nativitate
529 1335 647 1412 carnis,
669 1335 760 1397 stiam
782 1341 855 1415 post
875 1334 990 1415 baptis·

62 1433 148 1476 mum
172 1417 358 1478 romanens?
952 1479 954 1484 ,

149 1499 251 1578 Atque
273 1519 311 1560 nc
333 1501 400 1580 quis
422 1506 509 1580 putet
531 1500 705 1580 apostolum
729 1502 758 1560 in
781 1518 915 1580 persons
938 1498 990 1561 ali·

61 1599 152 1641 orum
175 1582 270 1662 loqui,
288 1581 356 1646 Gal.
379 1587 408 1648 5.
432 1583 471 1644 ad
494 1603 559 1662 eos,
582 1584 632 1663 qui
646 1585 753 1664 spiritu
763 1582 916 1660 vivebant,
940 1601 990 1663 ga·

61 1665 160 1725 norati
185 1667 336 1726 sententia
360 1665 451 1728 dicit:
474 1665 506 1728 Si
530 1667 636 1747 spiritu
659 1668 807 1746 vivimus,
830 1667 936 1746 spiritu
959 1671 990 1725 et

61 1747 266 1813 ambulemus.
310 1749 389 1825 Quid
413 1753 478 1810 erat
498 1768 626 1811 necasse
647 1750 810 1827 mandare,
829 1754 862 1809 ut
883 1749 989 1828 spiritu

61 1830 230 1905 ambulent,
255 1832 305 1911 qui
328 1832 434 1912 spiritu
457 1833 572 1910 vivunt,
596 1834 621 1893 si
644 1852 706 1894 non
729 1838 868 1913 superest
880 1850 989 1912 pecca·

61 1920 125 1973 tum
151 1916 262 1990 carnis,
286 1914 369 1996 quod
392 1915 595 1996 crucifigant?
616 1916 760 1996 Denique
782 1915 855 1977 dicit
876 1933 944 1994 cap.
958 1918 988 1980 5:

61 1995 144 2058 Caro
167 1998 358 2078 concupiscit
387 1998 533 2060 adversus
561 2001 698 2079 spiritum
729 2005 759 2060 et
786 1999 908 2078 spiritus
938 1997 988 2057 od·

59 2083 169 2140 versus
193 2099 327 2144 carnem.
371 2081 458 2142 Haeo
479 2083 559 2143 anim
582 2082 639 2144 sibi
670 2083 801 2144 invicem
825 2081 988 2142 adversan-

62 2168 126 2245 tur,
158 2168 274 2225 utnon
299 2181 500 2243 quascunque
522 2165 631 2240 vultis,
654 2165 707 2226 illa
727 2165 856 2226 faciatis.
901 2162 988 2238 Quas

62 2253 166 2306 autem
191 2253 384 2327 potestesse
407 2248 660 2328 concupiscentia
676 2249 809 2330 spiritns,
833 2245 890 2307 nisi
913 2247 987 2307 cari·

63 2328 136 2389 tas?
158 2335 232 2390 utst
246 2330 435 2410 Augustinus
449 2332 571 2409 sospius
582 2333 807 2412 interpretatur,
823 2329 873 2390 ubi
884 2335 986 2390 autom

63 2413 177 2473 caritas
195 2413 253 2473 nisi
275 2414 305 2472 in
329 2412 513 2493 baptisatis?
535 2414 574 2474 Et
595 2419 696 2476 tamon
720 2416 751 2475 in
775 2415 822 2475 bis
844 2419 984 2493 puguant

64 2501 195 2575 utraque
217 2495 476 2575 concupiscentia.

146 2577 188 2638 nt
207 2595 288 2658 quac
309 2586 398 2640 essct
412 2579 603 2659 apostolicas
626 2581 784 2642 doctrinae
799 2579 844 2639 vis
859 2585 889 2637 et
901 2584 984 2637 auto-

63 2661 148 2742 ritas,
171 2661 197 2720 si
219 2680 280 2722 non
304 2661 488 2742 generalitor
509 2663 547 2724 ad
572 2682 679 2725 omncs
701 2663 840 2724 homines
856 2661 986 2740 portins-

63 2743 129 2804 ret?
165 2743 235 2805 Non
258 2744 338 2804 enim
362 2742 503 2807 absoluta
525 2745 626 2808 dicero
648 2745 820 2820 debuisset,
848 2744 986 2823 spiritum

64 2831 92 2886 ct
115 2845 239 2888 oarnsrn
261 2825 318 2887 sibi
341 2845 488 2908 pugnare,
534 2829 588 2890 ssd
611 2830 784 2913 aliquorum
805 2827 988 2908 spiritumet

66 2927 200 2988 carnem,
222 2910 341 2970 scilicet
361 2911 522 2974 malorum.
553 2912 643 2975 Nunc
672 2918 773 2974 sutem
800 2927 925 2990 prorsus
949 2909 987 2969 do

66 2992 206 3054 omnibus
237 2993 416 3055 Christianis
445 2993 532 3055 dicit:
578 2995 759 3075 Quicunque
787 3001 889 3055 autem
917 2999 987 3052 sunt

66 3075 186 3152 Christi,
210 3093 332 3136 oarnsm
355 3095 442 3137 snam
457 3077 673 3140 crucifixerunt
696 3097 764 3140 oum
779 3077 859 3137 vitiis
873 3081 903 3136 st
915 3093 986 3134 oon-

56 3157 258 3238 'cupiscsntiis
281 3159 355 3220 suis.
379 3158 468 3235 Quod
492 3162 649 3240 quomodo
671 3167 776 3243 potest
797 3159 884 3220 aliter
900 3156 986 3218 intol-

67 3240 117 3320 iigi
139 3259 232 3321 quam
254 3241 329 3302 illud
350 3242 459 3306 Roma.
484 3246 519 3308 6:
561 3244 631 3306 Non
654 3263 728 3324 orgo
750 3250 856 3321 regnet
878 3257 987 3320 pccca-

66 3329 124 3384 tum
146 3325 295 3386 innostro
312 3325 432 3387 mortali
454 3345 596 3405 corpora,
619 3325 812 3389 utobodiatis
827 3322 985 3401 concupis-

67 3407 170 3467 centiis
193 3407 282 3467 sius?
326 3407 386 3470 Gur
414 3408 556 3490 prohibat
578 3409 704 3473 obedire
726 3405 984 3487 concupiscentiis

67 3490 211 3570 corporis,
234 3489 259 3550 si
280 3509 344 3551 non
366 3496 437 3552 sunt
458 3493 629 3574 incorporo
651 3489 816 3574 baptisati?
835 3488 896 3549 Gur
918 3505 986 3568 reg·

67 3591 135 3634 nara
166 3578 264 3649 vstst,
286 3572 311 3632 si
341 3573 456 3634 nullum
482 3574 574 3636 *adest
595 3572 779 3657 paccatum?
815 3569 879 3630 Nisi
902 3569 984 3648 quod

68 3674 135 3718 vara
154 3655 186 3716 in
209 3654 351 3718 omnibns
363 3664 524 3738 paccatum
547 3665 638 3720 astst
654 3653 915 3737 concupiscentia,
930 3650 983 3710 sed
