2252 4006
117 205 122 242 r
143 179 205 246 216
367 223 372 236 ,
454 181 597 236 ltcsolutio
616 181 724 252 Disput.
743 183 778 236 ds

144 337 223 412 Quia
252 335 420 416 Apostolus
452 313 492 396 i'bi
528 336 687 398 mauilssts
723 337 760 398 de
791 337 852 398 lide
884 309 1058 398 iustificantc

145 421 292 503 loquitur,
315 419 385 478 dum
410 418 498 478 dicit:
527 420 648 497 Omnis,
672 422 723 498 qui
745 421 934 480 invocaverit
955 440 1059 480 nomeu

144 501 277 580 Domini,
299 501 401 560 salvus
424 503 489 561 erit.
534 500 698 577 Quomodo
721 522 794 582 ergo
817 504 1014 581 invocabunt,
1033 505 1059 562 iu

142 604 233 664 quem
256 603 316 645 non
341 583 549 661 crediderunt,
571 585 727 662 quomodo
756 587 882 646 credent
910 589 953 663 ei,
977 603 1059 664 quem

145 685 206 730 uon
230 665 411 727 audierunt?
433 666 514 726 Ecce
537 667 586 726 lric
609 668 704 749 vides,
728 669 883 746 quomodo
908 689 948 728 ex
964 668 1060 744 auditu

144 749 282 826 creduut,
306 748 464 808 credentes
486 750 646 824 invocant,
669 752 848 811 invocantes
872 752 946 810 salvi
971 759 1060 811 erunt.

145 832 205 894 Sed
223 851 308 892 error
330 842 376 891 est
399 829 515 906 dicere,
540 833 621 911 quod
645 833 719 892 fides
743 835 910 912 acquisita,
942 847 1061 893 naturae

145 922 308 995 corruptae
333 933 419 992 opus,
443 917 539 993 possit
561 914 691 976 salvare.
735 915 794 976 Sed
817 919 915 996 gratia
933 918 1006 976 facit
1025 918 1062 975 iu·

146 1015 259 1058 vocare
281 1004 312 1056 et
333 995 440 1054 salvat.
484 996 627 1075 Alioquin
651 1018 691 1058 ex
713 999 801 1058 nobis
824 1002 897 1078 ipsis
919 1007 1002 1059 esset
1022 1019 1062 1058 sa-

144 1081 201 1158 lus,
226 1085 338 1140 contra
357 1079 405 1138 Ps.
429 1079 482 1142 32:
513 1079 581 1138 Non
610 1081 777 1140 salvabitur
800 1083 888 1162 gigas
917 1083 947 1140 in
973 1081 1062 1140 multi·

147 1161 251 1226 tudine
272 1163 389 1220 virtutis
412 1181 496 1223 suae.
540 1160 642 1237 Quare
670 1181 730 1223 non
752 1175 856 1242 potest
877 1165 958 1225 idem
983 1165 1062 1224 locus

144 1243 231 1306 Pauli
250 1243 378 1324 intelligi
401 1245 439 1304 de
462 1243 521 1304 fide
543 1244 651 1322 infusa,
674 1247 871 1324 quaesalvat,
895 1254 926 1306 et
948 1247 987 1308 de
1009 1246 1063 1306 fids

146 1329 305 1408 acquisita,
327 1345 407 1407 quas
430 1327 564 1388 damnat.

461 1454 626 1516 Conclusio
649 1463 746 1518 sexta.

228 1573 373 1632 Auditu
396 1571 632 1633 horrendum
650 1581 724 1649 est,
748 1573 850 1651 quod
869 1575 1064 1634 Doctores

146 1653 391 1716 scholastici
424 1674 496 1715 uon
525 1657 793 1715 necessarium
826 1657 962 1716 bouum
986 1675 1065 1716 cor·

145 1740 205 1798 dis
255 1747 396 1798 motum
445 1737 488 1798 ad
537 1748 822 1798 sacramentum
875 1747 1064 1799 astruunt.

145 1821 247 1898 Quare
270 1840 338 1880 cum
362 1822 427 1880 sine
449 1819 509 1880 fide
530 1821 629 1881 infusa
653 1821 745 1880 lromo
768 1841 829 1881 nou
852 1822 965 1881 sitnisi
987 1841 1065 1880 men·

145 1903 208 1964 dax
231 1910 262 1962 et
284 1923 396 1979 vanus,
426 1922 464 1962 ac
491 1922 545 1982 per
574 1904 635 1964 hoc
657 1923 778 1982 semper
800 1906 830 1962 in
853 1903 935 1963 malo
960 1923 1066 1984 propo·

146 1987 205 2047 sito
229 1986 319 2045 etad
343 1985 454 2046 malum
477 2005 592 2065 pronus
614 1995 644 2046 et
666 1996 841 2066 promptus,
863 1995 964 2067 patet,
987 1985 1065 2065 quod

147 2071 190 2129 ita
211 2069 249 2128 ad
277 2077 504 2129 sacramentum
536 2070 687 2129 accedens
716 2070 835 2129 accedit
864 2068 901 2130 ad
931 2077 1065 2133 mortem.

147 2151 267 2211 Deinde
289 2152 371 2229 quod
394 2153 581 2230 promittenti
594 2153 660 2213 Deo
679 2171 738 2212 non
753 2151 860 2230 credit,
882 2153 953 2212 facit
977 2154 1066 2212 maxi-

148 2254 228 2294 mam
258 2235 485 2294 irreverentiam
514 2244 708 2295 sacramento
731 2235 788 2294 Dei
823 2243 853 2294 et
882 2235 977 2295 verbo
1004 2235 1065 2294 Dei.

149 2317 252 2392 Quare
273 2318 464 2376 necessarius
486 2326 533 2376 est
555 2337 616 2377 non
629 2317 728 2377 solum
751 2318 849 2377 bonus
865 2327 977 2398 motus,
1000 2337 1066 2396 qua·

148 2401 185 2460 lis
208 2408 255 2460 est
278 2398 326 2460 vel
353 2398 429 2459 fides
459 2401 608 2478 acquisita
638 2401 683 2459 vel
713 2400 836 2460 devotio
865 2401 986 2479 aliqua,
1018 2401 1066 2459 sed

128 2491 294 2543 constans
323 2481 399 2542 fides
431 2483 530 2543 inlusa
556 2503 611 2563 per
643 2485 772 2562 gratiam
802 2483 875 2561 Dei,
908 2501 989 2562 quae
1019 2503 1067 2543 cor

148 2575 272 2626 moveat
302 2565 341 2624 ad
371 2565 603 2626 desiderandam
633 2577 663 2626 et
690 2576 771 2626 certe
800 2567 985 2646 sperandam
1008 2585 1066 2626 rem

149 2645 341 2710 sacramenti.
381 2649 457 2708 Vide
480 2668 570 2730 argu,
604 2667 694 2728 quam
722 2649 873 2728 profunde
903 2649 983 2729 lapsi
1013 2651 1066 2708 sint

148 2729 203 2806 illi.
225 2739 255 2792 et
277 2731 433 2809 quomodo
456 2751 540 2792 error
573 2733 711 2792 modicus
738 2734 768 2791 in
796 2734 947 2812 principio
979 2733 1066 2792 maxi·

149 2833 216 2874 mus
238 2813 336 2873 factus
359 2815 397 2874 sit
419 2816 448 2873 ln
476 2813 546 2876 line.
589 2814 666 2874 Nam
696 2823 858 2895 postquam
887 2834 943 2895 pro
965 2815 1067 2894 princi·

148 2899 200 2978 pio
224 2898 384 2974 tenuerint,
407 2896 489 2976 quod
512 2907 703 2958 sacramenta
726 2917 826 2958 novas
849 2899 924 2978 legis
943 2902 1066 2978 gratiam

150 2980 238 3058 dant,
271 2990 301 3040 et
333 3000 388 3060 per
416 2981 475 3040 hoc
508 2980 653 3040 docerent
682 3003 699 3040 a
729 2981 929 3042 sacramentis
962 2982 1067 3040 vetoris

150 3064 236 3142 legis,
259 3082 333 3124 mox
343 3063 558 3123 concluserunt
582 3083 641 3124 non
657 3065 942 3125 essenecessarium
956 3073 1067 3124 motum

149 3147 250 3208 cordis
273 3147 399 3224 homini,
422 3147 584 3225 quiahunc
606 3147 644 3206 ad
660 3158 851 3208 sacramenta
874 3148 986 3207 veteris
998 3147 1068 3226 legis

150 3231 256 3290 dicunt
277 3229 369 3289 fuisse
392 3231 608 3309 necessarium,
631 3250 706 3310 ergo
723 3251 783 3291 non
806 3231 844 3290 ad
868 3250 950 3290 nova
972 3250 1066 3293 sacra·

150 3321 253 3373 menta
274 3320 333 3374 etc.

454 3441 590 3520 Septima
613 3439 786 3506 Conclusio.

226 3555 263 3616 Si
286 3557 386 3616 velle
409 3558 596 3618 occidere
619 3568 655 3620 et
676 3562 820 3622 similia
842 3576 899 3623 est
921 3561 1065 3624 obicem

153 3655 315 3716 ponere,
350 3638 464 3697 multo
493 3643 614 3719 magis
642 3664 714 3703 nou
743 3645 914 3710 credere.
959 3645 1066 3706 Proba-
