2254 4008
161 178 205 244 34
420 176 463 235 Dc
481 178 560 250 Capt.
580 179 678 250 Babyl.
696 181 836 236 Ecclesiae
899 223 907 240 r

244 332 304 396 Sed
326 352 367 394 na
389 335 514 394 nimium
536 335 802 417 philosophemur,
827 354 929 396 nonne
949 334 1080 395 Christus

162 417 280 478 videtur
301 417 372 478 huic
394 418 561 478 curiositati
585 418 710 498 pulchre
732 421 913 497 occurrisse,
936 435 1004 478 oum
1023 435 1081 478 non

163 501 294 562 devino
317 501 437 578 dixerit,
458 500 528 560 Hoc
550 510 596 560 est
619 503 745 581 sanguis
768 521 869 580 meus,
893 501 947 561 sed
970 501 1020 560 hic
1040 506 1082 559 est

161 585 287 664 sanguis
310 603 405 644 meus.
447 583 488 644 Et
510 585 604 644 multo
627 586 748 652 clarius,
771 584 959 645 oumcalicis
982 584 1083 643 miscet

162 687 286 764 nomon,
309 666 430 727 dicens:
460 667 518 726 Hic
540 667 624 728 calix
644 669 716 728 novi
737 667 943 744 Testamenti,
965 667 995 726 in
1020 684 1082 726 meo

160 752 319 838 sanguine.
333 747 367 826 *t
402 749 514 811 Nonne
528 749 647 810 videtur
668 769 725 811 nos
749 751 935 812 voluissem
958 748 1083 828 simplici

160 825 221 895 fide
250 834 424 912 continere,
467 840 584 893 tantum
619 840 653 894 ut
680 833 874 894 crederemus
906 833 1082 911 sanguinem

161 936 250 979 suum
272 935 340 976 essa
361 916 393 976 in
415 915 534 976 calice?
557 917 625 996 Ego
641 936 716 977 sane
738 919 763 976 si
786 936 848 977 non
865 935 994 996 possum
1018 932 1083 974 con·

161 1000 258 1078 sequi,
281 998 437 1078 quomodo
459 1001 548 1078 panis
570 1002 609 1058 sit
631 1019 742 1080 corpus
765 999 893 1074 Christi,
923 996 1083 1078 captivabo

162 1091 264 1144 tamen
293 1082 480 1142 intellectum
510 1101 609 1146 meum
639 1084 670 1142 ιιι
698 1082 879 1162 obsequium
902 1080 1032 1157 Christi,
1058 1087 1085 1139 et

162 1165 262 1227 verbis
306 1165 371 1226 eius
404 1165 581 1245 simpliciter
620 1166 783 1228 inhaerens
824 1165 918 1226 credo
953 1125 1084 1240 tirmiter,

162 1268 223 1309 non
247 1247 340 1310 modo
364 1266 476 1328 corpus
499 1248 609 1309 Christi
632 1267 700 1310 ease
722 1251 751 1308 in
775 1267 872 1329 pane,
900 1247 954 1307 scd
978 1265 1085 1327 panem
1116 1281 1117 1328 3

162 1351 231 1392 asse
252 1349 364 1411 corpus
387 1330 506 1395 Christi
550 1331 601 1392 sic
623 1333 701 1392 enim
726 1351 774 1390 me
796 1331 963 1392 servabunt
986 1328 1085 1399 verba,

163 1414 213 1474 ubi
237 1413 325 1474 dicit:
361 1414 492 1494 Accepit
513 1433 643 1493 panem,
671 1415 785 1494 gratias
805 1433 917 1494 agens,
947 1413 1040 1492 fregit
1060 1420 1087 1472 et
1116 1407 1117 1480 J

162 1496 251 1556 dixit:
282 1497 433 1577 Accipite,
456 1496 655 1577 manducate,
677 1497 737 1558 hoa
761 1497 810 1572 (id
833 1505 895 1573 est,
917 1496 969 1555 hic
991 1496 1085 1576 panis,

161 1599 252 1659 quam
275 1587 437 1660 acceperat
458 1586 488 1639 et
509 1579 658 1660 fregerat)
683 1588 729 1640 est
756 1599 868 1660 corpus
891 1594 1007 1640 meum.
1054 1578 1087 1637 lit
1116 1607 1117 1614 ι

162 1663 289 1726 Paulus:
299 1662 356 1738 **)
375 1663 592 1744 Nonnepanis,
606 1683 696 1742 quem
706 1664 882 1760 trangimus,
894 1662 1086 1742 participatio

161 1764 300 1826 corporis
313 1746 423 1807 Christi
446 1746 512 1806 esti
534 1746 602 1806 Non
624 1746 735 1822 dicit,
727 1767 759 1806 ιιι
781 1765 861 1826 pane
873 1753 929 1823 est
952 1743 1086 1824 sedipse
1116 1793 1117 1822 ,

161 1830 249 1910 panis
263 1835 311 1890 est
320 1830 514 1910 participatio
524 1831 662 1909 eorporis
675 1791 794 1892 Christi
822 1827 941 1904 Quid
917 1847 945 1888 ιι
957 1827 1088 1906 philoso·

160 1913 233 1993 phia
261 1912 340 1974 baec
368 1930 430 1973 non
460 1912 564 1992 oepit?
607 1912 706 1973 Maior
732 1919 780 1972 est
807 1912 937 1992 Spiritus
966 1917 1087 1973 sanctus
1116 1905 1117 1922 ¹

162 2015 255 2075 qnam
280 1995 470 2058 Aristoteles
514 1994 657 2092 Nunquid
674 1997 756 2074 capit
777 1994 1087 2056 transsubstantiatio·
1116 1987 1117 2002 ¹

162 2071 393 2157 aemiliorum,
424 2097 492 2137 cum
517 2080 626 2156 stipsi
649 2078 815 2174 fateantur,
844 2079 894 2138 bic
915 2078 1087 2138 universam

162 2160 390 2243 philosophiam
414 2180 501 2221 ruere
509 2160 635 2236 iQuod
658 2163 803 2222 autemin
827 2179 940 2241 macc
954 2167 985 2220 et
998 2159 1089 2219 latmo

162 2262 353 2324 pronomen
375 2243 451 2320 hoc,
473 2244 512 2304 ad
535 2262 646 2324 corpus
669 2245 809 2322 refertur,
830 2245 904 2305 lacit
924 2242 1090 2304 similitudo

68 2363 71 2370 ,
162 2327 294 2407 generis,
317 2288 402 2386 se'd
394 2347 425 2386 ιιι
443 2289 570 2405 bbraeo,
594 2327 643 2387 ubi
667 2337 805 2388 neutrum
829 2345 927 2407 genus
950 2345 1015 2386 non
1038 2334 1090 2403 est,

162 2409 290 2470 refertur
311 2409 350 2468 ad
372 2429 538 2492 panem,u
518 2411 617 2472 utsic
639 2411 729 2470 liceat
752 2411 866 2471 dicore:
890 2410 949 2470 Hic
970 2417 1090 2469 estcor-

162 2512 220 2573 pus
243 2512 367 2572 meum,
395 2493 478 2572 quod
514 2500 544 2553 et
572 2495 639 2573 ipse
660 2513 733 2554 usus
755 2493 900 2573 loquendi
930 2501 962 2552 et
984 2510 1089 2552 sensus

163 2577 348 2636 communis
365 2576 477 2656 probat
503 2575 673 2637 subiectum
696 2577 823 2658 scilicet,
852 2595 921 2636 esse
945 2583 1090 2637 monstra·

163 2661 257 2720 tivum
284 2659 389 2739 panis,
421 2668 452 2719 et
473 2678 534 2720 non
557 2655 713 2758 corporis,
736 2659 807 2720 dum
831 2659 918 2720 dicit:
956 2659 1026 2720 Hoc
1048 2665 1090 2718 ιιι

162 2761 274 2823 corpus
296 2761 408 2821 meum,
431 2744 485 2806 bad
511 2741 545 2823 tit
568 2741 646 2806 mein
668 2740 751 2822 balb,
779 2743 809 2802 id
832 2752 892 2824 est,
923 2743 983 2803 iste
1004 2743 1090 2822 panis

162 2832 210 2887 est
230 2843 343 2906 corpus
365 2844 475 2886 meum.

247 2907 333 2969 Sicut
360 2927 434 2988 ergo
461 2909 491 2968 in
514 2907 635 2969 Christo
663 2926 712 2968 ιιι
744 2907 910 2986 sehabet,
944 2873 1089 2967 itactm

162 3000 369 3070 sacramento,
393 2993 549 3053 nonenim
573 2991 610 3050 ad
625 2992 817 3072 corporalem
835 2990 1088 3052 inhabitationem

163 3075 330 3135 divinitatis
363 3094 492 3136 neeesse
531 3082 577 3133 est
611 3075 892 3136 hanssubstantiari
926 3074 1088 3134 humanam

162 3169 313 3235 naturam,
336 3164 369 3218 ut
390 3158 532 3217 divinitas
554 3157 610 3217 sub
633 3158 844 3219 accidentibus
866 3160 1017 3218 humanae
1040 3174 1088 3215 na·

163 3249 249 3302 turae
281 3247 428 3302 teneatur.
483 3239 544 3300 sed
572 3242 688 3322 integra
719 3248 847 3322 utraque
881 3246 990 3301 natura
1020 3257 1090 3299 vere

164 3322 288 3384 dicitur:
322 3323 380 3382 Hic
406 3323 576 3382 homo-est
597 3323 696 3403 Deus,
730 3325 780 3384 bic
802 3325 885 3385 Deus
914 3331 961 3384 est
988 3323 1090 3397 homp.

165 3405 256 3480 Quod
278 3408 334 3465 etsi
358 3405 554 3484 philosophia
575 3425 636 3464 non
660 3409 752 3486 capit,
776 3407 851 3466 fides
869 3414 973 3467 tamen
998 3406 1087 3484 capit.

164 3487 205 3548 Et
228 3489 326 3548 maior
346 3495 393 3547 est
414 3487 498 3546 verbi
512 3486 568 3546 Dei
586 3491 744 3565 autoritas,
767 3506 858 3567 quam
870 3489 966 3549 nostri
979 3488 1090 3566 ingenii

223 3665 369 3730 ·)100r.
391 3667 433 3719 11.
473 3665 520 3726 ”l
540 3667 561 3716 1.
585 3664 648 3718 Cor.
669 3667 710 3722 10.
