2258 4002
143 161 206 230 124
418 167 574 238 Appellatio
593 166 626 223 D.
644 167 723 225 liert
743 169 854 224 Luthsri

146 321 296 382 eeclesiae
318 323 479 398 sententis,
502 323 636 384 omnium
664 323 824 386 doctorum
848 343 1008 386 consensu
1034 321 1084 382 ln-

146 403 321 486 dulgentise
349 406 410 465 sint
440 406 514 466 nihil
542 408 597 466 nisi
627 409 822 469 remissiones
852 405 1083 469 satisfactionis

144 488 371 570 poenitentialis
395 509 413 549 a
435 508 491 550 suo
512 489 613 550 iudico
634 491 813 570 impositae,
836 498 869 552 ut
889 498 936 552 est
964 492 1084 552 clarus

50 647 54 654 Ι
144 578 247 633 textus
260 592 286 634 o.
310 571 400 647 Quod
423 579 534 634 eutem.
565 572 738 635 Satisfectio
760 580 863 635 autem
887 573 1082 655 poenitenti·

145 655 201 717 alis
222 655 261 716 ab
284 655 496 716 eeclesiastico
528 655 629 717 iudice
656 659 800 736 imposita
827 656 908 718 aliud
941 677 1006 718 non
1043 655 1085 715 sit

144 758 235 819 quam
250 757 346 819 opera
367 740 480 815 ieiunii,
496 740 651 816 orationis,
665 740 893 821 eleemosymas
907 748 966 804 ste.
991 739 1082 800 ideo·

145 841 204 902 que
229 820 366 883 clavibus
390 822 542 883 ecelesiae
563 824 674 882 remitti
697 843 758 886 non
780 825 888 904 possit,
911 823 995 903 quod
1022 823 1083 883 eis·

145 905 213 966 dem
238 925 298 966 non
322 906 411 966 fuerit
433 906 619 984 impositum.
641 905 716 966 Item
740 907 822 985 quod
836 914 950 968 certum
965 913 1016 968 est
1038 926 1081 966 ex

106 989 126 1008 ''
144 989 338 1050 distinctione
363 989 519 1068 trigesima
541 990 647 1067 quinta
665 988 700 1070 C.
723 989 840 1068 Qualis,
864 991 946 1069 quod
959 992 990 1051 in
1004 1010 1082 1070 pur·

143 1073 263 1152 gaterio
287 1092 346 1132 non
370 1072 475 1132 solum
493 1091 610 1150 poena,
642 1072 695 1132 sed
719 1074 811 1133 etiam
836 1073 927 1153 culpa
946 1073 1081 1134 remitti-

144 1161 200 1231 tur,
224 1155 346 1234 culpam
369 1161 470 1214 antem
494 1154 626 1215 ecclesis
638 1157 792 1217 remittere
814 1175 876 1217 non
898 1163 1015 1240 potest,
1040 1157 1081 1215 si-

143 1244 194 1298 eut
217 1257 275 1298 nec
296 1238 424 1318 gratiam
448 1234 597 1302 conferre.
631 1238 700 1299 lstis
724 1240 937 1301 autoritatibus
967 1241 1081 1317 nixus,

144 1339 211 1381 cum
237 1321 411 1400 disputandi
435 1339 519 1380 more
547 1321 671 1381 fuissem
694 1322 860 1383 reluctatus
888 1324 1020 1402 impuris
1047 1329 1080 1382 et

140 1403 263 1464 insulsis
284 1403 405 1465 illorum
429 1402 633 1484 dogmatibus,
656 1411 825 1485 coeperunt
845 1406 888 1466 illi
912 1406 990 1467 lucri
1012 1410 1080 1465 stu-

141 1486 192 1547 dio
215 1487 347 1547 iurantes
380 1487 510 1567 primum
531 1486 661 1566 publicis
675 1486 947 1551 declamationibus
964 1488 1005 1549 ad
1019 1507 1079 1568 po-

141 1569 245 1650 pulum
270 1570 427 1630 declarare
449 1589 498 1632 me
521 1570 887 1632 haereticumtemeritate
909 1571 1078 1652 impuden-

142 1654 276 1732 tissima,
299 1652 409 1714 deinde
423 1653 503 1732 apud
518 1655 742 1714 sanctissimum
761 1654 916 1716 dominum
928 1661 1076 1716 nostrum

141 1735 274 1823 Leonem
301 1735 452 1796 decimum
476 1756 530 1816 per
547 1737 699 1816 quendam
714 1737 870 1798 dominum
885 1739 1016 1799 Marium
1035 1738 1076 1798 de

139 1819 272 1880 Perusiis
302 1826 530 1899 procuratorem
561 1818 696 1880 fiscalem
727 1840 886 1898 accusare,
920 1828 1075 1900 moquem

139 1901 259 1964 haeresi
281 1909 467 1983 suspectum.
497 1903 537 1962 Et
548 1923 612 1982 ¹per
627 1903 757 1964 eundem
772 1904 928 1966 dominum
942 1903 1074 1966 tandem

139 1985 339 2066 impetrantes
362 1986 609 2046 commissionem
634 1986 748 2047 citandi
772 1990 841 2069 mei,
863 1989 893 2048 in
916 2007 1074 2068 personas

139 2071 453 2130 reverentissimorum
478 2068 670 2129 dominorum
695 2077 725 2130 et
747 2077 865 2149 patrum
884 2071 1074 2152 Hieronymi

141 2151 179 2212 de
201 2151 355 2230 Genntiis',
380 2153 525 2232 Episcopi
536 2152 697 2228 Asculani,
727 2172 888 2214 causarum
911 2155 1067 2216 Gamerae

140 2234 301 2305 auditoris,
326 2242 357 2295 et
378 2235 515 2296 Silvestri
538 2236 680 2296 Prieratis
701 2236 807 2316 palatii
830 2239 990 2318 magistri,
1010 2257 1073 2318 per

139 2317 265 2378 eosdem
291 2319 446 2378 meditari
475 2325 656 2380 curaverunt
686 2318 724 2380 ad
749 2319 870 2397 urbem,
894 2320 932 2380 sd
961 2339 1071 2400 perso-

140 2400 249 2461 naliter
271 2401 520 2480 comparendum.
550 2401 689 2480 (iamque
714 2421 773 2484 ego
791 2422 849 2464 neo
871 2401 1071 2465 Wittember·

139 2490 302 2563 gaetulus
325 2483 363 2544 ab
386 2484 504 2544 insidiis
526 2490 642 2545 tantum
665 2487 722 2546 iter
740 2485 888 2566 perticere
909 2506 971 2546 non
995 2507 1071 2567 pos-

139 2585 202 2627 sem
233 2587 291 2628 nec
312 2567 431 2628 Romae
453 2574 518 2629 tuto
541 2569 724 2647 consistere,
747 2578 778 2630 et
802 2569 1007 2649 pauperculus
1040 2577 1072 2630 et

138 2648 297 2710 imbecillis
322 2668 467 2729 corpore,
490 2650 601 2730 deinde
622 2650 739 2712 iudices
761 2651 887 2732 praefati
901 2653 974 2712 mihi
988 2653 1068 2713 mul·

139 2731 176 2790 tis
198 2733 314 2792 caussis
337 2732 464 2794 fuissent
485 2735 635 2814 suspecti,
662 2737 839 2813 praesertim
862 2737 945 2814 quod
968 2737 1069 2796 Reve-

23 2851 29 2861 ·
138 2813 249 2876 rendus
272 2823 359 2895 pater
374 2815 520 2876 silvester
531 2815 723 2877 sdversarius
740 2819 812 2878 mihi
831 2819 931 2899 fuerit,
953 2820 1069 2880 stDia·

138 2897 242 2976 logum
267 2905 374 2959 contra
396 2919 445 2959 me
466 2900 526 2960 iam
550 2898 700 2979 ediderat,
723 2908 754 2960 et
775 2902 869 2961 sacris
893 2902 986 2962 literis
1012 2905 1068 2962 mi·

125 2999 195 3040 -nus
219 2980 364 3061 eruditus,
387 3000 477 3061 quam
500 2985 559 3043 ieta
582 3002 676 3043 causa
694 2983 772 3046 ferre
786 2985 894 3065 possit,
920 2985 1067 3048 dominus

138 3072 240 3125 autem
270 3065 477 3143 Hieronymus
505 3066 535 3125 in
565 3065 678 3126 iuribus
708 3085 831 3146 quoque
858 3066 941 3146 plus,
971 3087 1065 3148 quam

138 3145 297 3227 theologia
320 3148 438 3225 doctus,
461 3149 568 3208 merito
584 3150 746 3210 timebatur
759 3149 966 3212 Silvestrinae·
979 3152 1065 3213 theo·

137 3228 240 3309 logias
261 3248 475 3305 concessurus,
499 3238 528 3291 et
550 3237 637 3292 extre
660 3232 783 3294 modum
806 3253 882 3294 suae
898 3233 1063 3314 professio·

138 3313 185 3372 nis
207 3312 288 3374 hanc
309 3333 373 3372 rem
411 3312 540 3392 habere,
575 3315 737 3375 sollicitavi
747 3336 802 3396 per
817 3316 1061 3378 illustrissimum

132 3390 325 3474 principem,
355 3395 511 3456 dominum
542 3395 735 3476 Fridericum,
759 3396 866 3458 ducem
895 3399 1063 3478 saxoniae,

140 3478 219 3536 sacri
241 3477 373 3538 Romani
400 3477 523 3556 Imperii
546 3478 879 3556 Archimarschslcum,
908 3482 1062 3564 Landgra-

140 3555 221 3616 vium
243 3558 438 3638 Tburingiae,
460 3560 666 3622 Marohionem
689 3563 827 3644 lllysnee,
850 3571 882 3624 ut
904 3582 1000 3625 eausa
1022 3566 1060 3626 ad

140 3643 243 3719 partes
265 3643 505 3704 committeretur
525 3663 588 3704 uon
611 3647 770 3727 suspectis,
794 3647 848 3708 sed
869 3646 1007 3709 honestis
1031 3654 1060 3710 et
