2254 4008
158 155 200 227 64
424 161 468 228 De.
479 158 557 231 Ospt.
576 160 833 230 ussit-tomerias

242 313 289 374 Its
311 312 480 394 baptismus
502 316 655 376 neminem
677 314 835 394 iustificat,
865 335 923 376 nec
945 314 995 376 ulli
1017 334 1077 394 pro·

160 398 237 475 dest,
259 397 312 456 sed
336 396 412 458 fides
435 398 465 458 in
487 400 612 458 verbum
657 401 863 477 romissionis,
895 399 945 460 cui
965 398 1078 458 additur

160 480 338 561 baptismus,
359 481 436 540 haee
453 483 538 552 ¹enim
560 420 720 560 iustidoat,
745 492 774 542 et
796 482 901 562 implet
929 481 976 556 id,
1004 483 1077 560 quod

161 562 329 644 baptismus
352 563 512 643 significat.
556 563 645 624 Fides
674 567 753 624 enim
776 573 824 626 est
846 566 1015 626 submersio
1036 585 1079 624 ve·

160 649 232 708 teris
254 646 397 726 hominis,
420 655 451 706 et
472 649 603 709 emersio
626 650 698 708 novi
719 648 861 710 hominis.
906 647 1008 724 Quare
1021 647 1078 706 fieri

160 749 222 790 non
252 736 371 809 potest,
406 739 439 789 ut
467 741 661 791 sacramenta
690 751 771 791 nova
801 731 941 792 differant
970 729 1007 790 eb
1035 750 1077 790 au·

161 813 251 892 tiquis
294 816 509 890 sacrementis,
552 814 668 874 habent
707 817 787 902 enim
825 833 923 893 aeque
962 814 1081 893 promis-

158 899 261 957 siones
291 897 410 956 divinas
444 903 474 956 et
506 897 636 957 eundem
671 898 808 976 spiritum
840 897 930 975 fidei,
969 897 1037 956 licet
1065 917 1081 956 a

159 979 263 1060 figuris
297 980 430 1058 antiquis
463 980 742 1060 incomparabiliter
775 980 931 1054 differant,
964 987 1081 1058 propter

161 1064 286 1122 verbum
309 1063 537 1144 promissionis,
567 1064 649 1141 quod
677 1070 726 1124 est
754 1064 886 1124 medium
912 1065 1033 1123 unicum
1055 1071 1081 1122 et

159 1145 406 1209 efficacissimum
435 1145 629 1208 differentiae.
690 1145 774 1206 Siout
803 1155 834 1206 et
863 1166 943 1206 nnnc
975 1165 1083 1224 pompa

162 1229 305 1306 vestium,
327 1229 481 1308 locorum,
505 1229 657 1309 ciborum,
681 1239 711 1288 et
737 1229 922 1293 infinitarum
952 1246 1081 1290 ceremo-

159 1315 277 1387 niarum
299 1313 365 1372 sine
382 1312 474 1373 dubio
497 1310 607 1392 figurat
618 1313 743 1392 egregia
756 1314 785 1372 in
800 1315 906 1394 spiritu
919 1311 1082 1392 implendo,

159 1406 190 1456 et
213 1403 332 1474 tamen,
366 1394 574 1474 quianullum
607 1394 695 1456 adest
727 1397 770 1456 eis
805 1396 930 1456 verbnm
968 1396 1083 1457 divinae

160 1479 386 1560 promissionis,
415 1478 500 1538 nulla
529 1479 648 1539 ratione
671 1498 740 1539 oum
768 1479 863 1558 signis
893 1479 1037 1558 baptismi
1058 1485 1083 1536 et

159 1563 248 1643 penis
275 1563 405 1622 conferri
433 1569 577 1641 possunt,
605 1581 663 1623 neo
691 1561 856 1625 iustificant
886 1569 939 1626 aut
959 1569 1082 1642 prosunt

160 1645 222 1706 ullo
246 1644 355 1719 modo,
383 1664 452 1704 cnm
481 1644 619 1723 impletio
648 1663 753 1723 eorum
781 1646 820 1704 sit
850 1647 915 1725 ipse
938 1664 1013 1704 usus
1034 1663 1082 1702 seu

159 1748 237 1809 opus
260 1748 365 1789 eorum
388 1728 454 1788 sine
475 1726 545 1804 fide,
569 1727 641 1788 dum
663 1729 743 1788 enim
759 1727 843 1806 finnt,
865 1748 920 1788 seu
943 1736 1083 1807 aguntur,

159 1812 331 1892 implentur.
366 1811 450 1872 Siout
471 1819 502 1870 et
516 1810 676 1890 apostolus
690 1811 811 1874 Coloss.
823 1815 852 1876 2.
876 1811 913 1870 de
936 1813 982 1870 eis
1007 1810 1083 1884 dicit,

159 1915 238 1975 quse
268 1897 371 1956 omnia
403 1897 471 1975 ipso
499 1902 628 1974 pereunt
650 1914 727 1971 usu,
750 1896 836 1954 iuxta
867 1902 1038 1974 praecepto
1059 1902 1086 1952 et

160 1981 315 2041 doctrinas
336 1979 575 2041 hominumetc.
618 1977 863 2039 Atsacramsnt'a
877 1997 937 2038 non
961 1976 1087 2056 implen-

160 2071 218 2141 tur,
240 2063 312 2122 dum
333 2061 419 2139 fiunt,
442 2061 497 2121 sed
521 2061 591 2120 dum
615 2061 787 2124 creduntur.

242 2146 288 2205 lte
300 2164 358 2205 neo
370 2163 474 2204 verum
485 2165 554 2207 esse
566 2157 677 2223 potest,
700 2145 899 2206 sacramentis
911 2145 1016 2203 inesse
1028 2143 1084 2200 vim

160 2228 318 2289 efficacem
340 2228 580 2306 iustificationis,
609 2247 664 2288 seu
686 2247 755 2288 esse
777 2247 814 2288 ea
836 2229 926 2308 signa
948 2224 1086 2286 efficacia

160 2313 288 2393 gratiae.
342 2311 427 2372 Haeo
459 2312 540 2370 enim
569 2313 673 2375 omnia
704 2311 843 2372 dicuntur
877 2313 907 2370 in
936 2312 1085 2370 iacturam

160 2395 241 2472 tidei,
274 2414 314 2454 ex
335 2395 515 2474 ignorantis>
537 2395 747 2474 promissionis
777 2395 913 2456 divinae:
947 2392 1007 2452 nisi
1029 2391 1086 2451 hoc

162 2480 254 2539 modo
277 2477 415 2539 efficacia
437 2478 565 2555 dixeris,
602 2477 700 2557 quod,
731 2479 756 2543 si
789 2477 870 2538 adsit
891 2476 969 2535 fides
1004 2474 1084 2534 indu·

162 2564 274 2638 bitata,
316 2564 482 2622 certissime
530 2570 560 2622 et
598 2561 808 2622 efficacissime
840 2561 972 2640 gratiam
1017 2575 1085 2618 con·

159 2647 267 2708 lerunt.
310 2647 352 2705 At
387 2663 450 2706 non
483 2646 544 2704 hoo
579 2644 670 2704 modo
704 2643 874 2712 efficaciam
902 2643 961 2706 illis
997 2641 1084 2700 tribui

160 2729 307 2811 probent,
335 2728 419 2808 quod
450 2748 487 2788 ea
508 2727 656 2808 prodesse
677 2726 797 2802 dicunt,
824 2727 965 2788 omnibns
994 2725 1085 2784 etiam

161 2815 262 2892 impiis
291 2819 323 2874 et
354 2811 535 2889 incredulis,
570 2810 662 2872 modo
696 2830 757 2872 non
796 2817 913 2890 ponant
950 2807 1085 2869 obicem:

161 2899 248 2976 quasi
270 2897 337 2977 ipsa
358 2896 554 2957 incredulitas
582 2913 644 2955 non
668 2896 706 2954 sit
728 2895 863 2954 omnium
887 2890 1085 2952 obstinatissi·

162 3000 228 3040 mus
251 2990 281 3039 et
306 2979 521 3041 hostilissimus
544 2978 626 3038 obex
653 2978 785 3056 gratiae,
818 2975 896 3036 adeo
918 2995 960 3034 ex
986 2991 1085 3037 secra·

162 3072 264 3138 mento
288 3074 497 3145 praeceptum,
521 3081 561 3122 ex
581 3061 741 3141 tide‚opus
763 3060 864 3120 facere
887 3059 982 3126 moliti
1005 3065 1084 3116 sunt.

160 3147 239 3208 Nem
262 3149 288 3208 si
318 3148 369 3208 dat
397 3149 526 3227 gratiam
560 3146 631 3208 mihi
658 3151 900 3216 sacramentum,
936 3143 1006 3220 quia
1039 3158 1084 3197 su·

161 3231 270 3312 scipio,
293 3233 353 3293 iem
376 3251 447 3290 vere
469 3249 616 3309 exopere
633 3247 713 3303 meo,
735 3246 797 3288 non
821 3245 862 3286 ex
882 3224 943 3285 fide
956 3224 1084 3304 gratiam

162 3313 305 3391 obtineo,
338 3331 396 3374 nec
429 3314 663 3392 promissionem
697 3311 727 3369 in
759 3314 951 3371 sacramento
979 3323 1083 3385 appre-

161 3397 281 3476 hendo,
303 3397 357 3456 sed
380 3395 480 3456 solum
503 3398 622 3475 signum
646 3396 815 3457 institutum
837 3402 867 3452 et
888 3397 1083 3471 praeceptum

162 3498 182 3538 a
202 3479 279 3540 Deo.
321 3480 369 3541 lta
391 3477 472 3538 clare
489 3478 590 3554 vides,
619 3495 710 3556 qnam
732 3476 807 3538 nihil
829 3481 1020 3542 sacramenta
1041 3473 1084 3529 in·

163 3560 286 3622 tellecta
307 3562 632 3622 suntsententionariis
655 3559 817 3638 theologis,
840 3556 923 3638 quod
944 3553 1083 3616 neofidei

164 3647 444 3726 neoptomissionis
458 3645 552 3706 ullam
564 3647 595 3704 in
607 3644 805 3704 sacramentis
816 3643 965 3720 rationem
974 3637 1085 3699 habue-
