2258 4002
256 163 365 220 Buliam
383 162 468 220 Leon.
487 161 521 218 X.
546 162 669 218 dunat.
688 177 714 220 a.
734 157 812 218 1⁶20·
929 157 992 228 167

68 317 182 380 diderit
205 325 236 382 at
255 319 425 400 baptisatus
446 317 545 395 tuerit,
567 319 671 380 sulvus
690 320 755 398 srit,
778 334 852 398 argo
865 331 994 380 neeesse

67 410 123 480 est,
147 411 184 464 nt
206 402 407 482 baptisandns
430 401 536 463 eredat
556 421 590 464 se
612 403 730 464 salvum
752 401 828 481 fore,
850 399 902 462 ubi
920 400 994 482 bsp-
1078 459 1080 466 .

68 488 182 546 tintus
204 487 304 565 tuerit,
328 486 462 564 alioquin
485 486 584 547 Deum
607 487 637 546 in
650 505 707 548 sua
719 488 780 548 ista
789 487 995 566 promissione

65 570 142 632 sunit
165 569 360 644 mendaeem,
384 568 467 648 quod
489 577 536 631 est
556 569 751 632 horrendum.
783 572 785 578 “

153 653 261 715 Sinin
284 659 477 716 monumento
500 654 709 733 poenitentioe
731 653 820 714 datur
841 651 995 714 absolutio

64 738 94 797 in
119 737 221 798 verbo
247 738 335 799 istius
356 735 583 816 promissionis:
612 736 827 816 Quodcunque
852 735 995 815 ligaveris

64 839 164 901 snper
188 828 310 896 terram,
332 820 459 900 ligatum
482 821 538 880 erit
560 827 591 882 et
610 822 640 881 in
662 821 766 882 noetis.
790 818 892 895 Quare
904 837 996 900 opor-

64 910 119 982 tet,
143 911 182 965 nt
203 901 411 965 absolvendus
433 903 546 981 eredat,
569 910 601 964 et
621 922 683 964 non
706 901 824 964 dubitet
844 921 997 964 asserere

66 987 232 1049 absolviin
245 987 340 1048 coelis
346 988 428 1066 apud
437 988 547 1066 Deum,
556 987 626 1049 dum
634 987 838 1048 absolviturin
849 987 936 1046 terris
943 1003 998 1066 per

66 1071 326 1147 saoerdotem,ne
337 1069 447 1131 Christi
461 1071 696 1150 promissionem
707 1070 887 1131 mendaeem
895 1070 998 1130 faeiat.

157 1155 211 1216 Sia
222 1155 253 1212 in
270 1162 462 1214 sacramento
477 1156 565 1234 panis
588 1152 677 1215 datur
698 1172 811 1234 eorpus
823 1152 945 1232 christi,
965 1153 997 1212 in

66 1237 169 1300 verbo
198 1238 287 1297 istius
317 1237 544 1317 promissionis:
576 1237 717 1319 Aooipite
744 1245 775 1298 st
804 1235 998 1310 mundusne,

66 1321 132 1381 hoo
165 1327 213 1382 est
249 1339 361 1401 oorpus
396 1339 513 1395 meum,
543 1320 625 1399 quod
653 1339 710 1400 pro
738 1317 826 1382 vobis
860 1317 998 1381 traditur.

68 1404 207 1484 Oportet
229 1423 303 1484 ergo
329 1403 566 1464 mauduoantem
590 1405 716 1465 omnino
739 1409 770 1464 et
789 1402 915 1463 firmiter
936 1421 999 1462 ore·

69 1487 165 1566 dere,
197 1506 309 1566 oorpus
344 1486 454 1548 Christi
476 1505 538 1546 non
562 1493 678 1547 tanturn
701 1505 758 1565 pro
781 1486 870 1567 aliis,
892 1485 947 1547 sed
969 1491 1000 1546 ει

70 1590 130 1650 pro
155 1590 191 1630 se
214 1589 282 1630 esse
305 1571 407 1631 datum
431 1577 461 1629 et
483 1571 664 1650 sanguinem
688 1571 799 1633 Christi
821 1589 879 1650 pro
902 1588 936 1630 se
956 1568 999 1628 fu·

71 1674 144 1714 sum
167 1654 198 1714 in
211 1653 423 1714 remissionem
437 1660 645 1733 peecatorum,
667 1655 746 1716 siout
761 1652 856 1714 verbs
870 1652 998 1733 promis-

72 1738 172 1798 sionis
195 1743 302 1814 apsrts
322 1743 444 1809 sonant,
468 1737 583 1817 alioqui
604 1734 741 1798 irridebit
763 1737 998 1817 promissionem

71 1821 169 1882 istam
194 1819 306 1881 Christi
328 1826 359 1880 et
378 1819 523 1881 iudicium
546 1820 603 1880 sibi
627 1819 832 1882 manduoabit.

159 1903 211 1964 Ex
234 1902 342 1983 quibus
365 1905 490 1964 evidens
514 1911 570 1983 est,
593 1904 801 1966 neeessariam
816 1921 885 1963 esse
907 1899 1000 1962 tidem

75 1992 260 2066 suscepturo
276 1994 511 2063 sacramentum,
523 2006 584 2067 qua
596 1987 701 2048 eredat
718 2007 751 2047 εε
763 1990 999 2048 oonseonturum

73 2069 114 2148 id,
137 2069 223 2150 quod
245 2076 471 2131 sacramentum
494 2072 645 2150 promittit
666 2077 696 2132 ει
718 2069 829 2148 donat,
851 2075 885 2129 ut
895 2069 940 2128 sio
951 2085 1001 2128 ve·

73 2173 141 2214 rum
166 2154 215 2230 sit,
238 2153 320 2233 quod
343 2153 469 2214 dieitur:
510 2151 579 2213 Non
602 2160 838 2231 suoramentum,
859 2149 1002 2214 ssdfides

75 2237 263 2298 recrementi
282 2236 435 2299 iustitioat.
460 2235 536 2298 Oum
559 2239 692 2299 enimin
716 2237 799 2298 omni
809 2242 1002 2296 suoramento

76 2321 113 2380 sit
135 2319 264 2380 verbum
287 2318 362 2398 Dei,
384 2327 418 2381 ut
448 2320 522 2380 dioit
550 2319 660 2381 beatus
691 2320 881 2400 Augustinus
912 2336 1004 2399 snpsr

76 2403 266 2478 iohannem,
282 2402 404 2464 aooedit
429 2403 555 2464 verbnm
581 2403 619 2465 ad
643 2405 828 2465 elementum
851 2411 882 2463 et
902 2401 936 2462 flt
958 2418 1004 2462 sa·

78 2493 280 2550 uramentum.
316 2486 497 2565 Ubiounque
519 2492 621 2548 autem
644 2489 770 2548 verbum
793 2486 850 2547 Dei
877 2492 940 2565 est,
962 2483 1004 2545 ibi

79 2568 154 2630 fides
178 2569 310 2630 hominis
332 2570 361 2629 in
383 2571 484 2649 ipsum
506 2571 677 2650 requiritur.
706 2569 792 2632 Multi
807 2570 888 2629 enim
905 2585 1005 2629 saors-

81 2657 219 2714 montum
242 2652 412 2733 suscipiunt
433 2659 464 2712 et
490 2659 680 2715 tamennon
709 2651 920 2728 iustificantur,
950 2649 1005 2712 sed

81 2736 181 2816 magis
205 2733 399 2811 damnantur,
413 2737 485 2816 qnia
499 2735 564 2797 sine
575 2735 635 2798 flde
650 2737 826 2817 suseipiunt.
841 2734 915 2797 Sola
930 2752 1004 2816 ergo

82 2818 158 2880 fides
180 2817 337 2897 iustitium,
372 2824 407 2878 nt
427 2819 603 2899 praediotae
625 2821 804 2882 autoritates
825 2817 1005 2899 probavere.
1093 2888 1101 2902 .

166 2902 270 2978 Quare
292 2902 447 2964 haeretios
469 2903 620 2965 sententia
642 2910 698 2979 ost,
723 2919 924 2981 quaeeunque
935 2920 1006 2962 oon·

83 2986 176 3046 traria
199 2992 246 3046 est
268 2985 339 3046 huin
361 2985 552 3066 apostolieae
574 2993 605 3047 et
627 2985 801 3048 satholisae
825 2985 1005 3061 sententias,

84 3076 115 3129 at
134 3068 207 3129 talis
228 3075 276 3128 εει
296 3085 414 3142 eorum,
436 3070 487 3147 qui
500 3067 619 3147 dieunt,
642 3073 949 3130 aaaramentanovae
966 3066 1007 3127 ie·

85 3153 131 3231 gis
152 3151 226 3212 dare
249 3152 377 3231 gratiam
402 3153 449 3226 iis,
472 3153 606 3231 quinon
630 3157 748 3233 ponunt
771 3151 910 3228 obin'em‚
934 3157 1007 3229 quo·

86 3253 148 3296 rum
172 3241 263 3296 antor
283 3233 395 3296 Sootus
416 3241 471 3296 est.
494 3234 584 3311 Quod
604 3234 703 3316 probo
719 3235 773 3311 sio,
796 3235 867 3315 quia
885 3234 1008 3309 dooent‚

88 3337 145 3380 non
171 3317 264 3379 modo
287 3336 350 3378 non
373 3335 442 3378 esse
464 3319 669 3380 neeessariam
694 3317 798 3397 fldem,
821 3333 882 3396 qua
900 3314 1008 3377 eredas

90 3408 116 3461 te
138 3407 338 3481 aooepturum
360 3400 402 3476 id,
424 3401 508 3480 quod
529 3407 754 3464 saoramentum
773 3399 931 3480 promittit,
954 3397 1007 3458 ssd

91 3483 170 3563 qnod
192 3483 333 3564 suffisiat,
357 3490 465 3544 utnon
489 3502 587 3564 ponas
604 3485 734 3548 obicem.
756 3482 883 3545 Obioem
906 3488 1009 3542 autem

90 3573 201 3628 vooant
230 3573 392 3648 pennatum
420 3567 549 3628 mortale
570 3569 619 3629 vel
641 3567 834 3648 propositum
860 3564 1007 3639 eiusdem,

92 3650 177 3732 quale
199 3657 246 3712 εει
266 3650 476 3731 homioidium,
499 3649 593 3718 libido
616 3657 647 3715 st
656 3650 774 3729 similis,
797 3647 876 3712 adso
890 3648 1009 3712 utsstis
