2262 4006
147 202 211 274 402
440 205 600 264 Oouiotado
618 204 784 264 Lutireriana
1013 255 1032 296 θ

148 362 274 424 verbum
288 362 355 442 Det,
378 381 449 424 cnm
470 361 685 424 inaestimabili
700 361 823 444 pietatis
847 369 878 422 et
900 353 1073 424 adimarum

148 448 275 524 iactura,
298 455 361 506 tum
384 449 558 508 uuiversum
582 447 782 527 Evangelium
807 445 945 505 laeseris.

230 529 389 607 Getarum,
427 531 452 590 si
481 531 527 590 his
550 530 681 610 paipatis
712 539 819 590 omnes
837 528 987 589 mortales
1025 525 1074 586 vei
1124 567 1125 574 a

30 635 44 648 ⁵
151 611 318 693 occideris,
356 621 386 673 et
408 613 512 674 orbem
537 612 740 688 subverteris,
764 623 825 672 nott
847 611 941 672 fueris
963 611 1074 671 immo·

136 693 265 756 ‘dactus
310 693 442 770 Quando
465 698 545 758 enirn
558 685 702 756 Latomns
725 707 836 775 papam
860 695 1077 754 criminaretur

148 777 381 855 immodestiae,
416 787 459 842 tot
493 778 582 839 bellis
615 787 646 838 et
666 778 753 838 malis
777 777 891 838 artibus
915 778 1075 838 insanien-

149 861 231 922 tem?
268 861 387 922 scilicet
416 861 494 923 adeo
517 862 631 942 pendet
652 861 841 942 Evangelica
864 859 1023 921 modestia
1046 869 1076 918 et

147 943 342 1005 immodestia
371 947 400 1004 in
423 946 498 1006 solis
520 943 718 1005 Pontificibus
746 937 837 1004 idolis
865 951 895 1004 et
917 937 1075 1024 sophistis

148 1027 252 1087 idiotis
276 1028 480 1088 venerandis?
517 1027 656 1107 Denique
678 1026 796 1086 Baltam
827 1029 916 1086 istam
948 1026 1075 1105 saugui-

149 1111 265 1170 nattiam
293 1117 323 1169 et
353 1113 438 1171 cuius
461 1111 670 1172 crudelitatem
694 1125 784 1170 nemu
807 1105 874 1190 pitis
898 1127 959 1169 non
986 1123 1076 1168 exsc

150 1201 268 1270 oratur,
306 1195 425 1254 etiamsi
459 1203 541 1254 recte
571 1191 747 1264 damnaret,
779 1191 937 1252 modestus
967 1192 1025 1252 iiie
1047 1197 1076 1251 et

150 1275 319 1336 modestiae
342 1285 404 1336 turn
428 1283 555 1336 exactor
583 1287 647 1336 tum
671 1275 812 1336 laudatur
832 1275 982 1335 Latonius
1013 1287 1075 1334 uun

149 1359 248 1419 scium
272 1377 332 1419 uon
356 1362 547 1436 criminatur,
580 1361 633 1418 sed
658 1359 779 1435 laudat,
801 1357 909 1437 iactat,
933 1355 1075 1434 confidit,

148 1441 298 1521 gloriatur
321 1444 350 1501 in
374 1461 420 1504 ea.
463 1443 515 1502 isti
538 1451 608 1502 suot
621 1441 676 1501 viri
699 1441 740 1500 tttt
757 1442 940 1521 sanguinum
964 1452 998 1501 et
1022 1439 1074 1500 do·

150 1525 217 1600 ioci,
240 1527 290 1604 qui
314 1525 494 1586 modestiam
510 1524 610 1586 verbis
621 1531 660 1584 et‘
673 1525 756 1584 vultu
772 1524 926 1602 simulant,
948 1525 1072 1584 interim

150 1619 212 1668 uon
236 1609 292 1668 nisi
317 1609 440 1685 caedes,
463 1610 560 1669 minas
584 1609 805 1687 etsanguinam
819 1607 946 1688 spirant.
968 1604 1073 1667 Nemo

148 1690 221 1751 mihi
243 1709 313 1751 cum
333 1694 430 1752 virum
458 1694 608 1772 integrum
639 1698 683 1762 ct¹
698 1686 873 1752 modestum
905 1700 975 1750 csse
1008 1707 1072 1770 per·

148 1774 306 1852 suadebit,
337 1776 385 1836 cui
414 1775 473 1836 ista
496 1773 581 1835 Bulla
604 1773 727 1856 plaeere
748 1781 859 1854 potest.
903 1771 987 1833 Malo
1012 1788 1071 1853 ago

148 1865 272 1936 apertus
301 1871 395 1936 esse,
425 1865 456 1919 et
485 1859 637 1918 neminem
670 1855 817 1917 blanditia
843 1851 958 1918 fallere.
1004 1851 1072 1916 Hoc

148 1956 274 2020 possum
303 1943 416 2003 testari.
461 1941 575 2002 Ourtex
609 1958 695 2001 meus
726 1951 794 2000 esse
826 1942 929 2020 potest
957 1937 1072 2016 durior,

148 2023 203 2084 sed
226 2024 351 2084 nucleus
373 2042 459 2084 meus
483 2024 583 2084 moitis
601 2034 631 2084 et
653 2023 749 2083 dulcis
772 2025 828 2104 est,
851 2023 966 2082 nemini
990 2023 1070 2082 enim

150 2106 234 2169 malo
252 2106 337 2185 voto,
362 2107 417 2167 sed
439 2107 580 2168 omnibus
598 2113 673 2190 opto
697 2119 815 2166 mecum
838 2123 929 2185 quum
954 2105 1071 2186 optime

149 2190 330 2254 contuitum.
373 2190 480 2252 Porro
505 2191 614 2250 duritia
643 2207 726 2266 mea,
763 2191 796 2248 ut
822 2189 938 2249 nemini
968 2195 1070 2266 nocet,

147 2275 189 2333 itu
214 2275 367 2334 neminem
390 2274 482 2353 tattit,
506 2275 556 2354 qui
580 2291 629 2333 me
653 2275 743 2348 vitat,
765 2271 837 2331 nihii
859 2291 878 2330 a
900 2288 949 2332 me
975 2271 1068 2352 patic-

148 2365 206 2433 tur,
225 2359 275 2436 qui
299 2375 348 2416 rue
370 2357 436 2436 tert,
459 2357 543 2417 lucro
566 2363 704 2438 augetur.
739 2354 884 2416 Salomon
910 2353 985 2416 dicit
999 2353 1068 2415 Pru·

149 2439 231 2503 verb.
255 2441 312 2505 28:
335 2438 393 2515 Qut
417 2439 541 2520 corripit
562 2440 729 2518 bominem,
752 2446 860 2520 postea
873 2447 981 2518 gratus
1004 2439 1068 2514 erit,

150 2541 225 2603 prae
246 2523 311 2596 ilio,
333 2524 385 2602 qui
407 2521 537 2584 blandus
559 2532 605 2582 cst
627 2523 741 2604 lingua.

49 2673 54 2683 ‚
232 2605 352 2666 Deinde
374 2607 403 2665 in
428 2619 526 2666 meum
551 2609 664 2666 crimen
688 2603 861 2685 augendum
885 2601 1005 2666 inducit
1025 2621 1066 2662 se-

148 2703 217 2750 uetn
229 2689 380 2768 quendam
390 2687 575 2749 deRomano
589 2691 736 2770 episcopo
749 2679 1001 2767 reprehendendo
1011 2685 1067 2746 dis-

147 2779 315 2853 putantem,
337 2773 388 2851 qui
411 2773 467 2832 sibi
491 2773 572 2832 visus
594 2775 633 2832 sit
654 2773 795 2852 sapiens,
822 2783 892 2830 nam
916 2771 1066 2832 sententia

148 2857 272 2938 proptia
294 2863 350 2938 est,
373 2875 473 2936 neque
498 2856 660 2916 tacendum
683 2870 784 2934 neque
806 2853 1003 2934 loqttcndurn
1019 2873 1066 2936 pe·

148 2940 237 3017 nitus,
260 2939 383 3000 modum
408 2957 482 3000 vero
504 2939 592 2999 huius
614 2951 705 3018 sopra
730 2955 816 2997 suurn
839 2946 965 3018 captum
990 2955 1064 2997 esse.

149 3021 214 3082 Nec
236 3023 355 3100 mirum,
377 3023 534 3082 referenda
556 3022 610 3082 fnit
633 3023 731 3102 gratia
745 3027 848 3081 tantae
872 3019 990 3098 bullae,
1014 3034 1066 3102 pro

148 3119 208 3185 qua
230 3107 320 3166 etiam
336 3105 556 3186 caignoranda
572 3115 652 3177 sant,
675 3121 755 3184 quae
765 3105 850 3184 pueri
873 3099 984 3181 sciunt,
1009 3117 1064 3164 rur·

128 3193 214 3249 ‘sum
238 3184 374 3265 scienda,
395 3207 475 3268 quae
496 3188 545 3248 vei
568 3183 667 3268 angeli
690 3191 840 3268 ignorant.
873 3185 953 3246 Nam
976 3188 1064 3248 Lato-

148 3288 215 3332 mus
245 3264 390 3354 Magister
411 3271 617 3352 t‘teotogtae,
653 3271 755 3331 divina
783 3269 843 3330 boc
871 3271 961 3331 tituto
993 3269 1064 3330 scire

148 3372 217 3415 sose
239 3355 411 3434 protessus,
439 3371 517 3432 quae
539 3350 570 3414 et
591 3356 650 3414 boo
673 3347 748 3416 libro
774 3352 923 3430 defendit,
954 3361 989 3413 ut
1012 3353 1064 3413 cat·

149 3432 334 3498 lautissimus
354 3451 472 3517 corum,
494 3437 604 3499 adbuc,
617 3431 740 3516 ignorat
760 3437 894 3496 bumana
913 3433 974 3496 isto
997 3448 1064 3517 quo·

152 3518 268 3578 ttdiauo
291 3536 347 3580 usu
368 3521 541 3599 praeseutia
563 3521 663 3595 misor,
692 3534 758 3596 nec,
780 3517 851 3597 quid
873 3517 1063 3602 periclitanti-

151 3603 200 3656 tus
222 3600 380 3661 animabus
399 3602 619 3661 consulendum
640 3605 688 3682 sit,
712 3605 806 3680 novit,
829 3602 948 3663 iuterim
966 3611 1062 3662 taruco

189 3683 267 3755 aas,
302 3683 372 3760 quid
403 3692 498 3763 agant
517 3685 637 3744 animas
658 3685 689 3744 in
710 3685 905 3766 purgatorio,
921 3693 1000 3746 dum
1022 3704 1061 3745 rs
