2262 4006
316 191 459 254 Ambrosii
477 195 588 256 Gathar.
606 214 631 254 a.
652 195 729 254 15²1.
926 191 988 260 365

66 350 139 412 cieri
163 353 330 432 iactantur,
359 359 392 414 ui.
413 352 470 412 soli
492 353 625 416 in··,statu
653 350 758 411 salotis
786 369 854 410 esse
882 357 987 429 puten-

66 443 126 510 tur,
149 441 270 496 ceteros
293 455 399 496 omnes
422 436 592 496 mundanos
615 442 646 495 et
667 435 820 496 seculares
842 433 985 494 arbitren-

66 526 123 580 tur.
170 518 308 597 Denique
329 537 386 580 sua
407 518 523 593 studia,
550 536 607 579 sua
634 519 754 594 merita,
784 534 854 576 snas
878 519 986 580 missas

66 597 205 660 vendunt
235 609 266 660 et
286 603 466 682 promittunt
488 603 698 662 remissionem
720 610 928 679 peccatorum

152 685 193 743 At
216 687 294 743 servi
318 693 388 744 sunt
409 686 623 763 corruptionis,
645 683 675 742 id
699 689 754 760 est,
777 701 836 743 non
851 685 907 741 nisi
922 701 986 742 cnr·

65 766 224 845 ruptibiiia
246 766 375 844 docent,
398 775 431 826 ut
452 767 533 846 quod
563 767 628 830 eoi.
658 767 686 828 2.
715 767 760 826 sic
782 765 866 825 dicit:
900 763 986 840 Quae

64 856 199 928 pereunt
219 851 286 930 ipso
309 869 365 910 usu
387 849 554 910 secundum
577 849 754 909 traditiones
777 857 808 908 et
823 859 988 928 praecepto

65 932 235 992 hominnm.
278 931 317 993 Et
339 943 439 993 tumen
463 934 533 1012 quia
556 933 586 991 in
616 932 661 990 bis
684 930 839 994 confidere
866 929 987 1008 docent,

65 1015 160 1073 etiam
185 1025 327 1076 aeternae
356 1015 571 1096 corruptionis·
588 1033 642 1094 per
664 1013 741 1073 baec
762 1022 884 1074 autores
906 1025 987 1075 sunt.

65 1096 127 1156 Sed
152 1100 312 1178 sequentia
334 1107 449 1179 cogunt
476 1113 581 1164 servos
615 1098 817 1176 corruptionis
851 1097 987 1177 intelligi,

65 1197 176 1241 servos
205 1183 335 1261 peccati,
358 1189 389 1241 nt
411 1183 450 1240 sit
471 1199 594 1240 sensus:
623 1179 698 1240 Oum
727 1181 785 1258 ipsi
815 1181 908 1258 impia
937 1182 989 1259 by·

10 1339 11 1344 η
65 1264 183 1343 pocrisi
207 1271 237 1324 et
257 1265 337 1324 vitiis
367 1264 536 1325 manifestis
565 1263 672 1344 perditi
695 1264 767 1340 sint,
789 1271 889 1322 temen
921 1262 987 1322 aliis

10 1369 11 1424 j
69 1353 272 1426 praesumunt
306 1348 369 1407 snis
397 1347 522 1427 perditis
551 1347 658 1405 studiis
687 1345 726 1405 ad
757 1345 886 1404 salutem
921 1361 988 1425 pro·

10 1437 12 1458 ³
68 1425 160 1490 desse'
183 1431 439 1491 communicando
463 1444 534 1489 snas
553 1429 766 1489 Fraternitates
790 1427 990 1507 etindngen

10 1519 11 1538 ³
67 1513 135 1572 tias.
182 1512 323 1594 Sequitur
352 1515 447 1573 enim:
482 1514 507 1572 A
537 1529 597 1592 qno
626 1514 705 1571 enim
735 1512 802 1590 quis
829 1522 988 1590 superatus

68 1605 124 1672 est,
149 1595 239 1655 buius
260 1603 291 1656 et
312 1615 417 1656 servus
441 1604 496 1656 est.
540 1595 649 1655 Nonne
672 1593 807 1674 quotidie
838 1594 988 1671 andimus,

68 1695 185 1758 papam
213 1679 303 1740 etiam
334 1679 494 1739 manifeste
522 1671 703 1738 sceleratum
735 1684 765 1736 et
798 1677 924 1758 impium
957 1679 988 1736 id

68 1761 200 1836 andere,
236 1769 269 1822 ut
291 1762 398 1822 merita
420 1761 530 1822 Christi
559 1766 590 1821 et
612 1759 792 1822 Sanctorum
824 1760 990 1840 dispenset,

9 1865 11 1874 ¹
68 1853 98 1904 et
121 1843 260 1904 clavibus
289 1845 409 1906 coetum
438 1844 571 1924 aperiat,
598 1843 708 1922 quibus
735 1842 841 1904 volet?
884 1844 922 1906 Et
943 1863 988 1903 se·

9 1939 10 1944 ’
68 1928 170 2008 quitur
193 1945 261 1986 eum
285 1929 457 1988 universnm
487 1945 573 1987 sunm
603 1928 712 2006 vulgus
739 1928 820 1986 cieri.
863 1926 914 1987 Sic
936 1945 987 1986 cc·

70 2010 184 2069 olesiae
207 2011 380 2084 thesaurum
410 2012 520 2092 impius
542 2012 572 2069 in
596 2028 717 2070 manum
741 2010 882 2073 vendicet
905 2018 936 2070 et
957 2026 988 2070 a·

8 2105 9 2110 ’
69 2093 127 2152 iios
153 2091 271 2172 liberat,
293 2094 360 2174 ipse
382 2094 585 2173 corruptionis
608 2111 723 2153 servus.

8 2175 10 2194 ¹
152 2175 317 2238 Concludit
335 2195 408 2258 ergo
431 2177 600 2254 Petrus⁸),
622 2175 708 2239 Rom.
738 2175 898 2236 ecclesium
919 2194 986 2238 cum

8 2261 10 2296 ³
70 2277 125 2319 suo
155 2257 277 2342 popel)
307 2278 459 2321 reversam
483 2277 550 2320 esse
573 2259 611 2318 ed
629 2262 763 2340 peiorem
777 2260 988 2340 gentilitatem,

70 2361 161 2422 quam
185 2344 268 2423 prius
289 2343 395 2422 iuerat,
417 2342 537 2403 dicens:
566 2342 597 2403 Si
620 2344 701 2404 enim
717 2344 908 2423 refugientes
937 2361 987 2404 co-

69 2427 295 2504 inquinationes
318 2427 422 2487 mnndi
449 2427 478 2485 in
508 2426 685 2508 cognitione
714 2427 835 2487 Domini
865 2433 895 2486 et
923 2425 987 2486 Sai-

70 2509 185 2568 varotr's
208 2509 274 2568 iesu
298 2509 408 2570 Christi
433 2513 504 2588 (per
527 2507 635 2582 tidem)
661 2517 691 2568 et
721 2516 821 2570 tamen
851 2511 896 2569 his
926 2527 987 2569 rur·

71 2608 120 2649 sna
144 2587 292 2671 implicati
315 2601 505 2672 superentur,
536 2592 617 2652 facta
646 2599 717 2653 sunt
738 2593 795 2652 iilis
818 2595 989 2672 posteriore

72 2674 226 2734 deteriora
248 2675 408 2754 prioribus.
430 2675 537 2734 Melius
559 2675 639 2734 enim
663 2675 720 2734 iliis
743 2683 807 2736 erat
829 2693 890 2736 non
920 2694 990 2756 cog·

73 2759 195 2817 novisse
223 2759 302 2817 viem
325 2759 468 2834 institiae,
491 2758 519 2817 id
549 2766 605 2835 est,
628 2757 707 2836 fldei,
730 2777 821 2837 quam
845 2769 917 2838 post
937 2777 987 2838 ag-

74 2841 220 2899 nitionem
244 2849 407 2900 retrorsum
431 2845 565 2901 converti
590 2841 628 2901 ab
647 2859 695 2916 eo,
718 2841 799 2919 quod
821 2840 917 2916 iilis2)
931 2849 989 2902 tra·

73 2921 166 2983 ditum
189 2930 244 2998 est,
266 2931 373 2986 sancto
390 2925 532 2984 mandato
544 2924 752 2996 (sciliceiiidei
764 2926 793 2984 in
809 2924 988 2997 Christum).

73 3006 209 3086 Gontigit
231 3009 309 3066 enim
333 3009 376 3066 eis
399 3005 471 3066 iilud
497 3010 556 3066 veri
579 3007 745 3086 proverbii:
776 3008 869 3068 Oanis
891 3026 989 3068 rever·

74 3107 123 3146 sua
147 3088 186 3148 nd
210 3107 296 3149 auum
320 3091 466 3150 vomitum
491 3097 521 3149 et
543 3109 594 3149 sus
619 3092 680 3150 iota
698 3109 821 3150 reversa
842 3092 881 3152 ad
904 3091 988 3150 roin-

76 3171 190 3230 tnbrum
215 3174 313 3233 coeni.
359 3175 400 3233 ita
423 3172 561 3232 videmus
577 3174 695 3232 enimin
719 3175 869 3253 papisticc
891 3191 988 3253 regno

75 3252 161 3313 fidem
190 3256 381 3330 exstinctam,
404 3256 583 3334 peioresque
604 3263 711 3337 gentes
734 3275 790 3316 nos
805 3275 881 3338 esse,
897 3277 987 3336 quem

77 3352 206 3416 unquam
235 3335 360 3415 iuimns3
394 3338 454 3399 hoc
488 3338 700 3400 abominandis
729 3341 988 3419 propositionibus

127 3623 155 3686 ⁸)
174 3621 199 3676 2.
219 3621 274 3677 Pet.
294 3621 321 3679 2.

130 3692 159 3763 i)
180 3693 210 3748 in
230 3693 272 3750 ed.
290 3693 369 3753 Jems
388 3701 498 3766 papatu.
535 3695 567 3762 2)
585 3694 707 3753 ibidem:
727 3712 783 3780 quo
802 3694 880 3750 illud.
