2252 4006
51 1074 54 1082 ¹
174 1094 408 1190 Axiomata
437 1091 608 1188 Erasini
636 1090 911 1186 Rotorodanri
939 1117 1025 1210 pro
1116 1091 1117 1096 '

386 1257 518 1325 oauss
546 1229 597 1324 Μ.
625 1225 806 1323 Luthori
903 1313 910 1327 .

581 1405 612 1459 et

135 1528 254 1602 Brevis
274 1526 535 1601 conmemoratio
555 1545 666 1600 rerun
685 1524 840 1599 ssolorire
856 1522 1060 1620 Agrippinae

326 1647 359 1720 ir
385 1665 488 1722 rausa
513 1645 649 1721 Lutiort
677 1650 859 1740 gestarunt.

485 1805 487 1812 ’
543 1815 649 1896 1520.

216 2176 344 2236 Carolus
367 2177 402 2241 V.
423 2177 609 2257 Imperator,
633 2197 723 2257 quum
748 2177 776 2238 d.
799 2175 849 2242 23.
872 2196 913 2237 m.
936 2173 1006 2236 Oot.
1031 2193 1058 2234 a.

133 2259 213 2322 1520
237 2260 421 2340 Aquisgrani
441 2260 581 2320 sollemni
596 2280 681 2321 more
702 2266 867 2321 coronatus
885 2265 979 2334 esset,
1003 2255 1059 2316 Co·
1116 2277 1117 2348 ἦ

132 2340 246 2401 ioniam
258 2342 459 2422 Agrippinam
483 2362 551 2402 oum
566 2343 753 2423 Prinoipibos
776 2363 811 2404 so
831 2341 972 2402 eontulit.
1015 2339 1058 2399 lbi

131 2423 285 2485 Friderioo
309 2425 453 2501 Eleatem,
473 2425 631 2486 ,Saxonioe
652 2427 740 2504 Duoi,
753 2428 814 2505 oui
835 2426 1056 2504 Imperatorem
1116 2449 1117 2452 ¹

132 2514 254 2567 seoutus
278 2516 352 2587 erat,
376 2528 481 2568 mense
503 2509 669 2570 Novembri
694 2529 720 2572 a.
740 2511 820 2574 toto.
838 2505 1058 2568 ineuntoNun·
1116 2517 1117 2522 ’

131 2590 164 2648 tii
196 2591 346 2651 Pontifloii
382 2591 516 2652 Marinus
552 2592 747 2654 Gereoniolus
787 2599 817 2652 et
849 2592 1057 2668 Hieronymus

132 2672 285 2734 Aloander
305 2675 415 2734 Brevia
437 2676 616 2754 Apostolioa
645 2676 842 2736 reddiderunt
869 2673 1056 2752 flagitantes,

130 2761 165 2813 ut
185 2754 307 2816 Lutheri
336 2757 430 2818 libros
467 2757 604 2818 oomburi
633 2759 798 2839 ipsumque
829 2757 879 2818 vol
902 2754 1055 2835 supplioio

132 2835 213 2897 afflui
236 2839 284 2899 vel
302 2841 370 2919 aspi
392 2839 524 2916 iuberet,
554 2849 739 2921 raptumque
761 2847 815 2901 aut
835 2841 981 2901 retineret
1004 2844 1055 2897 aut

131 2918 272 2980 Pontifici
293 2925 512 2984 transmitteret
536 2924 590 3000 (of.
605 2923 803 2984 Seokendori.
826 2923 906 2983 Hist.
928 2919 1017 2981 Loth.
1035 2919 1056 2995 1,

132 3001 211 3065 Seot.
231 3005 280 3066 34.
305 3010 332 3078 S.
355 3007 420 3081 81.)
468 3005 548 3081 Quid
571 3007 680 3066 deinde
703 3007 882 3080 Friderious‚
906 3023 967 3084 qua
991 3009 1055 3062 erat

130 3086 297 3164 sapientia,
321 3106 391 3147 oum
414 3088 461 3149 his
482 3089 592 3168 legatis
616 3089 771 3150 Pontifiois
797 3089 928 3150 Romani
949 3103 1052 3166 gesse·

129 3169 176 3245 rit,
199 3186 324 3229 eernere
345 3171 416 3230 lieet
427 3191 467 3231 ex
480 3170 584 3232 libello
607 3172 769 3232 Henrioi
790 3170 1054 3250 Zutphanian·

131 3251 197 3328 sis,
221 3252 506 3329 quiiniraredditus
529 3261 580 3314 est·
597 3255 768 3315 subtituto:
792 3254 932 3314 Brevis
956 3270 1054 3312 oom-

131 3337 365 3394 memoratio
401 3355 529 3395 rerum
565 3337 764 3398 Coloniae
796 3336 1053 3416 Aggripinae

130 3413 168 3470 in
190 3413 300 3474 Ubiis
323 3423 518 3494 gestarum
540 3420 574 3478 in
599 3438 716 3479 eausa
737 3419 898 3479 Lutheri
921 3418 1052 3481 s.1520.

129 3493 291 3556 Praeterea
301 3497 470 3560 Friderious
491 3499 614 3560 Eieotor
632 3502 674 3561 ibi
697 3521 765 3562 oum
781 3501 912 3562 Erasmo
928 3501 1052 3560 Rotero·

132 3572 223 3633 domo
251 3580 330 3656 egit,
363 3590 398 3638 ut
425 3583 488 3640 eius
522 3582 665 3643 iudicium
694 3583 732 3644 de
761 3584 891 3644 Luthero
925 3581 1051 3642 audiret.

131 3651 291 3732 Erasmus,
324 3660 374 3719 ubi
397 3661 580 3725 Fridarioum
602 3667 747 3727 oonveoit
770 3665 869 3745 (haud
892 3665 983 3726 dubis
1005 3663 1051 3726 die
