2254 4008
320 155 354 210 Ι).
373 157 407 211 Μ.
424 155 505 212 nutu
522 155 710 212 Praeludlnm.
939 155 979 222 77

69 329 116 370 seu
134 317 312 389 perpetuam
334 311 522 392 castitatem,
551 312 614 371 imo
636 309 697 373 hoe
720 310 775 370 sub
799 311 883 371 nullo
906 318 979 374 volo

69 393 169 454 ondens
180 404 296 454 eertum
308 402 364 472 est,
386 403 417 454 el
430 395 626 454 videturesse
641 395 793 472 quaedam
805 396 903 455 irrisio
914 395 980 471 Dei,

67 476 128 536 dnm
150 494 188 536 es
211 487 333 555 vovent,
356 495 435 556 quae
450 477 534 537 nullo
558 479 650 538 modo
672 481 703 537 in
725 496 782 540 sua
804 484 874 537 sunt
895 488 980 558 pote·

65 568 144 622 state.
186 560 235 618 Ad
258 562 419 640 religiosos
442 565 547 638 venio,
574 579 703 640 quonum
727 563 783 620 tria
818 573 889 621 vola
918 579 980 640 quo

66 644 153 721 magis
176 645 349 721 considero,
372 662 410 705 eo
435 646 532 704 minus
545 644 694 724 intelligo,
717 645 879 724 minorque,
900 645 980 706 unde

63 727 216 786 inoleverit
248 728 306 787 ists
338 737 479 787 votorum
513 728 645 790 exactio.
697 727 761 786 lam
794 728 854 786 hon
884 728 978 789 multo
1056 758 1063 764 ·

64 812 153 868 minus
183 809 340 889 intelligo,
371 829 432 888 quo
463 813 572 870 aetatis
602 829 683 870 anno
716 812 820 870 voveri
851 813 980 892 possint,

64 902 89 951 nt
108 892 247 971 legitima
268 901 328 952 sint
349 900 380 952 et
412 894 544 955 valeant.
591 893 624 952 ln
651 893 712 953 hoo
737 895 840 972 planet
870 913 980 956 nonve·

62 977 136 1034 nisse
159 994 279 1053 omnes,
300 984 371 1035 ante
393 994 492 1035 annos
509 975 677 1055 pubertatis
698 978 771 1035 nihil
784 978 885 1036 valere
909 987 981 1038 vota

62 1076 176 1134 eornm,
206 1059 278 1118 lieet
301 1078 442 1138 magnam
466 1068 583 1138 partem
607 1078 768 1139 puerorum
803 1059 853 1120 hio
874 1061 979 1120 l'allant

62 1143 192 1220 ignaram
216 1152 278 1202 tam
301 1160 376 1201 suae
397 1145 524 1218 aetatis,
553 1160 642 1221 quam
671 1146 713 1202 rei
741 1161 832 1221 quam
857 1150 979 1204 vovent.

61 1225 121 1284 Non
143 1226 227 1284 anim
250 1225 415 1285 observant
440 1227 470 1284 in
493 1226 694 1305 suscipiendis
721 1246 819 1287 annos
840 1228 980 1305 puberta-

61 1309 105 1386 tis,
129 1316 195 1366 tum
219 1307 374 1387 professos
397 1309 462 1366 dira
490 1311 679 1368 conscientia
715 1312 802 1387 quasi
825 1328 978 1370 eonsensu

60 1398 162 1470 postea
190 1403 298 1451 ssouto
327 1393 467 1470 oaptivos
497 1401 601 1451 tenent
636 1397 667 1452 et
700 1391 859 1470 devorant,
892 1394 979 1471 quasi

60 1485 167 1549 votum,
190 1474 274 1553 quod
295 1475 410 1534 irritum
433 1475 504 1552 fnit,
528 1474 651 1534 tandem
673 1483 770 1534 ratum
799 1475 853 1536 fiat
875 1494 979 1536 sueoe·

61 1560 194 1619 dentibus
217 1559 315 1621 annis.
450 1569 453 1576 '

135 1645 178 1702 At
212 1643 284 1700 mihi
316 1640 440 1700 stultum
477 1639 609 1717 videtur,
648 1640 687 1700 ab
719 1640 787 1701 aliis
819 1644 977 1722 praestitui

61 1727 216 1784 terminum
240 1723 366 1803 legitimi
389 1724 451 1784 voti
473 1724 613 1798 alterius,
645 1724 695 1800 qui
726 1724 783 1784 sibi
813 1727 887 1804 ipsis
917 1745 978 1786 non

60 1819 181 1886 possunt
204 1809 413 1888 praestituere.
456 1805 523 1866 Neo
545 1807 649 1884 video,
676 1825 729 1866 eur
752 1809 852 1868 valeat
874 1821 978 1868 votum

60 1890 171 1951 daeimo
196 1899 308 1951 ontavo
332 1908 413 1949 anno
436 1889 559 1964 laetum,
582 1899 613 1950 et
634 1907 695 1950 non
711 1891 830 1952 deoimo
853 1902 883 1952 et
905 1893 979 1952 dno·

61 1973 184 2036 decimo.
229 1973 295 2032 Neo
315 1973 482 2050 satisfacit,
504 1972 586 2050 quod
609 1971 729 2033 deoimo
752 1985 864 2036 oetavo
887 1976 981 2036 santii

61 2057 144 2117 homo
158 2075 284 2117 earnem
297 2075 393 2133 suam,
408 2056 491 2138 quid,
503 2059 527 2114 si
541 2058 593 2114 vix
606 2057 751 2118 vieesimo
763 2064 816 2117 aut
826 2059 978 2118 tricesimo
1024 2051 1035 2074 ⁸

60 2141 173 2218 sentiat,
198 2146 251 2200 aut
270 2139 377 2202 fortius
399 2142 552 2198 trioesimo
564 2157 656 2218 qusm
672 2143 824 2202 vicesimo
847 2141 979 2202 sentiat?

59 2222 112 2282 Aut
140 2241 198 2284 eur
233 2242 294 2284 non
324 2221 467 2283 diffinitur
502 2241 600 2301 aeque
630 2225 776 2283 terminus
806 2226 978 2304 paupertati

61 2316 86 2364 el
104 2304 320 2367 obedientiae?
341 2304 402 2366 Sed
414 2304 497 2384 quod
519 2313 640 2385 tempus
653 2306 749 2386 dabis,
773 2327 834 2386 quo
856 2327 890 2367 ss
908 2327 978 2368 ava·

8 2429 9 2432 ,
61 2408 118 2448 inm
139 2397 172 2450 et
195 2389 359 2470 superbum
380 2391 505 2467 sentiat,
536 2407 605 2449 oum
629 2390 720 2448 etiam
743 2391 978 2470 spiritualissimi

61 2471 109 2532 lios
132 2473 262 2534 alieuius
284 2473 338 2532 vix
359 2470 609 2552 deprehendant?
639 2472 721 2552 Ergo
744 2493 899 2553 nunqnam
922 2475 979 2534 erit

63 2555 145 2616 ullum
173 2563 277 2618 vntum
300 2564 416 2616 eertum
439 2563 469 2616 et
490 2555 669 2636 legitimum,
690 2558 749 2618 nisi
773 2556 872 2619 denso
893 2558 978 2638 spiri·

62 2638 149 2699 tuales
185 2639 256 2700 laeti
283 2637 428 2700 fuerimus
458 2647 489 2699 et
514 2641 594 2700 votis
624 2640 684 2698 iam
706 2658 768 2700 non
792 2644 975 2720 eguerimus.

66 2721 146 2782 Vides
179 2723 283 2802 itaque
309 2741 360 2782 res
386 2723 461 2783 istas
490 2724 622 2783 insertas
645 2733 676 2782 et
704 2725 979 2802 periculosissimas

63 2822 137 2882 asse,
172 2806 252 2876 unda
279 2805 412 2866 salutare
439 2806 598 2866 eonsilium
627 2805 720 2885 leret,
750 2807 805 2866 has
833 2808 978 2868 sublimes

64 2888 177 2950 visendi
198 2891 333 2951 rationes
356 2890 435 2950 votis
458 2889 568 2950 liberas
591 2889 649 2948 soli
670 2891 775 2969 spritui
797 2891 977 2970 relinquere,

64 2973 132 3034 siout
153 2972 226 3033 olim
248 2973 379 3050 fuerunt,
400 2979 431 3034 et
453 2974 686 3055 nequaquampn
708 2992 805 3052 gsnus
823 2976 977 3054 quoddam

65 3063 221 3136 perpetuas
242 3058 325 3118 vitae
346 3057 506 3118 mutandas
519 3076 598 3118 esse.
634 3057 747 3118 Verum
760 3057 838 3118 haee
859 3060 978 3119 interim
999 3085 1003 3092 ·

66 3136 97 3197 ds
116 3138 267 3220 baptismo
289 3146 320 3201 et
343 3140 480 3202 libertate
502 3142 567 3202 eius
589 3141 673 3217 satis,
695 3159 751 3202 suo
765 3141 842 3203 lenta
856 3143 978 3204 venient

66 3227 288 3303 tempore-vota
305 3221 399 3292 ¹latius
423 3224 597 3301 tractanda,
626 3231 659 3284 ut
680 3231 750 3286 sunl
770 3245 879 3288 revera
902 3235 978 3286 trae·

67 3311 120 3390 tato
141 3307 337 3370 vehementer
357 3311 540 3374 necessaria.

189 3438 242 3500 De
270 3439 519 3499 Saeramsnto
549 3437 837 3502 Paenitentias.

136 3557 238 3619 Tertio
272 3557 333 3620 hoo
362 3559 433 3620 loeo
470 3558 508 3620 de
542 3559 749 3639 poenitentias
786 3565 976 3621 ssorsmento

71 3636 229 3724 diosndnm,
250 3642 280 3702 in
302 3660 363 3722 qua
382 3662 416 3705 re
440 3641 527 3704 editis
550 3644 612 3703 iam
634 3642 802 3704 traslatnlis
825 3648 856 3704 at
876 3642 977 3722 dispu-
