2262 4006
144 223 208 290 374
375 225 532 296 unponno
551 227 585 280 u.
600 227 633 278 11.
647 225 678 278 1.
698 224 732 278 au
752 225 852 278 numm

144 385 229 465 leges
252 381 427 462 abrogaret,
448 401 487 443 sn
511 384 601 444 etiam
624 383 683 443 bac
703 382 825 443 ratione
833 379 941 443 revelli
956 385 1067 460 queant

148 467 280 547 scrupuli
305 485 343 525 ex
366 467 475 527 animis
496 467 655 528 hominum
671 473 702 527 et
724 467 935 528 conscientiae
957 464 1067 534 sanari,

147 559 209 612 tam
233 547 408 610 incurabilis
432 557 463 610 et
485 549 617 612 crudelis
639 557 686 611 est
708 552 767 610 ieta
790 550 884 629 plaga
906 547 1013 628 popuii
1030 545 1066 606 ab

145 638 207 696 isto
227 650 301 712 rege
323 633 420 693 Assur
438 633 564 709 inflicta,
586 642 619 694 ut
641 653 708 695 cum
730 634 825 694 Esaia
847 632 960 693 dicem.

228 719 311 777 Eone
332 716 427 777 hebes
451 718 580 778 fructum
602 719 747 778 facierum
771 726 800 777 et
810 716 1068 796 propositionum,

145 801 263 862 seilicet
282 801 455 860 'vestitatem
481 801 646 874 ecciesiae,
668 799 749 871 ndei,
777 800 924 861 libertatis
948 797 1070 869 Christi,

146 885 279 966 spiritus,
302 885 437 956 veritatis
461 896 491 944 et
514 887 725 944 universorum
747 884 898 944 bonorum
915 881 1069 942 aObristo

145 967 235 1028 nobis
257 967 406 1027 datorum.
449 967 511 1027 Iste
544 975 591 1028 est
623 968 793 1028 Antiochus
825 967 892 1038 itte,
926 966 1010 1025 Dan.
1032 963 1070 1039 8.,

145 1051 196 1132 qui
218 1051 307 1110 huius
329 1051 410 1130 regis
432 1051 577 1111 facierum
598 1051 803 1129 figuraiuisse
820 1049 935 1110 ibidem
951 1047 1071 1122 dicitur,

145 1135 212 1214 ipse
233 1140 290 1206 est,
313 1135 363 1212 qui
388 1142 495 1194 contra
516 1134 722 1196 tortitudinem
746 1134 825 1194 coeii
854 1130 1070 1212 magnificetur

145 1225 202 1290 est,
224 1225 254 1276 et
276 1216 385 1276 deiecit
407 1217 444 1276 de
466 1216 642 1278 fortitudine
659 1224 690 1278 et
708 1217 746 1276 de
768 1216 863 1278 stellis
885 1222 917 1275 et
944 1212 1069 1274 concui-

146 1301 306 1360 cavitees:
350 1300 390 1360 ut
411 1317 508 1379 usque
529 1301 567 1361 nd
589 1302 757 1380 principem
780 1298 966 1360 fortitudinis
986 1315 1072 1376 mag·

147 1383 296 1444 uincens
311 1390 410 1442 estet
430 1383 469 1444 ab
493 1403 530 1444 eo
555 1384 623 1444 tulit
642 1387 715 1464 iuge
736 1383 918 1444 sacrificium
945 1379 995 1462 (id
1027 1391 1072 1438 eat

146 1466 256 1539 iidem)
281 1471 311 1526 et
333 1464 444 1528 deiecit
466 1467 568 1528 loeum
591 1465 843 1527 sanctificationis
865 1467 930 1526 eius
958 1463 1072 1538 (idest

148 1551 384 1616 eonscientiae).
428 1550 533 1610 Robur
554 1559 657 1611 sutem
681 1549 785 1610 datum
819 1556 866 1609 est
899 1549 927 1608 ei
962 1552 1071 1607 contra

146 1634 217 1713 iuge
239 1631 419 1694 sacrificium
443 1641 569 1714 propior
589 1641 729 1713 peccata,
741 1640 771 1693 et
792 1639 1004 1713 prosternetur
1023 1647 1070 1688 vs-

146 1717 220 1776 ritas
241 1717 271 1776 in
301 1722 393 1777 terra.¹
434 1716 476 1775 Et
500 1717 730 1796 prosperabitur
757 1721 787 1776 et
815 1715 915 1775 ieciet.
959 1713 1071 1773 Nonne

147 1800 225 1859 haec
247 1817 334 1878 papa*
348 1798 421 1859 facit
443 1802 551 1860 erectis
579 1799 726 1874 faciebus,
750 1807 780 1859 et
807 1795 1070 1878 propositionibus

147 1883 208 1941 suis
230 1888 340 1942 contra
360 1884 520 1943 veritatem
543 1890 574 1944 et
594 1882 709 1943 fidem?
753 1883 798 1941 En
822 1879 895 1959 tibi,
925 1879 988 1940 hoc
1016 1887 1069 1952 est,

147 1965 229 2042 quod
250 1967 345 2044 garrit
366 1972 453 2025 satan
477 1985 531 2045 per
552 1985 587 2027 oe
610 1985 728 2049 eorum,
750 1984 812 2025 non
837 1983 906 2024 esse
928 1963 1071 2023 omnies

149 2048 269 2109 Christo
293 2047 443 2117 ordinata,
479 2050 532 2109 sed
556 2050 706 2109 ecciesiae
743 2048 867 2109 arbitrio
901 2045 1072 2107 ordinanda

148 2131 264 2209 relicte,
286 2151 356 2190 cum
374 2129 511 2192 Christus
535 2133 691 2210 ordinarit,
714 2138 747 2192 ut
768 2131 882 2190 nulium
907 2135 1071 2208 essetpec·

148 2221 248 2272 catum
262 2215 319 2274 nisi
330 2214 537 2291 incredulitas,
559 2216 641 2276 nulla
664 2215 793 2291 iustitie,
815 2214 873 2274 nisi
895 2212 989 2289 fides3
1013 2212 1070 2270 sic-

148 2301 183 2358 ut
212 2296 285 2356 dicit
310 2295 418 2361 Iuben.
447 2301 500 2362 16:
539 2298 593 2358 Ille
621 2304 729 2378 arguet
756 2296 902 2356 mundum
933 2295 973 2355 de
1002 2312 1070 2374 pee'

148 2380 330 2458 oat0,·quia
350 2399 412 2440 non
441 2380 567 2441 creduut
588 2383 618 2441 in
647 2398 711 2459 me3
745 2386 775 2440 et
796 2376 972 2448 iterum*):
1012 2376 1068 2452 Qui

149 2481 208 2523 non
246 2461 423 2538 crediderit,
454 2463 716 2526 condemnabitur.
765 2463 939 2538 Omia**)
978 2461 1070 2538 1111111,Ι

148 2565 228 2625 qnae
249 2551 339 2608 extra
360 2546 514 2607 bominem
539 2555 623 2622 sunt,
656 2565 717 2608 nou
751 2547 951 2625 coinquinant
973 2543 1068 2604 bomi-

149 2647 229 2705 nem,
251 2628 306 2688 sed
330 2636 401 2688 sunt
423 2629 518 2690 libera
540 2647 684 2714 prorsus,
711 2631 768 2689 nisi
798 2629 939 2690 abs'iutra
956 2643 1064 2707 ¹proce·

148 2712 239 2771 dente
261 2712 342 2771 mais
375 2713 540 2792 cupiditate
575 2717 605 2772 in
637 2713 696 2773 illis
729 2719 881 2792 peccetur.
925 2711 968 2772 At
990 2726 1067 2790 papa

148 2795 287 2872 inquinat
309 2795 410 2855 scium
440 2799 574 2856 externis
605 2797 679 2856 ‘iliis‘
700 2797 874 2856 universum
909 2793 1018 2854 orbem
1041 2799 1068 2852 et

146 2879 273 2937 internis
296 2879 531 2956 inquinamentis
553 2879 624 2938 nihii
647 2897 771 2957 prorsus
793 2884 943 2954 movetur,
954 2876 1069 2936 scilicet

148 2969 210 3030 tam
234 2961 317 3021 clara
339 2967 409 3021 sunt
433 2962 526 3022 verba
548 2963 669 3033 Christi,
693 2981 749 3022 nec
772 2963 816 3021 sic
837 2967 940 3020 tamen
963 2959 1068 3019 adver-

148 3045 260 3104 sarium
283 3044 348 3102 eius
371 3051 555 3105 vastatorem
577 3045 681 3105 videre
703 3045 854 3105 volumus.

230 3127 356 3186 Praeter
376 3127 432 3186 hos
457 3127 586 3189 mundos
601 3134 797 3207 peccatorum
817 3134 847 3187 et
862 3124 1067 3206 perditionum

149 3211 239 3270 etism
262 3209 322 3270 aiie
344 3215 474 3288 peccata
496 3213 602 3272 statuit
625 3231 714 3290 papa,
734 3213 863 3291 primum
876 3209 984 3269 falsam
996 3207 1068 3268 fidu·

148 3294 226 3353 ciam
250 3292 354 3351 talium
378 3311 513 3371 operum,
537 3313 616 3372 quae
638 3303 685 3353 est
705 3293 818 3374 duplex
838 3293 999 3371 iniquitas3
1021 3291 1068 3370 qui

140 3375 234 3433 ‘enirn
252 3373 424 3434 obedierint
444 3395 543 3456 papae
567 3379 597 3436 in
619 3377 684 3436 istis
713 3379 744 3436 et
765 3381 895 3456 peccata
916 3375 1068 3454 papistica

149 3457 319 3531 vitaverint,
341 3456 529 3518 benefecisse
562 3466 593 3518 et
622 3460 773 3538 meruisse
806 3464 1009 3538 praesumunt
1039 3463 1067 3516 et

206 3715 236 3781 *1
257 3716 360 3775 loire
397 3720 445 3786 rr)
481 3721 574 3774 natu.
593 3723 636 3777 15.
