2252 4006
145 163 208 246 228
338 165 464 220 Assertio
483 181 558 220 omn.
577 167 654 220 artic.
673 145 706 219 D.
726 167 760 220 ii.
779 167 805 220 L.
824 183 875 236 par

140 393 143 400 Ι
228 319 337 381 Esaias
355 320 446 380 ctiam
469 319 542 380 dicit
563 321 619 385 40:
650 319 791 398 Suscepit
822 317 861 378 de
894 336 983 378 manu
1002 319 1054 379 Do·

149 403 222 463 mini
245 401 388 486 duplicia,
409 421 465 482 pro
489 403 629 462 omnibus
653 403 787 482 peccatis
810 404 883 463 suis.
917 400 994 477 Quid
1014 401 1057 462 hic

147 484 270 546 dicent?
313 487 443 565 gratiam
465 485 538 546 dicit
566 504 583 544 a
605 485 739 545 Domino
761 503 823 544 non
847 484 912 545 dari
934 485 989 544 nisi
1010 503 1058 563 pro

145 570 292 649 peccatis,
321 567 439 628 scilicet
460 587 515 648 pro
546 567 642 629 malis.
687 569 788 645 Atque
816 567 846 627 id
875 567 957 645 qnod
986 565 1061 642 dicit,

148 650 299 730 omnibus,
322 650 353 710 id
376 649 537 730 significat,
561 650 643 729 quod
666 650 738 711 nihii
761 651 820 709 nisi
841 656 971 729 peccata
992 650 1061 708 fece·

146 736 184 794 rit
207 741 278 794 aute
300 734 439 812 gratim,
460 753 515 793 seu
538 734 641 794 omnia
664 752 758 813 opera
771 734 836 792 eius
857 739 989 812 peccata
1010 733 1063 792 iue-

146 817 215 877 rint.
258 815 289 876 Si
311 823 413 876 autem
435 815 474 876 de
495 835 587 876 manu
606 817 728 876 Domini
751 817 902 894 contingit
913 815 1064 894 suscipere

146 899 275 979 gratiam
304 917 360 979 pro
394 898 537 978 operibus
560 900 719 978 congruis,
746 917 825 978 quae
854 905 988 977 peccata
1009 915 1064 957 non

147 983 217 1059 sint,
245 980 355 1041 falsum
384 981 433 1041 hic
456 982 563 1042 Esaias
586 982 662 1040 dixit
683 989 713 1042 et
735 982 836 1060 gratia
856 980 917 1042 Dei
941 980 1066 1058 vilescit,

148 1072 294 1143 utquam
317 1083 379 1125 non
402 1065 522 1143 penitus
544 1064 676 1142 indignis
699 1063 790 1136 dedit,
812 1065 892 1138 sicut
913 1063 1067 1142 Pelagiaoi

147 1146 334 1223 docuerunt,
363 1167 381 1207 a
409 1165 537 1225 quorum
561 1166 652 1206 sensu
686 1146 759 1206 nihil
780 1147 837 1206 nisi
871 1147 948 1206 solis
971 1145 1067 1206 verbis

147 1229 303 1292 distamus.
348 1228 502 1309 Siquidem
527 1239 556 1289 et
568 1249 624 1290 noe
638 1231 745 1289 mereri
759 1231 899 1306 gratiam,
920 1229 993 1288 licet
1010 1247 1066 1288 nou

147 1313 186 1372 de
208 1311 363 1392 condigno
392 1313 623 1392 praedicamus,
654 1311 736 1391 quod
764 1320 795 1372 et
821 1313 880 1391 ipsi
901 1313 1069 1372 concessis

147 1403 225 1476 sent,
249 1396 448 1474 nequeenim
472 1395 600 1474 gratiam
624 1394 680 1454 Dei
704 1404 764 1454 tam
782 1393 871 1454 vilem
881 1393 1069 1472 habuissent,

113 1519 115 1524 .
146 1486 180 1538 ut
203 1476 356 1558 sedigno
380 1479 488 1538 merito
513 1477 619 1537 donari
644 1478 789 1538 dicerent.

228 1559 311 1621 Idem
340 1560 449 1622 Esaias
477 1559 605 1620 ibidem:
643 1559 751 1621 Omnis
782 1578 853 1620 caro
887 1561 1014 1620 foenum
1042 1566 1071 1618 et

147 1644 246 1704 omnis
275 1643 375 1724 gloria
402 1645 466 1704 eius
495 1644 574 1704 sicut
595 1641 653 1703 flos
675 1643 768 1703 foeni.
811 1642 1072 1702 Exsiccatumest

147 1727 272 1787 foenum
296 1733 325 1786 et
347 1723 406 1786 flos
431 1726 550 1802 cecidit,
573 1727 645 1804 quia
666 1726 788 1805 spiritus
801 1725 925 1785 Domini
938 1722 1072 1784 sufflavit

70 1814 73 1822 ’
146 1811 177 1870 in
199 1807 288 1868 iilud:
311 1807 446 1870 Verbum
469 1817 570 1868 autem
595 1808 720 1868 Domini
740 1815 843 1868 manet
856 1809 885 1866 in
903 1817 1073 1866 aeternum.

146 1891 195 1952 Da
217 1891 340 1952 foenum
365 1897 395 1950 et
417 1889 524 1951 florem
548 1892 623 1954 eius.
666 1890 778 1951 Nonne
801 1909 873 1950 caro
890 1889 997 1968 homo,
1019 1908 1074 1950 seu

147 1974 276 2036 liberum
299 1973 455 2034 arbitrium
472 1985 503 2034 et
524 1973 670 2054 quidquid
693 1981 740 2036 est
755 1971 909 2034 hominis?
933 1971 992 2034 flos
1007 1975 1073 2032 eius

146 2065 178 2118 et
198 2057 298 2136 gloria
315 2075 418 2117 nonna
442 2062 488 2117 est
507 2058 612 2133 virtus,
626 2058 787 2136 sapientia,
806 2056 931 2132 iustitia,
944 2054 1071 2117 liberum

147 2138 313 2217 arbitrium,
335 2139 416 2200 uude
439 2141 536 2220 possit
557 2139 682 2218 gloriari
703 2138 817 2218 aliquid
830 2144 943 2198 esseet
956 2137 1074 2219 posse?

148 2220 217 2297 Qua
239 2240 312 2300 ergo
336 2223 455 2282 ratione
477 2221 525 2302 fit,
548 2231 580 2282 ut
602 2221 694 2281 flante
717 2223 823 2302 spiritu
846 2222 1021 2282 exsiccetur
1044 2228 1075 2280 et

148 2304 239 2366 cadat
261 2313 291 2364 et
313 2312 455 2365 manente
477 2305 572 2365 verbo
595 2303 721 2384 pereat?
753 2304 864 2364 Nonne
886 2305 1010 2384 spiritus
1025 2313 1074 2364 est

147 2388 261 2468 gratia,
298 2394 412 2467 quatu
445 2387 549 2447 dixisti
583 2387 709 2448 liberum
738 2386 894 2447 arbitrium
921 2387 1019 2448 iurari
1042 2394 1074 2446 et

148 2472 214 2532 eius
251 2471 516 2551 praeparationem
545 2470 773 2532 consummari?
816 2470 877 2531 Cur
913 2489 987 2550 ergo
1022 2469 1074 2529 hic

149 2554 337 2615 exsiccatum
361 2562 391 2614 et
414 2554 561 2614 cecidisse
575 2553 658 2633 dicit,
672 2553 817 2632 quidquid
827 2553 971 2613 estetiam
995 2554 1073 2632 opti-

149 2656 231 2697 mum
259 2636 379 2697 carnis?
421 2636 565 2697 Nondum
595 2635 680 2696 vides
713 2638 853 2717 spiritum
884 2642 915 2696 et
942 2635 1071 2696 liberum

148 2718 304 2780 arbitrium
329 2738 396 2779 esse
419 2719 593 2780 contraria?
636 2718 791 2798 Siquidem
815 2718 866 2779 iilo
889 2716 994 2798 flante,
1012 2719 1073 2778 hoc

148 2801 231 2863 cadit
252 2809 283 2861 at
303 2820 364 2862 non
389 2811 493 2863 manet
514 2821 582 2862 cum
606 2801 711 2864 verbo.
743 2801 813 2862 Nou
830 2809 930 2862 autem
948 2800 1073 2862 caderet

148 2893 179 2945 et
199 2887 328 2966 periret,
363 2887 387 2944 si
410 2886 448 2945 sd
470 2884 576 2946 flatum
610 2887 733 2966 spiritus
756 2892 786 2946 et
808 2884 891 2946 verbi
914 2889 1019 2964 aptum
1041 2891 1073 2944 et

147 2975 362 3049 praeparatum
387 2977 477 3030 esset.

232 3049 376 3112 Ieremias
398 3069 520 3131 quoque
543 3069 609 3131 cap.
634 3054 682 3116 10.
706 3052 751 3110 sic
779 3051 865 3110 dicit:
901 3049 990 3128 Scio,
1012 3049 1070 3109 Do·

149 3133 247 3212 mine,
281 3134 425 3212 quoniam
450 3153 511 3195 non
536 3142 582 3193 est
603 3133 735 3194 hominis
759 3135 810 3194 via
831 3135 913 3210 eius,
937 3151 995 3192 uec
1018 3134 1070 3192 viri

149 3222 214 3294 eet,
236 3223 269 3276 ut
291 3215 401 3296 dirigat
422 3235 546 3295 gressus
568 3235 651 3278 suos.
696 3216 775 3292 Quid
807 3218 907 3296 potuit
937 3216 1070 3296 apertius

86 3305 90 3308 '
150 3298 234 3359 dici?
277 3297 309 3358 Si
331 3299 381 3358 via
404 3317 459 3358 sua
480 3308 510 3359 et
531 3319 656 3378 gressus
684 3301 732 3359 sui
754 3318 815 3360 non
838 3308 908 3360 suut
935 3301 966 3358 in
989 3307 1070 3379 pote·

150 3386 229 3440 state
252 3380 395 3456 hominis,
417 3382 575 3459 quomodo
598 3383 647 3444 via
661 3382 718 3443 Dei
730 3391 761 3443 et
777 3401 900 3463 gressus
914 3383 974 3444 Dei
986 3390 1071 3442 erunt

149 3464 179 3520 in
191 3470 345 3541 potestate
356 3461 442 3522 eius?
461 3463 521 3523 Via
543 3465 622 3524 enim
645 3463 777 3526 bominis
791 3474 838 3528 est
849 3484 896 3544 ea,
909 3484 1005 3547 quam
1015 3466 1071 3546 ipsi

149 3551 263 3603 vocant
283 3544 451 3604 naturalem
474 3547 615 3606 virtutem
636 3547 779 3627 faciendi,
803 3547 886 3627 quod
909 3555 958 3608 est
978 3549 1010 3606 in
1030 3567 1070 3610 se.

150 3619 233 3682 Ecce
253 3625 330 3686 heac
352 3639 413 3686 noo
444 3629 541 3690 estin
575 3628 699 3691 arbitrio
731 3631 863 3692 hominis
897 3649 951 3692 seu
987 3631 1070 3691 liberi
