2262 4006
314 199 439 259 Rationis
458 200 637 256 butomianas
655 203 705 255 etc.
916 197 979 265 405
1007 279 1010 289 Ι

44 360 266 438 eclesiasticos,
315 359 375 419 hoc
427 356 525 418 minus
563 357 711 439 ferantur,
748 355 802 420 sed
842 356 977 419 omniurn

45 445 206 506 acerrime
240 447 407 524 arguantur
439 442 504 501 sius
538 442 618 502 vitia.
668 443 737 504 Non
772 443 867 512 enim
889 440 978 502 decet

43 527 186 589 verbum
210 528 266 587 Dei
287 543 355 586 esse
376 524 534 605 alligatum
569 533 694 606 propter
717 527 888 600 hominem,
921 543 979 585 nec

44 613 145 671 novit
177 628 375 690 personarum
412 615 595 706 respectum.
639 609 690 671 sic
721 610 831 673 Psaim.
856 605 978 690 119¹)

45 693 94 754 Et
119 693 269 774 loquebar
279 694 317 753 ds
340 692 522 752 testimoniis
547 693 635 752 tuis
628 713 658 754 ιιι
682 699 849 775 conspectu
870 711 977 772 regum

42 786 84 835 et
96 797 162 838 non
176 775 400 852 contundebar,
424 781 455 834 et
469 774 623 840 Psalm‘t
626 796 733 857 ,quos
747 777 847 873 arguit
857 774 977 836 diceus:

43 859 94 920 Et
120 880 202 921 nunc
236 877 325 940 reges
356 857 533 938 intelligite,
567 822 729 920 erudimini
764 860 814 939 qui
835 858 977 920 iudicatis

43 951 180 1005 terram.
223 941 377 1021 Exempla
410 947 479 1000 sunt
515 959 623 1003 omnes
645 943 831 1024 prophetae,
865 941 978 1022 quide

42 1027 152 1108 vulgo
173 1027 321 1106 assumpti
342 1043 447 1103 reges,
478 1024 676 1106 sacerdotes,
698 1025 863 1107 prophetas
885 1025 983 1106 potis·¹

43 1111 168 1170 simum
205 1108 383 1190 arguebant.
439 1106 576 1168 Christus
619 1111 648 1169 in
683 1109 854 1189 Evangelio
899 1124 978 1187 quos

44 1193 181 1273 carpit?
202 1193 282 1253 Num
296 1189 444 1270 vulgum?
465 1190 575 1250 Nonne
590 1202 749 1272 magnates
763 1191 869 1253 solos?
891 1189 978 1267 Quas

44 1284 101 1336 est
126 1295 204 1356 ergo
226 1275 371 1356 pestilens
402 1273 537 1335 adulatio
559 1275 694 1352 Latomi,
726 1295 805 1355 quas
827 1274 907 1335 haec
925 1293 977 1334 ex·

44 1359 161 1439 empta
183 1359 272 1420 nobis
294 1356 458 1419 obscurare
481 1359 599 1437 nititur,
637 1367 667 1420 et
701 1377 739 1420 ea
774 1377 808 1419 ss
834 1359 978 1438 ignorare

46 1443 212 1523 mentitur,
234 1459 314 1522 quas
336 1441 421 1520 pueri
444 1439 565 1502 sciunt?

139 1526 183 1585 At
205 1525 341 1587 Christus
363 1523 532 1599 eratDeus,
555 1544 671 1600 verum,
693 1522 748 1584 ssd
766 1522 974 1598 exinanitus²)

47 1615 102 1668 est
134 1609 235 1669 forms
265 1607 345 1666 servi
378 1614 522 1686 accepta,
555 1625 618 1669 non
646 1605 796 1688 arguebat
827 1613 860 1666 ut
881 1606 976 1686 Deus,

46 1689 201 1752 omuibus
224 1689 486 1770 praedicatoribus
507 1691 680 1771 exemplum
698 1691 805 1766 iactus,
828 1693 862 1750 ut
883 1688 976 1770 vulgo

47 1785 236 1854 parcerent,
270 1771 458 1869 principibus
488 1791 549 1833 non
577 1781 755 1854 parcerent,
787 1772 870 1852 quod
892 1772 975 1852 vulgi

48 1857 219 1917 calamitas
242 1876 259 1916 e
282 1856 454 1936 principum
477 1857 611 1936 pendeat
633 1857 732 1938 culpa.
775 1856 825 1916 An
847 1854 917 1916 ideo
940 1856 977 1915 si·

48 1940 193 2019 lendum,
215 1939 322 2018 quod
315 1958 357 1998 ire
371 1938 426 1999 Dei
444 1939 514 1999 maii
526 1940 671 2020 praesint,
693 1945 726 1999 ut
741 1939 887 2000 Latcmus
905 1937 978 1999 adu-

48 2023 158 2084 latur?
180 2025 231 2103 qui
255 2022 377 2083 Christo
401 2021 603 2099 adversarius,
620 2023 812 2104 parcendum
835 2022 974 2118 principi,

50 2106 153 2186 vulgo
176 2125 237 2166 non
261 2105 448 2200 parcendum
473 2114 592 2177 censet,
616 2106 758 2166 videlicet
780 2105 913 2185 optimus
930 2123 975 2164 re·

48 2209 122 2249 rum
147 2190 335 2264 aestimator,
358 2189 408 2264 qui
432 2189 506 2250 vitia
528 2208 590 2250 non
613 2189 736 2264 meritis,
760 2188 813 2248 sed
836 2189 976 2268 personis

49 2273 191 2370 metitur,
212 2278 244 2332 et
264 2271 338 2330 vitia
360 2263 530 2352 principum
552 2271 635 2351 vulgi
657 2235 778 2352 ιιιιιριιιιι
802 2271 884 2331 facit.
906 2269 975 2331 Non

49 2357 138 2416 enim
161 2355 244 2433 vitia,
266 2355 338 2433 quia
360 2354 450 2432 vitia,
472 2353 526 2414 ssd
549 2355 620 2434 quia
642 2357 672 2415 ιιι
695 2354 815 2435 maguis
837 2355 977 2434 personis

50 2438 105 2499 vei
128 2439 232 2519 parvis
254 2445 334 2513 sunt,
358 2435 515 2516 arguenda
537 2438 586 2497 vel
608 2437 739 2498 tacenda
761 2436 862 2498 docet.

142 2519 221 2597 Quid
244 2521 293 2581 isti
314 2519 419 2580 hostes
443 2521 541 2580 crucis
566 2521 687 2600 vetunt,
709 2521 765 2579 nisi
790 2527 821 2579 ιιι
843 2520 975 2578 otiosum
1066 2557 1072 2572 .

52 2605 97 2665 sit
117 2603 297 2664 scandalum
320 2603 441 2664 crucis?
464 2605 595 2663 scientes
619 2604 742 2683 vulgum
760 2604 826 2663 sine
839 2601 976 2698 pericuip

53 2690 157 2784 argui,
181 2687 333 2768 principes
357 2705 429 2747 vero
447 2705 512 2780 non
533 2687 599 2748 sius
611 2691 774 2767 praesente
787 2686 868 2746 mato
882 2685 976 2764 tangi.

54 2770 127 2830 At
118 2753 141 2830 ιι
158 2779 229 2830 suut
241 2771 429 2844 mercenarii,
453 2765 545 2830 can'es
565 2771 650 2845 muti,
672 2770 845 2828 nescientes
857 2768 977 2843 latrare,

54 2853 110 2932 qui
133 2853 238 2912 rident
260 2851 362 2949 iupum
384 2854 577 2930 venientem,
606 2858 636 2912 et
657 2852 792 2931 fugiunt,
828 2859 880 2910 aut
904 2849 976 2930 lupo

54 2955 128 2996 sese
150 2937 270 2996 sociant
290 2936 401 3014 potius.
444 2935 514 2997 Non
536 2898 579 2996 ita'
593 2934 741 3012 Obristus,
763 2934 849 2994 cuius
862 2951 978 2994 cornua

50 3020 186 3084 haerent
207 3018 237 3077 in
261 3017 420 3097 vepribus,
453 3018 620 3079 descensus
650 3019 715 3078 eius
738 3017 836 3097 tangit
857 3023 977 3076 montes

58 3108 91 3163 et
111 3102 271 3181 fumigant,
295 3101 485 3180 gurgustium
509 3103 573 3162 eius
596 3107 689 3182 caput
704 3100 872 3160 Bebsmnth
896 3117 977 3158 com-

59 3185 237 3266 prehendit,
261 3185 311 3262 qui
333 3185 426 3243 intret
446 3185 476 3244 in
500 3205 608 3268 gyrum
632 3184 767 3244 dentium
791 3185 855 3242 aius
876 3182 976 3241 sormi-

60 3267 210 3343 dabiiem,
243 3267 294 3345 qui
316 3265 450 3346 perforat
472 3257 606 3340 armilla,
643 3267 798 3328 maxiltam
833 3265 914 3342 ιιιιιι,
947 3271 978 3324 et

60 3369 128 3411 cum
160 3350 311 3411 samsone
345 3350 457 3409 occidit
491 3350 605 3412 lennes
651 3350 802 3426 Breviter,
836 3349 977 3407 universa

62 3434 217 3514 Scriptura
254 3438 398 3512 testetur,
430 3433 512 3512 quod
548 3453 609 3495 vox
648 3433 772 3495 Domini
804 3430 978 3512 confringat

61 3596 164 3604 ..ι-,-

133 3682 160 3752 1)
181 3681 210 3740 ln
230 3680 295 3737 edit.
313 3684 413 3756 princ:
435 3681 494 3740 118.
532 3681 564 3756 2)
584 3680 615 3737 In
634 3670 682 3742 eds
694 3679 767 3740 icc:
786 3679 919 3740 inanitus,
