2262 4006
340 207 481 265 Ambrosii
501 195 609 266 Gathar.
630 225 654 264 a.
674 207 751 306 lli2l.
799 254 802 258 .
926 207 988 277 345

58 365 204 444 osqulda
224 363 392 442 hominum,
421 366 453 426 in
488 365 600 427 astutia
621 366 661 426 ad
696 367 987 428 circumventionem

58 449 188 510 erroris.
232 449 406 528 Nequitiam
429 449 583 510 hominnm
607 469 718 529 graece
740 454 876 531 κυβείαν
888 458 988 530 vocnt,

59 532 230 612 q'uodes't,
252 551 289 592 ac
310 533 335 591 si
358 531 458 609 dicas,
482 539 617 593 tesserae
638 535 834 594 iactationem
858 541 889 594 et
909 539 988 595 astu·
1033 568 1037 574 ·

58 617 149 695 tiam,
174 617 383 699 πανουργίαν
404 615 492 690 dicit,
531 625 678 694 quaeest
712 617 813 679 illusio
836 619 988 696 quaedam
1039 617 1044 623 '

58 699 151 760 velut
180 699 409 776 circulatorum,
442 698 512 759 dum
540 697 631 758 rebus
663 699 785 760 ludicris
808 720 914 762 sensns
937 701 989 762 inl·

58 782 178 843 luntur.
221 783 265 843 lta
295 782 378 860 impii
409 783 546 861 magistri
568 781 668 842 verbis
690 783 826 863 Deipro
849 802 904 845 sue
924 784 989 845 libi·

59 865 135 926 dine
166 865 251 926 velut
273 865 395 924 tesseris
425 865 544 926 iactatis
574 861 748 925 et'lndicris
771 868 832 926 suis
856 887 988 929 ceremo-

58 949 121 1008 niis
148 968 207 1009 nos
229 948 346 1022 fallunt,
360 954 390 1007 et
412 947 568 1009 instabiles
590 947 704 1008 iaciunt
717 950 989 1012 circumvenientes

61 1031 226 1092 insidiosis
254 1031 300 1091 lris
332 1029 446 1091 ortibus
476 1051 533 1091 nos
563 1031 600 1091 ad
632 1031 895 1113 decipienduml)
940 1033 991 1096 Sic

59 1115 146 1174 enim
173 1133 285 1198 graece
306 1121 396 1174 sonat
412 1112 496 1199 πρὸς
512 1112 570 1195 τὴν
587 1113 991 1200 praedecessorumve,
1102 1155 1106 1160 v

59 1197 89 1258 id
115 1205 177 1274 est,
200 1198 237 1258 ad
252 1196 400 1257 insidiose
411 1196 663 1276 aggrediendum,
686 1203 719 1257 ut
740 1198 909 1279 decipient,
930 1201 992 1260 hoc

60 1281 146 1342 enim
172 1281 233 1341 line
255 1287 379 1340 utuntur
401 1284 516 1361 κυβεία
534 1283 590 1344 acri
600 1286 801 1366 morocoria,
814 1281 845 1344 id
861 1289 917 1361 est,
927 1303 990 1343 ver-

60 1364 110 1424 bis
135 1371 169 1425 et
191 1364 372 1424 ceremoniis
393 1363 562 1424 fallacibus.

151 1447 204 1509 sic
226 1452 255 1507 et
279 1446 344 1507 Ool.
369 1448 405 1509 2:
427 1447 548 1520 Videte,
570 1465 609 1507 ne
632 1449 699 1526 quis
721 1467 776 1508 vos
790 1448 923 1528 decipiat
938 1451 992 1528 per

61 1529 294 1609 philosophiam
318 1535 349 1590 et
369 1531 491 1590 inanem
514 1531 684 1606 fallaciam,
708 1531 875 1591 secundum
904 1532 993 1592 tradi·

64 1614 184 1673 tionem
208 1613 376 1692 hominum,
400 1613 567 1674 secundum
592 1615 744 1674 elementa
769 1614 857 1674 huius
887 1614 992 1674 mundi

64 1703 95 1756 et
117 1715 183 1756 non
215 1696 380 1756 secondum
405 1694 569 1759 Christum.
613 1697 653 1757 Et
679 1697 756 1757 inira
787 1697 871 1758 velut
896 1697 991 1776 digito

64 1778 216 1856 hidoth2)
241 1778 494 1859 significationem
524 1785 697 1840 monstrans
720 1779 801 1852 dicit,
824 1781 991 1841 secondum

64 1870 236 1942 praeceptas
259 1869 289 1922 et
312 1862 465 1922 doctrinas
487 1862 655 1940 hominum,
678 1881 757 1942 qnae
778 1871 848 1923 sunt
868 1864 989 1944 quidem

65 1946 218 2005 rationem
257 1945 401 2005 habentia
440 1946 626 2024 sapientiae,
656 1947 686 2006 iu
715 1948 937 2025 superstitione
962 1955 993 2007 ei

66 2028 239 2090 humilitate
273 2034 303 2087 et
332 2027 370 2088 ed
404 2047 463 2088 non
487 2028 672 2107 parcendum
705 2032 842 2109 corpori,
876 2049 938 2090 nou
960 2033 990 2090 in

66 2111 190 2172 honore
216 2111 320 2190 aliquo
349 2111 387 2171 ad
411 2113 599 2172 saturitatem
622 2113 731 2174 carnis.
776 2113 858 2173 Ecce
885 2113 990 2174 hidoth

68 2195 220 2254 rationem
243 2194 421 2273 sapientiae,
444 2192 497 2254 sed
530 2197 777 2274 superstitionem
805 2197 912 2256 revera
940 2196 991 2255 ha·

67 2276 153 2338 bent.
197 2277 235 2337 llil
257 2276 363 2337 Petrus
385 2279 413 2340 2.
436 2277 514 2338 Petr.
539 2279 582 2340 il:
612 2277 744 2338 Venient
765 2279 794 2338 in
818 2279 991 2339 novissimis

70 2359 180 2420 diebus
207 2360 237 2420 in
261 2359 443 2439 deceptione
464 2359 619 2440 illusores,
650 2363 736 2421 iuxta
760 2362 899 2442 proprias
922 2381 992 2422 con-

69 2444 276 2522 cupiscentias
305 2441 496 2503 ambulant-es
518 2449 575 2504 etc.
618 2443 729 2504 Nonne
752 2451 782 2504 et
803 2443 853 2504 hic
880 2451 992 2504 utrum·

70 2543 130 2604 que
152 2526 254 2605 ponit,
288 2523 499 2606 deceptionem
523 2531 553 2586 et
574 2525 762 2602 illusionem,
784 2527 865 2606 quod
891 2526 989 2588 verbis

69 2607 225 2689 decipiunt
254 2613 285 2668 et
307 2609 410 2688 specie
431 2607 575 2680 illudunt,
597 2610 724 2670 alterum
752 2608 927 2678 doctrinae,
951 2609 990 2670 ol·

69 2699 167 2752 terum
192 2689 334 2772 operibus
368 2691 533 2772 deputans,
566 2693 643 2752 sicut
670 2701 701 2753 et
722 2693 833 2753 Paulus
855 2696 992 2773 κυβείαν
1110 2681 1112 2688 ’

70 2773 227 2835 doctrinae
251 2781 280 2835 et
301 2777 509 2860 πανουργίαν
532 2774 674 2855 operibus
698 2774 795 2853 dedit,
824 2775 904 2836 idem
929 2795 991 2836 om-

70 2857 143 2919 nino
165 2857 273 2918 rolens
295 2877 349 2937 per
370 2857 543 2919 illusionem
567 2857 767 2940 deceptionis,
783 2858 865 2938 quod
882 2859 991 2920 Daniel

71 2960 125 3019 per
145 2941 374 3021 propositiones
397 2959 450 3000 seu
473 2939 627 3022 hidoth.²)

152 3021 186 3084 ld
208 3042 330 3103 qnoque
353 3022 588 3098 observandum,
610 3024 692 3103 quod
715 3023 776 3084 hoc
786 3024 990 3105 participium,
1050 3079 1054 3088 .

71 3106 254 3184 intelligens,
276 3106 314 3167 ad
339 3106 479 3167 affectum
504 3113 534 3167 et
562 3107 694 3168 studium
723 3109 862 3187 pertinet.
912 3106 990 3168 Nom

72 3189 181 3249 Daniel
205 3191 254 3252 ii.
278 3187 315 3248 ds
337 3187 445 3249 eodem
469 3195 607 3251 monstro
630 3191 774 3269 loquens,
797 3197 830 3250 ut
851 3190 989 3270 superius
1036 3235 1039 3242 .

73 3271 245 3348 retulimus,
278 3272 323 3332 sic
345 3271 431 3332 dicit:
464 3272 502 3332 Et
531 3273 569 3333 ad
592 3273 690 3333 Deum
712 3280 831 3354 patrum
866 3292 988 3333 suorum

127 3573 155 3632 lt
176 3571 207 3641 In
227 3571 269 3626 sd.
287 3571 366 3626 dem:
388 3578 418 3625 ut
436 3589 488 3628 nos
508 3571 653 3642 decipiant

123 3643 152 3710 2)
171 3643 201 3696 lu
222 3643 263 3702 ed.
287 3645 371 3716 orig.:
394 3639 493 3728 trivit·
