2258 4002
314 151 345 209 o.
364 151 398 208 st
419 151 498 207 lauth.
518 151 704 207 Praeiudium.
915 147 977 216 109

63 307 105 367 rel
134 306 228 367 laicus
251 306 378 388 quilibet
409 307 537 388 laceret,
572 307 770 369 ministerium
800 305 883 366 verbi
904 306 977 366 lacit

64 389 245 451 sacerdotem
269 397 300 451 et
321 393 509 471 episcopum.

133 472 241 554 Fugite
257 492 330 554 ergo
354 492 422 534 meo
447 474 587 553 consilio,
610 474 785 554 quicunque
798 478 863 532 tato
876 473 978 533 rivere

59 550 149 638 vultis,
171 558 269 636 t‘ngite
290 560 427 636 iuvenes,
450 577 508 618 nec
530 558 595 617 istis
609 557 704 616 sacris
726 556 895 633 initiamini,
918 556 978 616 uisi

60 646 105 698 ant
125 641 339 720 evangelisare
361 641 527 719 volueritis,
550 646 603 700 aut
624 641 682 699 nisi
706 657 761 699 vos
784 638 844 698 boc
861 638 976 698 ordinis

59 732 246 784 sacramento
270 723 364 784 nihilo
386 723 472 783 laicis
495 723 636 783 meliores
658 722 755 782 factos
778 723 901 781 credere
924 741 977 802 po·

59 807 143 865 testis.
189 805 261 866 Non
282 809 361 866 enim
384 806 476 866 horas
499 807 602 886 legere
624 805 737 884 aliquid
760 811 815 864 est.
858 805 978 865 Deinde

59 890 174 947 missam
186 888 297 950 offerre
310 897 534 950 sacramentum
547 891 705 969 percipere
717 895 771 948 est.
802 885 881 962 Quid
904 907 977 969 ergo

59 973 85 1030 in
105 972 194 1031 vobis
217 980 329 1050 manet,
353 972 439 1051 qnod
461 992 523 1052 pon
546 976 578 1032 in
601 973 709 1052 quovis
732 971 812 1033 laico
836 971 980 1032 maneat?

56 1054 169 1114 Rasura
192 1061 224 1116 et
238 1055 354 1116 vestis?
376 1055 519 1116 Miserum
534 1054 736 1137 sacerdotem,
761 1056 811 1134 qui
828 1073 934 1115 rasura
949 1061 980 1114 et

58 1143 282 1198 resteconstat.
314 1139 362 1197 An
384 1140 484 1200 oleum
504 1139 605 1220 digitis
624 1139 731 1198 vestris
751 1136 904 1197 inlusum?
938 1139 979 1198 At

11 1263 12 1300 3
57 1220 979 1302 christianusquilibetnleosanctiSpiritusnnctusetsancti·

55 1302 156 1362 ficatus
169 1311 217 1364 est
230 1323 360 1385 corpore
374 1306 527 1385 stenima,
550 1314 581 1365 et
593 1305 665 1365 olim
679 1313 903 1366 sacramentnm
919 1323 980 1366 ma·

11 1391 12 1400 ’
55 1385 135 1446 nibus
151 1387 315 1466 tractabat,
330 1406 392 1449 non
407 1391 505 1449 minus
518 1407 609 1468 quam
626 1407 708 1448 nunc
718 1387 894 1448 sacerdotes
908 1387 979 1446 faci-

56 1477 111 1546 unt,
124 1469 198 1530 licet
211 1478 316 1531 nostra
328 1473 503 1552 superstitio
517 1472 691 1532 laicisnunc
704 1489 848 1551 magnum
860 1480 979 1530 reatum

11 1603 12 1626 ,
56 1553 176 1630 iniiciat,
203 1556 228 1612 si
251 1554 299 1615 vel
322 1557 448 1615 calicem
473 1555 597 1632 nudum,
622 1563 674 1614 aut
690 1554 852 1634 corporale
874 1556 978 1636 tetige-

54 1637 97 1712 rit,
118 1655 178 1695 nec
201 1637 327 1698 moniali
349 1638 472 1718 quidem
495 1650 622 1698 sanctae
644 1639 751 1716 virgini
766 1639 855 1698 liceat
876 1637 979 1696 lavare

11 1789 12 1804 ,
55 1719 146 1798 pallas
168 1719 276 1780 altaris
298 1729 328 1780 et
349 1720 529 1782 linteamina
550 1740 646 1782 sacra.
699 1720 776 1780 Vide
804 1740 858 1800 per
881 1721 979 1783 Deum

11 1809 12 1858 l
53 1810 281 1863 sacrosanctam
312 1803 426 1864 ordinis
462 1805 551 1865 huius
586 1805 795 1880 sanctitatem,
834 1813 979 1882 quantum

11 1897 12 1906 ¹
52 1885 224 1965 profecerit,
245 1885 377 1946 futurum
401 1906 502 1967 spero,
526 1897 557 1946 ut
580 1905 638 1947 nec
661 1888 756 1946 altare
778 1886 870 1946 liceat
892 1889 978 1946 attin·

53 1987 118 2048 gere
141 1968 241 2047 laicis,
264 1971 322 2029 nisi
344 1969 416 2031 dum
434 1989 575 2031 nummos
599 1969 771 2031 obtulerint.
813 1969 882 2050 Ego
898 1987 977 2050 pene

55 2051 209 2131 dirumpor
237 2056 376 2134 cogitans
406 2053 461 2114 has
484 2054 678 2134 impiissimas
706 2053 862 2114 hominum
887 2062 977 2113 teme·

11 2201 12 2206 η
54 2134 272 2194 ratissimoruur
301 2136 493 2218 tyrannides,
521 2145 583 2196 tarn
611 2136 780 2216 nugacibus
808 2143 839 2196 et
859 2136 978 2216 puerili-

11 2223 12 2280 l
57 2218 104 2276 bus
127 2219 221 2297 nugis
243 2218 413 2280 libertatem
436 2226 467 2280 at
494 2220 623 2301 gloriam
646 2219 836 2280 Christianae
858 2220 976 2300 religio·

11 2355 12 2378 ,
55 2302 96 2360 nis
115 2301 311 2362 illudentium
334 2310 365 2363 et
385 2304 646 2384 pessundantium.

132 2383 214 2444 Esto
237 2387 340 2464 itaque
362 2394 472 2464 certus,
494 2395 525 2446 et
546 2405 615 2447 sese
637 2393 787 2466 agnoscat
803 2375 988 2466 quicunque*

11 2489 12 2534 t
56 2485 84 2526 se
105 2466 315 2529 Christianum
337 2488 406 2530 esse
428 2472 624 2552 cognoverit,
657 2487 763 2529 omnes
784 2488 842 2530 nos
864 2487 976 2548 aequa-

57 2551 116 2610 liter
139 2569 211 2611 esse
234 2551 426 2631 sacerdotes,
459 2553 519 2615 hcc
542 2561 606 2631 est,
627 2552 755 2611 eandem
778 2553 808 2612 in
832 2555 924 2613 verbo
948 2559 978 2611 et

57 2640 248 2705 sacramento
276 2653 460 2716 quocunque
492 2636 605 2697 habere
638 2643 836 2715 potestatem:
874 2655 977 2694 verum

58 2735 111 2776 non
136 2716 231 2777 licere
254 2737 438 2798 quemqnam
466 2720 524 2779 bac
551 2721 618 2800 ipsa
648 2720 707 2798 uti,
745 2719 804 2778 nisi
825 2737 977 2778 consensu

58 2802 296 2876 communitatis,
326 2809 379 2862 aut
410 2805 571 2865 vocatione
601 2803 733 2865 maioris.
784 2799 875 2877 Quod
897 2802 978 2861 enim

58 2885 189 2943 omnium
213 2891 260 2944 est
283 2889 499 2963 communiter,
528 2885 627 2950 nullus
657 2885 849 2964 singulariter
877 2893 979 2963 potest

58 2967 109 3025 sibi
134 2986 295 3048 arrogare,
318 2969 418 3030 donec
439 2979 575 3032 vocetur.
620 2969 666 3028 Ac
693 2986 748 3047 per
776 2968 836 3028 hoc
864 2969 979 3029 ordinis

58 3061 290 3127 sacramentum,
313 3053 515 3133 siquidqnam
538 3061 593 3136 est,
617 3051 769 3111 essenihil
788 3051 868 3112 aliud
888 3069 979 3131 quarn

58 3133 144 3192 ritum
178 3133 330 3213 quendam
375 3138 506 3199 vocandi
542 3135 669 3197 alicuius
714 3136 746 3194 in
780 3137 980 3196 ministerium

59 3216 309 3280 ecclesiasticum.
365 3219 482 3281 Deinde
517 3219 720 3281 sacerdotium
755 3220 879 3299 proprie
911 3235 980 3277 esse

59 3317 118 3358 non
140 3301 198 3360 nisi
211 3301 408 3362 ministerium
423 3303 515 3382 verbi,
538 3300 632 3379 verbi,
655 3301 790 3382 inquam,
814 3319 873 3362 non
891 3301 977 3380 legis,

60 3382 112 3442 sad
146 3385 306 3463 evangelii.
366 3387 547 3447 Diaconiam
577 3403 649 3445 vero
680 3403 749 3444 esse
781 3385 978 3445 ministerium

61 3483 119 3526 non
142 3467 261 3548 legendi
284 3470 436 3550 evangelii
458 3479 510 3531 aut
532 3468 698 3551 epistolae,
732 3476 764 3526 ut
791 3468 884 3528 hodie
905 3485 980 3526 usus

63 3549 166 3631 habet,
193 3551 248 3612 sed
278 3571 353 3632 opes
385 3553 535 3615 ecclesiae
565 3550 762 3612 distribuendi
783 3551 979 3694 pauperibus,

64 3639 95 3694 nt
114 3635 287 3698 sacerdotes
309 3635 449 3698 leventur
469 3655 563 3699 onere
582 3653 680 3696 rerum
704 3641 843 3714 tempora
857 3636 926 3711 um,
949 3638 980 3692 et
