2258 4002
142 167 205 234 180
337 168 463 224 utendo
482 185 557 224 omn.
577 170 652 224 artic.
672 167 706 224 D.
722 170 756 224 ll.
775 168 803 224 L.
823 185 872 240 per

141 322 351 402 purgandum,
386 328 417 383 et
447 341 539 384 nemo
561 325 659 404 possit
687 343 756 384 cum
787 331 915 402 peccato
946 321 1065 384 coelum

142 407 265 484 intrare,
287 405 366 466 sicut
387 406 415 470 2.
438 405 517 467 Petr.
541 409 569 470 3.
592 407 756 486 promittit:
780 405 893 468 Coelos
915 423 1016 467 novos
1038 414 1066 465 et

142 495 253 549 terram
275 506 387 549 novam
410 496 641 568 exspectamus,
663 490 693 548 in
717 488 826 568 quibus
848 490 962 548 iustitia
984 486 1067 547 habi·

141 576 201 632 tat:
237 579 311 652 puto
345 572 419 631 satis
446 571 544 652 proba
571 573 791 651 consequentia
820 571 905 650 duci,
933 573 1067 632 animam

141 654 247 715 fomite
267 652 408 735 impediri
424 654 463 713 ab
483 656 622 734 ingressu
644 654 733 716 coeli.

224 736 279 797 llis
302 736 390 814 adde,
412 737 495 816 quod
519 737 560 797 illi
584 736 719 818 fingunt,
741 746 771 797 et
794 755 853 816 ego
876 757 930 816 per
953 739 1068 816 impos·

142 820 230 880 sibile
250 821 355 901 posui,
377 819 514 880 fomitem
537 839 605 880 esse
628 839 720 900 posse
742 821 808 880 sine
830 829 960 899 peccatu
984 826 1066 878 actu

143 903 183 964 sli
204 921 272 964 cum
296 900 419 963 assidue
450 903 501 963 lex
523 902 727 964 membrorum
751 904 883 982 captivet
905 910 936 962 et
958 919 1067 982 repug-

143 991 196 1046 uet
217 985 276 1066 legi
301 987 426 1065 mentis,
456 995 488 1046 ut
510 986 620 1046 Paulus
647 985 850 1064 conqueritur.
893 985 956 1044 Res
987 985 1068 1044 enim

143 1069 215 1129 viva
235 1076 266 1129 et
289 1068 424 1147 quotidie
448 1088 575 1130 movens
597 1075 645 1128 est
665 1074 835 1149 peccatum,
858 1069 980 1128 sicutet
1002 1068 1069 1148 ipsa

144 1152 256 1229 anima,
277 1153 307 1210 in
330 1167 392 1230 qua
412 1151 536 1214 habitat.
574 1151 651 1212 Nam
680 1159 710 1211 et
737 1151 849 1212 iustitia
876 1169 925 1212 res
954 1153 1004 1210 est
1028 1151 1069 1208 vi·

144 1252 218 1294 vens
240 1240 272 1294 et
293 1252 434 1312 movens,
462 1253 523 1294 non
546 1235 625 1295 enim
649 1236 809 1313 quiescere
831 1240 933 1312 potest
955 1233 1068 1309 anima,

165 1317 215 1377 uin
240 1317 289 1376 vel
310 1325 401 1395 amet,
424 1317 471 1376 vel
494 1317 579 1378 odiat
599 1337 653 1395 es,
676 1335 755 1396 quae
777 1317 833 1376 Dei
855 1325 935 1378 sunt.
980 1315 1069 1376 Unde

143 1335 193 1476 dt,
226 1406 276 1479 ut,
308 1417 377 1459 cum
409 1400 530 1479 ipsimet
552 1400 733 1476 concedant,
765 1399 884 1459 actuale
906 1405 1069 1479 peccatum

146 1483 257 1542 morari
278 1481 316 1542 ab
338 1483 462 1542 introitu
485 1482 574 1560 coeli,
596 1490 746 1563 cogantur
768 1481 957 1560 concedere,
985 1480 1068 1560 quod

144 1572 176 1625 et
197 1564 294 1626 lomes
318 1572 467 1643 moretur,
496 1567 547 1644 qui
571 1568 659 1646 origo
688 1566 879 1626 vivacissime
901 1572 932 1624 et
954 1565 1069 1644 inquie-

146 1648 263 1709 tissima
285 1647 449 1708 actualium
472 1657 669 1728 peccatorum
693 1657 748 1708 est.

226 1730 343 1793 Omitto
364 1731 414 1791 hic
435 1731 545 1808 dicere,
568 1731 650 1810 quod
673 1730 820 1810 originale
841 1735 1016 1810 peccatum,
1040 1738 1070 1790 ut

144 1814 248 1874 omnia
270 1820 413 1894 peccata,
446 1815 489 1874 ita
522 1822 554 1874 et
583 1813 780 1876 incredulitas
808 1821 862 1873 est.
906 1813 947 1872 At
977 1829 1068 1872 nemo

143 1916 277 1976 unquam
300 1898 375 1958 satis
398 1896 505 1978 diligit,
529 1897 634 1976 credit,
656 1902 833 1976 exspectat,
854 1894 1000 1974 quamdiu
1026 1903 1070 1954 est

143 1981 175 2041 iu
206 1997 306 2045 carne.
357 1977 487 2060 Spiritus
520 1981 599 2041 euim
629 1986 787 2060 promptus
814 1984 878 2052 est,
910 1979 964 2038 sed
995 1995 1068 2037 earo

106 2063 112 2072 '
144 2061 280 2142 infirma,
311 2065 402 2124 etiam
430 2064 460 2123 iu
489 2063 655 2142 apostolis,
688 2062 758 2122 ideo
792 2063 890 2122 fomes
922 2077 994 2121 vere
1024 2066 1070 2121 est

143 2145 264 2206 actuale
293 2152 470 2225 peccatum,
500 2146 627 2206 actualis
656 2145 807 2225 privatio,
838 2145 903 2204 sive
933 2143 1068 2204 defectus

144 2229 210 2289 eius
233 2229 286 2306 rei,
309 2247 388 2307 quae
412 2228 521 2290 adesse
544 2227 647 2306 debet,
675 2236 706 2288 et
727 2227 855 2288 actualis
878 2227 991 2306 positio
1016 2243 1068 2285 seu

142 2311 316 2395 praesentia
336 2310 518 2372 infirmitatis
541 2318 571 2372 et
593 2312 721 2372 aliorum
743 2309 924 2388 affectuum,
946 2311 996 2388 qui
1020 2309 1069 2368 de-

144 2411 213 2454 esse
235 2392 362 2475 debent,
393 2403 425 2454 ut
454 2414 524 2455 rere
554 2393 663 2454 dixerit
684 2394 715 2456 S.
736 2393 882 2470 Iacobus,
913 2411 969 2452 nos
999 2411 1068 2452 esse

142 2477 261 2537 initium
283 2485 439 2538 creaturae
462 2478 529 2557 Dei,
552 2476 687 2537 nondum
712 2476 980 2556 complementum,
1002 2494 1066 2555 par·

146 2561 198 2620 tim
220 2560 308 2640 iusti,
332 2563 441 2640 partim
465 2568 660 2641 peccatores,
691 2560 841 2621 hoevuuo
870 2558 947 2623 salvi
977 2565 1007 2617 et
1030 2557 1066 2619 ab

144 2644 245 2724 impiis
267 2642 400 2721 discreti,
423 2643 504 2723 quod
527 2650 688 2724 peccatum
711 2643 923 2722 agnoscimus,
945 2640 1067 2702 conlite-

145 2745 212 2786 mur
230 2733 260 2786 et
282 2745 505 2806 expugnamus,
528 2728 576 2787 cui
597 2726 641 2787 illi
663 2727 765 2806 potius
789 2725 941 2787 obediant.

523 2928 704 3007 Quartus:

205 3085 386 3165 lmperfecta
408 3087 518 3146 caritas
541 3087 676 3147 morituri
700 3085 872 3146 secumfert
895 3087 1062 3148 necessario
1120 3071 1121 3090 ³

207 3187 352 3247 magnum
382 3171 537 3246 timorem,
564 3171 616 3248 qui
646 3187 679 3229 se
701 3169 768 3230 solo
792 3170 866 3228 satis
894 3178 941 3228 est
969 3170 1062 3230 facere

206 3268 339 3331 poenum
360 3253 529 3332 purgatorii
550 3260 581 3312 et
603 3251 728 3330 impedit
749 3253 903 3312 introitum
928 3253 1023 3332 regni.

228 3390 305 3450 (lum
328 3390 367 3451 de
393 3392 429 3450 iis
452 3389 543 3450 rebus
566 3395 597 3451 et
619 3391 658 3450 de
679 3391 820 3452 universo
851 3399 932 3452 stetu
956 3394 1061 3453 anima·

145 3489 211 3530 rum
234 3478 407 3532 sanctarum
437 3481 509 3552 post
529 3480 657 3533 mortem
681 3474 753 3554 nihil
776 3473 888 3535 habeat
910 3474 1060 3555 Scriptura
1120 3505 1121 3516 κ

146 3558 263 3629 sancte,
285 3555 363 3614 siout
385 3573 443 3614 nec
466 3553 503 3614 de
525 3557 713 3635 purgatorio,
735 3556 808 3616 nilril
824 3574 950 3636 possum
975 3556 1059 3618 addu-
1120 3579 1121 3588 ¹

146 3649 216 3692 uere
236 3652 293 3711 pro
314 3637 374 3696 isto
401 3635 549 3713 articulo,
572 3654 660 3715 quem
683 3655 783 3716 neque
811 3641 938 3703 asserui.
977 3639 1058 3702 Nunc
