2250 4008
303 189 428 244 Retieuis
451 189 628 244 belomlsnse
647 192 697 244 eie.
898 183 963 250 455

51 347 127 410 mile
160 345 209 406 irie
239 343 351 425 aliquid
387 350 504 426 potest,
538 350 572 410 nt
605 343 715 406 saitem·
737 350 766 405 et
788 342 864 404 silus
887 355 964 404 unns

52 433 136 493 loeas
157 427 372 510 infloripiurls
394 427 627 510 produceretur,
659 447 720 508 quo
743 433 904 509 peooatunr
927 427 964 486 si·

52 514 161 575 militer
182 529 248 572 sam
270 529 403 592 poenam
425 511 598 595 signiiio'st,
620 512 738 574 etiamsi
760 510 842 571 huno
863 510 964 571 ioonm

52 615 111 657 noo
135 605 260 675 ungeret
283 595 321 654 ds
342 595 432 656 simili
454 604 584 675 peeeaio
597 595 735 674 intelligi.
765 594 841 654 Cum
862 601 964 654 antem

51 682 98 740 hia
121 678 214 740 nardo
238 679 331 739 totius
353 678 448 739 ierme
469 680 657 758 quaestionis
682 686 827 758 versetur,
850 682 881 738 et
902 677 965 736 nni·

50 781 169 824 versum
189 761 287 822 ohaoa
308 762 507 823 latominuae
529 761 610 823 oliae
640 762 670 821 in
694 762 813 842 peoesti
836 762 901 820 istis
923 759 964 820 iu·

51 846 151 906 dihriis
174 852 206 905 et
228 845 534 923 aequivocationibus
556 844 728 926 superbiat,
751 844 842 905 nohis
863 847 965 904 autent

48 929 77 989 iu
98 927 253 1010 egendum
276 931 330 1006 sit,
367 935 401 989 ut
429 931 589 990 veritatem
617 929 662 989 sia
684 947 872 1004 asseramus,
903 943 965 1006 quo

49 1011 239 1072 adversarius
253 1017 323 1072 'non
346 1012 458 1074 habeat
480 1013 677 1073 oeensionem
699 1011 886 1087 illudendam
916 1009 966 1071 he·

50 1096 98 1156 iret
127 1101 230 1168 autem
258 1113 344 1172 eam,
378 1097 402 1155 si
433 1104 595 1176 pennatum
631 1113 694 1158 non
721 1113 885 1174 possumus
912 1109 968 1174 per

50 1177 220 1262 Soripinrss
242 1179 302 1238 isto
324 1177 417 1240 modo
440 1178 688 1258 distinguendum
711 1185 741 1238 et
763 1179 967 1257 aequisonan-

10 1297 11 1304 κ
50 1261 119 1322 dum
141 1259 289 1340 probare,
323 1263 402 1322 sieut
422 1279 652 1341 reversusque
673 1261 716 1323 iiii
738 1279 797 1320 nes
817 1277 875 1321 nos
896 1277 967 1342 pos·

10 1403 11 1408 ,
49 1362 170 1404 sumus:
193 1361 288 1422 quare
309 1344 339 1404 in
362 1345 492 1424 simpiioi
513 1350 545 1405 et
567 1345 720 1406 oonstanii
742 1343 967 1425 significatione

10 1457 12 1492 ι
49 1425 216 1491 sistendum
239 1434 301 1503 est,
335 1447 392 1488 neo
414 1425 652 1508 egrediendum,
684 1428 786 1488 donee
806 1425 968 1488 manifesto
1083 1473 1085 1482 .

49 1511 196 1571 autoritas
218 1529 275 1570 noa
295 1512 379 1570 exire
401 1519 501 1590 oogst.
531 1511 629 1572 Paulo
650 1512 755 1590 itaque
778 1510 870 1571 altius
889 1509 969 1570 haee

49 1592 216 1674 repetenda
239 1601 317 1655 suut.
345 1635 348 1641 ·
946 1611 948 1616 ·

128 1673 167 1736 ln
188 1677 309 1756 primis,
332 1684 491 1756 pennatum
515 1689 581 1737 non
600 1677 717 1754 moitis,
738 1674 794 1736 sad
815 1691 885 1736 uno
900 1676 968 1735 sim·

51 1759 282 1840 plioieslmoque
303 1758 395 1820 modo
429 1759 458 1818 in
478 1758 641 1840 iloripturis
674 1758 789 1839 sosipi,
819 1776 880 1819 non
915 1757 968 1818 du·

10 1875 12 1898 r
52 1843 144 1920 bites,
179 1860 237 1904 nso
267 1843 349 1902 sinas
381 1849 412 1901 te
433 1861 487 1922 per
509 1842 669 1923 sophistas
691 1841 889 1921 multiloquos
910 1841 971 1902 hon

10 1959 11 1994 r
52 1925 102 1986 tihi
138 1926 325 2004 extorqueri.
378 1925 541 1986 Pensatum
575 1944 650 1986 vero
687 1924 769 1986 aliud
801 1925 879 1985 nihil
913 1929 969 2000 est,

52 2025 142 2088 qnam
163 2007 195 2068 iri
218 2007 301 2088 quod
324 2026 385 2072 oon
408 2017 455 2068 est
472 2008 639 2070 seeundum
669 2007 770 2089 legem
792 2007 859 2068 Dei.
903 2006 970 2069 stas

10 2127 11 2162 1
53 2092 130 2152 eninr
156 2092 315 2152 'sententia
342 2091 429 2150 Rom.
453 2093 487 2155 3:
522 2093 579 2152 Per
605 2092 705 2171 legem
736 2091 872 2175 eognitio
900 2108 969 2171 peo-

54 2175 120 2252 esti,
143 2176 223 2237 siout
245 2193 263 2234 e
284 2180 408 2249 eontra,
429 2193 484 2254 per
504 2182 665 2256 paeonium
687 2175 863 2255 ignorantie
883 2173 971 2254 legis,

55 2260 212 2338 pennatum
236 2257 315 2317 enirn
337 2257 464 2320 tenebre
486 2265 550 2334 esi,
582 2276 674 2338 quam
695 2257 747 2317 lex
768 2256 920 2317 illuminat
942 2263 971 2316 ei

10 2387 11 2398 ,
54 2339 184 2417 revelat,
217 2347 251 2400 ut
280 2348 496 2420 cognoseatur.
541 2340 605 2425 lem
642 2359 716 2399 vero
744 2340 805 2399 hoo
843 2339 973 2400 lihsnier

56 2424 217 2485 asserimus
254 2429 286 2484 et
312 2422 499 2504 gaudemus,
533 2423 705 2503 Soripturas
726 2422 971 2502 frequentissime

57 2508 96 2567 uti
117 2507 223 2587 figuris
245 2507 462 2586 grommsiiois,
484 2506 696 2587 spuendoohs,
720 2504 889 2586 metalepsi,
910 2520 972 2566 ms·

57 2589 195 2670 tophum,
215 2589 400 2670 hyperbole,
423 2591 484 2651 imo
507 2591 537 2650 in
559 2588 642 2650 nulls
664 2589 814 2668 scripture
834 2589 972 2668 nequen-

58 2674 148 2734 horss
169 2672 296 2753 figurae.
340 2671 391 2733 flio
413 2689 481 2733 eum
504 2671 623 2733 sosium
650 2673 681 2731 in
711 2672 852 2732 universa
874 2670 972 2752 errip-

58 2755 277 2835 ims'simplex
299 2763 329 2816 st
357 2757 489 2816 unisona
519 2773 581 2816 vox
610 2756 662 2832 sit,
697 2771 777 2835 quae
809 2768 972 2835 supernam

59 2838 139 2898 iiiam
162 2838 335 2900 msohiuam
360 2837 520 2918 sigoiilosi,
541 2843 644 2900 tamen
663 2836 773 2898 Pssim.
798 2839 846 2902 19.
863 2837 892 2918 ¹)
916 2852 972 2916 pro

61 2921 206 3001 apostolis
227 2940 282 3001 per
298 2921 509 3002 metaphoram
527 2923 657 3002 ponitur.
681 2917 719 2980 ur
741 2926 822 2980 terra
843 2919 974 3000 simplex

61 3019 119 3066 vox
142 3003 215 3084 qnid
237 3004 402 3088 signiiloet,
424 3020 515 3065 nemo
538 3004 655 3083 nessii,
690 3003 899 3083 metaphorice
922 3005 974 3062 im·

62 3087 127 3166 pios
148 3088 228 3148 vitiis
260 3094 291 3146 et
320 3087 406 3148 malis
436 3085 602 3148 mirandos
630 3085 793 3168 signifieat.
837 3083 926 3162 Quod
950 3086 973 3144 si

61 3171 125 3248 qnis
148 3168 330 3247 oontendet‚
359 3171 436 3232 haee
459 3169 532 3230 nihil
555 3171 653 3229 minus
687 3168 782 3228 muita
804 3167 975 3248 signiiloeta

64 3267 144 3333 erse,
170 3251 364 3332 respondeo:
398 3252 429 3313 Si
459 3253 504 3312 sie
533 3253 597 3328 vis,
629 3270 691 3312 non
723 3269 869 3332 repugno.
913 3249 974 3312 Sed

65 3336 215 3415 quodsum
238 3343 322 3395 tuum
346 3335 533 3414 hainoni),
565 3335 647 3414 quod
671 3352 727 3394 nos
749 3333 901 3394 voeabula
922 3331 974 3392 lo·
1087 3399 1091 3410 ¹

76 3509 227 3517 -—..........
235 3511 291 3516 ...κ
304 3510 414 3515 ...ὴν-.-

137 3609 168 3678 1)
190 3611 220 3662 In
240 3607 304 3664 edit.
324 3608 408 3679 erip:
434 3607 476 3662 18.
513 3604 546 3676 2)
566 3605 597 3660 Io
617 3604 680 3663 edit.
698 3604 758 3696 leo.
776 3603 821 3660 hio
840 3603 975 3662 additum:

81 3685 136 3737 eni.
