2258 4002
220 175 329 231 Bnllnm
348 175 435 231 Leon.
456 174 487 230 x.
525 175 646 230 damnet
667 191 694 229 ιι.
714 175 793 232 1520.
918 171 980 238 161

65 330 119 390 boe
140 335 202 406 est,
229 337 261 391 ut
289 330 327 391 sit
352 331 422 410 ipse
449 349 504 410 per
525 348 594 391 sese
615 330 799 405 certissime,
822 327 977 405 fneillimu,

10 471 11 476 ,
65 415 264 492 apertissime,
286 414 332 472 sui
346 415 440 492 ipsius
453 415 611 492 interpres,
635 413 769 474 omnium
783 412 887 472 omnis
908 430 977 492 pro·

64 497 143 572 bens,
157 495 296 555 iudicans
309 495 531 572 stilluminsns,
546 499 624 556 sieut
633 497 779 576 seriptum
794 503 850 574 est,
867 494 979 557 Psnlm.

65 580 132 642 119:
156 578 331 640 Deelsrutio
348 599 402 640 seu
425 578 617 654 (utElbraeus
632 579 755 659 proprie
767 577 875 651 hebet)
894 597 983 657 eper-

62 668 119 720 tum
142 679 197 721 seu
219 663 330 724 ostium
352 663 515 723 verborum
537 669 658 723 tuorum
673 661 832 738 illuminet,
853 670 882 721 et
895 661 981 721 intel·

62 746 169 804 lectum
193 744 245 805 dat
259 744 405 825 parvulis.
427 744 580 806 Hieelnre
601 746 723 825 spiritus
747 746 852 806 tribuit
873 744 980 805 illumi·

61 828 225 906 nationem,
247 836 278 889 et
297 828 485 889 intellectum
509 827 687 888 derideret
714 847 770 910 per
800 830 868 889 sole
889 826 984 888 verbs

60 911 122 990 Dei,
144 918 292 990 tauquam
312 931 367 991 per
384 913 495 974 ostium
519 921 549 971 et
561 918 698 991 apertum
722 930 775 972 seu
798 911 980 992 principium

64 992 159 1076 (quod
183 993 305 1072 dieunt)
329 996 468 1074 primum,
492 1015 509 1054 u
531 1012 592 1073 quo
604 995 698 1074 incipi
709 1001 851 1074 oporteat
866 994 981 1073 ingres·

62 1095 160 1136 surum
185 1077 226 1137 ad
249 1076 350 1138 lueem
373 1085 404 1138 et
424 1078 622 1155 intellectum.

137 1159 263 1221 lterum:
286 1161 465 1241 prineipium
488 1179 542 1221 seu
565 1167 658 1240 eaput
679 1159 839 1220 verborum
861 1166 981 1220 tuorum

10 1297 11 1306 ,
63 1243 180 1304 veritas.
203 1242 298 1303 Vides
320 1250 350 1303 et
371 1244 420 1304 bie
443 1245 602 1305 veritatem
616 1241 705 1304 tribui
728 1261 789 1303 uon
817 1244 875 1303 nisi
889 1244 983 1324 cupiti

62 1325 221 1386 verborum
237 1325 304 1404 Dei,
326 1327 386 1387 hoe
407 1335 463 1405 est,
486 1329 511 1388 si
533 1326 626 1386 verbs
647 1326 825 1406 Deiprimo
846 1326 916 1387 loeo
939 1326 982 1385 di·

62 1409 178 1486 dieeris,
200 1416 231 1468 et
252 1410 296 1470 eis
319 1410 402 1470 velut
422 1411 572 1490 prineipio
595 1410 692 1489 primo
716 1428 788 1469 usus
802 1409 903 1486 fueris,
926 1428 981 1489 pro

62 1493 194 1552 omnium
220 1491 382 1558 verborum
404 1493 527 1556 iudicio.
569 1492 609 1552 Et
622 1492 694 1571 quid
711 1491 783 1552 iacit
804 1495 980 1553 octonarius

10 1593 20 1652 '.
62 1574 108 1634 ille
129 1582 231 1650 totus,
246 1594 337 1655 quem
353 1583 385 1636 ut
398 1576 598 1656 perversitate
613 1575 708 1636 nostri
722 1575 813 1635 studii
837 1575 981 1635 damnate

10 1805 11 1808 Ἴ
63 1741 159 1801 verbis
176 1740 233 1801 Dei
244 1741 426 1805 studendum
440 1761 519 1820 esse,
533 1742 672 1823 spiritum
686 1750 789 1802 autem
803 1761 860 1802 sue
870 1748 982 1822 sponte
1075 1743 1076 1752 ’

63 1675 113 1717 nos
135 1665 265 1718 revoeet
286 1659 324 1718 ud
346 1658 473 1738 fontem,
496 1667 528 1719 et
550 1658 662 1719 donent
684 1659 813 1738 primum
832 1666 862 1719 et
879 1658 978 1718 solum

63 1830 129 1884 veut
153 1843 219 1884 rum
242 1831 274 1884 et
293 1833 431 1886 nostrum
455 1826 591 1906 spiritum
615 1825 827 1904 expulsurum,
856 1833 889 1884 ut
916 1826 982 1886 sine

63 1908 141 1987 perie
165 1906 195 1967 lo
218 1906 470 1987 theologisemus.
491 1906 560 1969 Hoc
585 1926 660 1968 sune
682 1926 786 1968 verum
802 1914 858 1986 est,
880 1927 983 1988 super·

64 1991 104 2050 bis
126 1995 160 2050 st
181 1991 281 2071 impiis
304 1989 491 2072 scripturum
504 1998 641 2052 senetsm
665 2009 787 2070 semper
800 2009 869 2051 esse
887 1992 981 2053 mulo·

10 2119 12 2138 .
63 2074 99 2132 ris
120 2074 280 2134 easeitetis
303 2076 510 2156 secesionem,
533 2073 588 2136 sed
606 2092 685 2154 quse
698 2075 855 2134 hominum
868 2075 983 2154 seripts

64 2155 199 2236 superbis
222 2157 313 2217 etism
336 2176 397 2218 uon
421 2164 492 2219 suut
514 2158 638 2218 ostensio
667 2157 816 2217 maiorum
847 2156 983 2217 tenebun-

64 2238 147 2299 rum?
171 2247 224 2300 unt
247 2259 396 2320 quaeres
418 2240 585 2321 quamlibet
607 2242 723 2321 optimu
736 2239 872 2320 superbit
886 2243 982 2301 etim-

10 2337 12 2372 1
64 2321 179 2383 mundis
201 2340 264 2384 non
288 2325 511 2404 coopereturin
525 2323 659 2384 mnium?
683 2323 747 2384 Hos
761 2324 868 2385 fieriin
881 2323 980 2404 Serip-

65 2407 131 2465 turis
156 2406 328 2467 haereticos
351 2408 422 2468 nibil
452 2408 569 2484 mirum,
593 2407 846 2469 verumeosdem
868 2408 899 2468 in
929 2409 981 2467 hu·

10 2517 12 2536 ι
67 2491 158 2550 menis
180 2490 300 2569 seriptis
329 2490 398 2570 plus
428 2493 518 2551 etiem
548 2509 639 2570 quum
670 2490 783 2551 bestius
809 2489 874 2550 fieri
908 2490 981 2550 nibil

66 2590 186 2632 novum.

143 2654 211 2716 sint
232 2673 305 2736 ergo
329 2656 567 2718 Christianorum
598 2657 698 2736 primu
726 2657 892 2737 principie,
920 2675 981 2717 uon

10 2751 12 2818 }
69 2739 119 2798 nisi
132 2737 228 2800 verbe
241 2738 353 2818 divine,
376 2742 510 2802 omnium
523 2747 624 2802 sutem
637 2739 794 2800 homiuum
808 2740 902 2802 verbe
913 2757 985 2801 eon·

10 2839 11 2884 ξ
67 2820 214 2882 elusiones
235 2821 306 2882 bine
328 2821 457 2884 eduetae
476 2831 507 2884 et
517 2841 621 2884 rursus
643 2821 716 2884 illue
736 2823 930 2884 reducendae
952 2831 983 2884 et

68 2903 249 2984 probandae,
271 2905 323 2966 illn
345 2908 445 2987 primo
468 2907 603 2968 omnium
617 2905 729 2966 debent
740 2925 810 2966 esse
824 2908 985 2968 notissime

10 3039 12 3056 ,
69 2987 194 3065 cuilibet,
216 3007 278 3049 non
301 2997 402 3049 eutem
424 3008 479 3069 per
500 2990 639 3052 homines
652 2991 757 3069 quaeri
781 2990 908 3072 etdisei,
930 2989 984 3052 sed

10 3121 13 3166 l

10 3167 12 3202 l

10 3059 12 3110 ἶ
69 3069 201 3131 homines
224 3090 278 3151 per
299 3072 368 3153 ipsn
383 3072 527 3136 iudicari.
572 3071 663 3147 Quod
684 3073 906 3148 sinonitsest,
930 3091 983 3134 eur

70 3153 250 3234 Augustinus
273 3165 303 3214 et
326 3158 423 3216 sensti
445 3156 561 3234 Patres,
583 3157 703 3236 quoties
713 3155 764 3216 vel
780 3163 919 3236 pugnent
935 3154 983 3216 vel

70 3235 185 3316 donent,
195 3235 246 3298 ‘nd
256 3255 360 3299 seems
381 3238 484 3300 literne
501 3258 557 3301 eeu
569 3242 667 3320 prima
684 3239 833 3319 principis
849 3240 984 3300 veritatis

10 3329 12 3378 z
71 3324 257 3382 resurruutet
265 3339 321 3382 sue
332 3321 379 3382 vel
390 3322 522 3384 obseura
530 3323 578 3384 vel
592 3320 713 3382 infirme
733 3320 852 3382 illerum
866 3321 935 3381 lues
954 3328 986 3382 et

71 3399 205 3464 firmitate
223 3404 375 3465 illustrent
396 3414 427 3467 et
448 3403 652 3466 confirment?
675 3403 744 3479 Quo
767 3404 912 3484 exemplo
929 3406 984 3466 uti·

73 3503 122 3564 qus
145 3487 271 3566 dorent,
294 3487 388 3549 verbs
410 3487 513 3548 divina
528 3499 601 3550 ‘esse
624 3488 780 3567 apertiore
803 3495 833 3548 et
854 3490 986 3550 certiore
1054 3541 1069 3570 ,

10 3629 12 3652 ᾗ
73 3571 199 3631 omnium
221 3571 388 3647 homiuum,
400 3572 492 3634 etiem
504 3573 566 3634 suis
580 3571 710 3654 propriis
727 3569 837 3650 verbis,
860 3578 893 3632 ut
903 3589 984 3651 quse

75 3670 124 3714 non
147 3673 201 3735 per
221 3655 379 3718 bominum
402 3654 511 3736 verbu,
538 3656 593 3717 sed
622 3654 778 3751 bominum
808 3654 903 3717 verbs
928 3673 984 3734 per

97 3794 181 3836 usum
194 3807 244 3846 opp.
258 3795 285 3838 v.
299 3796 327 3836 u.
341 3796 370 3835 su
384 3795 424 3836 rer.
439 3795 490 3836 urst.
504 3797 519 3839 ι.
533 3807 555 3845 p.
569 3795 618 3838 vot
632 3795 659 3836 v.
884 3765 920 3825 11
999 3835 1000 3838 ,
