2250 4008
328 219 453 277 arnam
471 218 647 278 Latomianae
665 215 716 272 ete.
926 209 989 278 437

60 379 198 455 propter
219 373 297 438 aiioa
319 373 456 436 dieemne
470 375 620 454 panonia.¹
652 373 833 437 Persuasum
856 377 903 433 εει
914 369 989 434 mni-

59 457 104 516 tie
141 475 177 520 ao
208 457 266 520 ioai
291 457 417 520 Paulum
442 476 534 538 agere
570 457 608 518 da
641 455 835 518 eenamoniati
865 455 989 534 iustitia,

59 557 153 618 quaa
174 555 322 602 evacuata
344 547 401 619 eat,
424 561 492 602 oum
505 560 629 621 prorsus
649 540 687 602 de
709 546 775 600 tota
796 538 864 618 iege
886 538 989 617 ioque-

59 629 135 701 tur,
169 633 198 683 et
220 631 378 704 eomparet
399 625 528 684 invieem
556 624 658 704 legem
691 631 722 682 et
748 622 894 702 gratiam,
927 639 990 684 non

58 705 171 785 legem
195 707 345 788 etiegem.
390 708 482 768 Error
494 709 577 768 venit
595 705 675 784 inde,
693 705 775 784 quod
788 703 989 784 Evangeiium

59 789 242 852 doctrinam
269 791 372 871 legum
405 789 594 853 arbitrentur.
641 789 791 865 Breviter,
825 787 886 849 dno
921 794 992 848 eunt

62 873 241 934 ministeria
263 873 516 954 praedicationis,
542 873 679 950 ,aiterum
709 872 830 945 literae,
862 871 989 933 alterurn

60 955 207 1034 spiritua,
230 955 317 1018 litera
340 964 386 1018 eet
406 957 494 1038 legia,
516 958 638 1036 spiritua
661 963 708 1016 eet
729 955 855 1035 gratiae,
878 952 990 1016 illaad

62 1045 176 1116 vetus,
205 1040 262 1100 iste
293 1039 331 1101 ad
362 1059 472 1102 novum
497 1041 637 1120 pertinet.
678 1039 768 1118 Legis
802 1035 924 1100 elaritaa
946 1043 993 1098 εει

64 1121 213 1201 cognitio
236 1125 370 1202 pennati,
403 1125 525 1202 spiritua
556 1123 677 1184 claritas
701 1129 747 1181 εει
769 1121 916 1182 revelatio
937 1139 991 1182 een

63 1222 107 1265 eo
134 1205 212 1266 nitio
234 1208 361 1285 gratiae,
383 1214 530 1286 quaeest
553 1205 638 1270 iidea.
682 1206 777 1285 igitur
797 1204 850 1264 lex
871 1222 933 1264 non
947 1204 991 1264 in-

61 1223 241 1365 stibeebrt,
274 1290 368 1368 quin,
407 1309 476 1350 enm
499 1298 581 1350 esset
603 1287 802 1358 intolerabilia
826 1287 992 1350 infirmitati

62 1370 243 1448 hnmanae,
275 1372 377 1434 velata
400 1381 446 1432 εει
466 1391 564 1452 oeque
586 1371 623 1432 ad
647 1377 839 1453 praesentem
862 1390 930 1432 oum
954 1389 991 1430 eo

63 1454 174 1532 gratia
209 1455 238 1513 in
273 1463 375 1517 monte
408 1456 539 1518 Thabor.
588 1455 687 1517 Nemo
721 1455 800 1516 eninr
834 1454 893 1514 vim
917 1452 993 1534 legis

64 1536 222 1613 sustinet,
253 1540 318 1598 eine
351 1541 448 1619 gratia
476 1547 635 1618 servante,
667 1539 738 1600 ideo
760 1537 864 1598 Mones
892 1535 993 1596 velare

65 1626 202 1680 eoaetua
225 1629 271 1680 εει
292 1621 400 1682 faeiem
424 1641 520 1684 auem.
563 1623 642 1684 Hine
663 1621 767 1682 Iudaei
784 1638 881 1700 usqne
901 1617 994 1680 hodie

65 1721 135 1762 non
160 1702 334 1784 intelligunt
357 1705 465 1784 legem,
488 1706 560 1784 qnia
578 1723 663 1767 enam
684 1703 829 1768 iustitiam
845 1709 995 1782 quaerunt

70 1791 227 1860 statuere,
250 1797 279 1848 et
301 1788 409 1848 nolunt
428 1808 496 1849 earn
519 1787 582 1848 fieri
605 1795 781 1868 peeeatum,
809 1791 842 1846 ut
862 1785 993 1846 institiae

70 1868 132 1928 Dei
155 1869 385 1932 auhiieerentnr.
430 1871 496 1932 Hon
511 1872 590 1932 enirn
614 1871 689 1952 legia
713 1869 835 1931 claritas
857 1867 940 1943 iaoit,
962 1876 994 1928 nt

69 1970 183 2012 ornnes
209 1955 251 2014 rei
275 1953 363 2032 fiant,
387 1956 465 2016 aient
488 1955 575 2018 Rom.
597 1957 615 2020 3
640 1954 727 2016 dieit:
750 1951 909 2014 Gonoiuait
931 1969 993 2012 om-

70 2053 129 2094 nee
152 2034 210 2096 enh
226 2046 397 2116 peceatum.
441 2037 487 2098 Ita
508 2038 558 2098 lex
572 2045 619 2098 εει
631 2039 724 2097 virtue
737 2038 865 2116 peeoati,
889 2053 994 2115 opera·

71 2125 122 2177 tnr
143 2117 221 2178 iram
245 2125 275 2179 et
297 2119 426 2198 oceidit,
449 2121 571 2200 spiritua
594 2127 694 2180 autern
717 2119 860 2182 viriiioat.

161 2198 252 2276 Quod
274 2221 349 2282 ergo
370 2202 512 2267 Ezechiel
537 2203 622 2264 dieit:
655 2203 734 2264 Dedi
762 2202 807 2262 eia
828 2209 992 2281 praeoeptn

72 2301 138 2342 non
162 2282 255 2360 bona,
277 2293 307 2345 et
329 2285 450 2365 iudioia,
472 2288 502 2347 in
526 2286 635 2366 quibua
657 2304 718 2358 nop
740 2286 855 2360 vivent,
877 2283 915 2344 ad
934 2284 996 2343 uni·
1072 2351 1075 2366 ι

72 2384 199 2428 vernam
223 2367 322 2448 legem
344 2372 484 2450 pertinet,
508 2389 568 2432 non
593 2369 632 2430 ad
655 2369 846 2430 aeremoniae
868 2373 996 2440 tantum,

74 2449 159 2510 aient
181 2457 211 2510 et
232 2450 294 2511 hon
317 2453 417 2512 Pauli:
444 2453 513 2514 Non
537 2463 583 2513 εει
606 2449 809 2534 glorifloatum
832 2449 914 2530 quod
937 2448 995 2510 aia·

75 2533 138 2594 ruit
160 2533 190 2592 in
212 2532 272 2594 hae
294 2541 388 2614 parm,
412 2535 449 2596 ad
473 2534 602 2596 eandem
624 2535 795 2597 nniversam
818 2533 917 2614 legem
930 2551 994 2612 per-

76 2615 164 2676 tinet.
208 2614 358 2677 Universa
379 2619 459 2678 enim
482 2618 532 2678 lex
556 2623 672 2694 sanata,
695 2618 816 2678 ineteet
836 2615 920 2676 bone
934 2615 997 2692 tun,

77 2695 237 2760 ntPanlne
259 2698 331 2760 dioit
346 2700 433 2764 Rom.
446 2705 474 2771 7,
499 2701 551 2760 aed
574 2699 663 2762 nobie
684 2698 768 2774 iilud,
790 2697 871 2777 quod
884 2697 998 2760 bouem

78 2787 144 2858 eet,
168 2787 273 2842 nostro
297 2783 369 2843 vitio
393 2803 453 2844 non
476 2789 578 2863 potest
600 2782 713 2844 bonum
738 2799 823 2857 esee,
845 2799 904 2842 nee
926 2781 998 2841 vivi-

78 2861 154 2924 fleat
175 2883 248 2941 noe,
272 2863 326 2926 aad
349 2866 478 2940 oooidit,
500 2885 570 2928 narn
593 2867 710 2945 etipse
732 2865 826 2940 Deua,
849 2883 999 2924 summum

81 2946 216 3026 bonurn,
239 2967 301 3008 non
325 2957 371 3009 εει
392 2945 506 3010 bonum
529 2949 646 3030 impiie,
669 2948 723 3009 aed
746 2966 883 3011 eumnrne
905 2963 1001 3027 pavor

82 3041 114 3090 et
136 3029 306 3107 tribulatio,
331 3032 409 3092 aient
432 3033 502 3094 dioit
525 3032 648 3094 Hoeeae
670 3036 705 3096 5:
729 3031 897 3112 Egoqnnei
919 3030 999 3089 tinea

84 3111 246 3191 Ephraim,
277 3121 307 3175 ει
335 3115 420 3192 quasi
443 3115 612 3194 putredo¹i
639 3115 743 3176 domni
766 3112 855 3190 inda,
889 3119 919 3173 et
941 3130 1000 3190 ego

83 3198 170 3274 quasi
194 3196 305 3258 leaena
326 3197 486 3276 Ephraim,
516 3209 545 3258 ει
574 3200 659 3277 qnasi
688 3197 806 3257 eatuine
831 3197 926 3256 leonia
950 3194 1001 3254 do·

84 3281 146 3338 mni
169 3278 251 3341 inda.

166 3361 258 3424 Error
279 3381 353 3443 ergo
376 3361 648 3441 eetMagiatrorum
672 3368 855 3440 nostrorum,
877 3378 1002 3440 pror-eus

87 3444 159 3505 nihil
190 3446 219 3504 in
249 3445 410 3524 Saripturis
443 3447 620 3516 eaientinm,
659 3465 715 3506 nee
746 3443 817 3524 quid
844 3443 909 3518 lex,
945 3461 1002 3502 nee

88 3528 158 3606 quid
181 3530 289 3607 gratia,
313 3547 370 3590 nee
393 3527 464 3606 quid
486 3529 708 3605 neremoniate,
729 3545 786 3588 nee
808 3525 879 3610 quid
902 3525 1002 3606 legate

220 3643 286 3650 —---·--

144 3695 174 3760 i)
196 3693 287 3754 inad-
307 3695 360 3758 ier
377 3711 384 3752 t
404 3695 507 3756 teredo·
