2258 4002
144 160 208 238 202
336 152 879 242 impetrabantu-

143 325 175 382 et
187 320 334 402 vperdunt,
356 341 424 390 aun
445 324 508 393 sint
526 325 602 393 nibil
623 327 681 396 nisi
703 325 825 398 fraudu
846 327 1053 404 sustentatam

145 405 399 488 sanguisugarum
422 408 527 490 populi
550 409 617 474 Dei.
830 475 835 488 ,
1025 439 1027 444 ·

433 575 614 642 Decimus
643 595 784 640 nonus:
819 637 823 643 ,

203 700 415 782 Indulgentiae
438 703 494 782 lrls,
517 707 567 786 qui
592 705 741 764 veraciter
762 724 814 764 eas
828 711 1055 786 consequuntur,

203 803 263 844 non
287 783 389 852 valant
412 786 450 846 ad
473 787 684 849 remissionem
707 806 828 869 poenae
849 807 906 868 pro
929 790 1055 867 peccatis

203 867 371 929 actualibus
396 867 515 932 debitae
538 869 619 953 apud
642 871 775 931 divinam
798 871 955 932 iustitiam.
983 867 987 876 ’

484 1023 720 1098 Vicesimus:

202 1161 393 1224 Sedueuntur
422 1165 595 1244 credentes,
625 1165 831 1246 indulgentias
862 1183 933 1228 eoae
955 1163 1060 1226 saluta·

202 1264 252 1306 res
274 1253 304 1307 at
326 1245 365 1308 ad
388 1247 517 1309 ductum
541 1250 664 1329 spiritus
686 1248 785 1310 utiles.

393 1413 619 1478 Vicesimus
649 1415 810 1494 primus:

200 1536 411 1622 Indulgentiae
433 1543 626 1604 necessariae
645 1549 717 1604 sunt
740 1542 837 1604 solum
855 1539 987 1624 publicis
1009 1541 1058 1600 cri·

202 1622 332 1684 minibus
355 1631 386 1683 et
397 1627 540 1704 propriae
551 1625 760 1688 conceduntur
774 1625 855 1686 duris
867 1622 1060 1686 solummodo

204 1710 235 1764 at
255 1705 491 1786 impatientibus.

372 1877 591 1944 Vicesimus
620 1877 832 1948 socundus:

201 2001 263 2063 Sex
292 1998 454 2082 generibus
482 2006 638 2068 hominum
667 2006 876 2086 indulgentias
907 2023 968 2066 neo
995 2013 1063 2064 sunl

202 2089 395 2148 necessariae
428 2107 484 2150 nec
515 2091 620 2166 utiles,
659 2090 801 2150 videlicet
835 2089 980 2160 mortuis,
1011 2106 1060 2146 seu

201 2171 366 2246 morituris,
393 2171 536 2250 infirmis,
566 2173 701 2254 legitime
735 2171 905 2252 impoditis,
934 2171 982 2231 his
1012 2171 1058 2249 qul

198 2269 260 2311 non
283 2256 499 2316 commiserunt
522 2258 665 2334 crimina,
686 2255 732 2316 his
754 2255 804 2334 qui
826 2255 955 2314 erimina
976 2271 1060 2313 oom-

200 2335 362 2412 mlseruat,
401 2337 454 2398 sed
492 2357 554 2399 non
589 2337 727 2422 publiea,
766 2338 812 2398 his
846 2339 897 2428 qai
933 2335 1061 2400 meliora

201 2425 376 2498 operantur.

221 2533 283 2596 Has
297 2556 352 2616 pro
377 2537 534 2618 ositiones,
557 2546 589 2600 ut
602 2537 675 2615 dixi,
697 2537 840 2599 revocavi
851 2544 953 2615 antea,
975 2555 1061 2624 roga·

137 2615 229 2694 vique
250 2625 281 2678 et
310 2557 409 2680 adiinc
441 2638 518 2705 rogo
548 2640 670 2698 omnes,
699 2627 762 2688 tum
790 2618 977 2703 bibliopolas
1001 2627 1061 2688 tum

136 2697 285 2780 lectores,
323 2709 354 2762 ut
376 2722 430 2782 ca,
460 2721 539 2782 quae
569 2704 606 2764 de
637 2702 832 2786 indulgentiis
856 2701 1013 2782 disputata
1034 2709 1061 2768 et

138 2782 250 2862 scripta
272 2803 291 2843 a
313 2804 361 2847 me
389 2793 474 2863 sunt,
503 2793 647 2865 exurant,
681 2786 855 2849 nesciebam
879 2786 961 2846 onim
985 2790 1058 2860 turn,

139 2881 208 2923 cum
231 2885 268 2926 ea
289 2867 478 2945 laborarem,
513 2889 625 2952 papam
654 2887 722 2929 esse
751 2868 979 2946 antichristum,
1013 2867 1060 2947 qui

138 2946 184 3006 his
207 2953 238 3008 et
258 2949 403 3016 similibus
431 2952 661 3032 operationibus
689 2951 799 3020 erroris
828 2957 936 3014 satana
964 2951 1060 3030 impe·

126 3035 223 3095 rante
245 3031 348 3094 orbem
371 3035 512 3114 perderet
522 3036 736 3098 Christianum.
774 3033 850 3094 Fixa
871 3041 919 3095 est
940 3038 1059 3092 senten·

137 3113 180 3174 tia
202 3112 304 3175 divina
322 3116 432 3180 Psalm.
445 3116 542 3196 89¹):
565 3117 704 3179 Visitabo
727 3118 758 3192 in
779 3117 866 3199 virga
886 3116 1060 3196 iniquitates

137 3215 264 3276 eorum,
292 3217 353 3278 qua
380 3199 602 3281 indulgentiae,
635 3219 715 3280 quae
742 3200 859 3280 virgam
886 3199 1059 3278 iniquitates

138 3280 310 3342 visitantem
332 3283 510 3362 impiissime
532 3290 731 3364 praesumunt
743 3283 905 3358 remittere,
926 3280 1058 3341 funditus

139 3360 370 3442 subvertuntur,
400 3372 430 3426 et
458 3365 532 3426 nihil
554 3367 611 3426 nisi
632 3367 725 3430 inane
745 3383 858 3426 nomen
881 3383 950 3426 esse
974 3381 1057 3425 mon·

141 3448 283 3507 strantur.

146 3587 562 3602 ——-————-——

195 3650 225 3692 lt
242 3650 274 3703 ln
292 3649 335 3710 od
354 3655 440 3728 crim:
458 3653 501 3713 8&
