2262 4006
315 222 438 280 ιιιιιειιε
458 217 634 280 insulanae
650 227 701 281 etc.
911 213 974 290 403

47 381 160 438 motae
182 389 201 438 a
222 388 328 455 sautu,
361 385 423 438 lum
452 379 525 438 nihil
554 374 591 440 de
620 391 725 440 aarum
753 385 833 440 statu
861 385 974 440 tenan-

47 461 138 521 libna
159 461 340 542 scripturis,
359 481 427 522 oum
450 463 545 523 velint
566 461 669 524 omnia
692 477 792 544 papae
814 469 845 522 et
866 479 921 523 sua
942 463 975 522 in

43 539 219 625 Scripturia
242 546 390 606 contineri
412 544 542 610 abunde.

139 627 198 688 Sed
227 629 377 702 eluamus,
413 642 546 708 quaeso,
578 627 740 708 sophistas
772 641 873 688 morea
901 639 974 688 enoc

42 710 192 790 implere,
215 721 314 790 neque
336 713 417 772 euim
439 725 494 772 ecs
515 719 637 792 praeter
647 711 823 792 hypocrisin
845 717 875 770 et
896 711 973 772 adn·
1066 760 1068 765 .

44 791 202 853 lationem
226 803 257 854 et
278 793 468 854 mendacium
492 794 658 874 quidquam
679 801 763 855 reate
785 794 880 855 (leuat.
921 793 972 853 Vl·
1070 859 1072 874 ,

41 873 182 936 deamus
202 879 369 957 sapientem
393 879 490 936 visum
519 877 575 937 albi
596 891 718 955 senem,
748 878 799 956 qui
827 882 887 937 tres
910 891 972 938 nto·

40 956 108 1018 doe
132 960 326 1040 praescribit:
358 962 489 1040 primus,
512 969 544 1020 ut
566 960 720 1040 Principes
743 968 774 1020 et
796 959 972 1020 Communi·

40 1047 132 1100 tates
152 1042 294 1103 desinant
314 1043 471 1123 postulare
493 1043 618 1117 iniusta,
651 1051 682 1103 et
710 1059 789 1122 quas
817 1043 896 1104 uitro
919 1042 971 1103 ob·
1010 1105 1014 1114 ,

41 1123 115 1184 lata
137 1125 238 1186 iurent
259 1125 438 1205 refutanda,
467 1133 529 1185 tum
560 1127 616 1206 ipsi
639 1125 770 1206 plinium
791 1127 972 1206 incipiamus

40 1218 175 1286 maere,
204 1207 334 1288 quaein
357 1225 438 1290 papa
459 1207 723 1289 reprehendimus,
746 1223 814 1269 cuni
837 1208 973 1270 insolens

39 1291 86 1350 sit
112 1292 219 1351 vitium
240 1293 270 1352 in
294 1291 441 1372 plincipc¹
459 1309 520 1352 nou
544 1293 637 1369 lene,
660 1307 722 1371 quo
743 1293 809 1372 ipae
830 1291 969 1369 laboras,

39 1373 129 1434 alter
156 1375 266 1436 modus
303 1385 350 1435 est
382 1376 497 1454 orali03
530 1377 633 1435 tertius
670 1375 842 1436 tolerantia.
885 1375 972 1435 Haeo

41 1455 99 1517 ille
124 1459 256 1538 sapiens.

135 1540 252 1600 anue
275 1555 349 1620 ergo
372 1548 418 1600 est
433 1539 541 1601 modus
556 1542 720 1622 optativus,
743 1540 861 1600 scilicet
883 1541 968 1619 cogi·

42 1623 127 1682 tatio
150 1623 318 1702 quaedam,
340 1629 373 1684 ut
394 1624 580 1704 cogitemus,
619 1623 753 1704 exempli
776 1623 892 1703 gnatia:
938 1621 969 1683 Si

41 1707 157 1766 asinus
172 1707 299 1783 volaret,
322 1707 426 1766 asinus
438 1705 564 1766 haberet
575 1723 702 1787 pennas,
725 1708 969 1786 itacogitamus:

41 1787 77 1848 Si
103 1801 197 1850 nemo
219 1789 389 1870 postularet
409 1789 544 1870 indigua,
566 1809 646 1870 papa
665 1789 752 1850 fleret
766 1789 883 1849 melior.
908 1787 969 1848 Gur

42 1880 155 1932 autem
177 1888 239 1933 uon
262 1874 352 1932 etiam
376 1873 423 1931 sia
444 1875 633 1954 cogitamus:
661 1871 692 1933 ct
715 1888 795 1956 oapa
817 1886 850 1931 se
870 1873 968 1951 ipsum

41 1955 247 2035 emendaret,
279 1961 342 2016 tum
365 1973 456 2016 namo
483 1956 639 2036 postulate
662 1951 787 2015 auderet
818 1953 969 2035 indigna?

42 2037 110 2098 Sed
140 2039 213 2118 quid
244 2037 296 2098 liet
330 2041 360 2098 io
396 2039 458 2117 his,
493 2038 543 2098 ubi
576 2057 658 2120 papa
682 2037 782 2118 (quod
805 2037 968 2118 plurimum

43 2121 140 2198 iacit)
165 2134 224 2182 nou
249 2122 438 2202 postulatus,
471 2121 525 2182 aed
548 2123 673 2204 proprio
709 2122 809 2181 lurore
832 2121 967 2181 insanit?

43 2211 128 2281 tum,
151 2204 234 2284 qnod
257 2207 391 2264 otnniutn
415 2207 579 2265 maximum
604 2211 660 2277 eet,
683 2203 882 2284 Evangeiium
907 2222 969 2265 non

44 2294 149 2366 curat,
171 2293 203 2348 et
222 2287 337 2348 nullum
354 2287 507 2369 pontilicis
522 2287 655 2348 ulfinum
669 2287 741 2348 lacit
757 2291 784 2350 1.
798 2286 967 2351 'limatae

45 2370 260 2450 descriptum?
283 2373 331 2431 An
344 2369 515 2451 sullicithic
526 2373 672 2451 cogitare,
696 2371 721 2430 si
739 2387 829 2430 namo
842 2370 968 2449 indigna

45 2453 248 2533 postularet?
283 2454 344 2514 lam
368 2469 470 2514 nonne
494 2473 549 2536 per
575 2460 671 2515 totum
695 2453 799 2515 orbem
822 2454 864 2514 ita
885 2455 968 2534 cogi·

45 2547 163 2614 tamus,
185 2555 246 2599 nou
270 2537 363 2597 modo
386 2536 469 2617 quod
491 2539 613 2619 sapiens
636 2536 740 2613 dictat,
763 2536 816 2596 sed
839 2536 869 2596 id
893 2552 966 2616 quo·

46 2635 121 2698 que,
146 2621 228 2700 quod
251 2635 310 2702 ego
333 2620 452 2681 adiecit
489 2620 563 2696 Quia
586 2623 667 2681 euim
700 2637 761 2681 non
795 2637 833 2680 ea
854 2619 966 2700 optati

47 2705 92 2762 At
115 2703 188 2782 quid
210 2709 312 2784 potest
337 2704 491 2784 atapliua?
525 2703 599 2779 Quia
634 2705 712 2763 euim
740 2711 889 2782 (excepta
911 2703 966 2762 Dei

47 2788 178 2860 virtute,
213 2803 302 2868 quam
336 2787 365 2846 in
402 2787 537 2848 secundo
575 2786 667 2847 modo
707 2803 763 2866 pet·
797 2787 966 2846 orationem
1074 2791 1077 2804 '

47 2871 157 2948 quaeri
189 2868 298 2951 docet]
328 2869 483 2950 Principes
515 2877 546 2930 et
568 2870 809 2932 Communitates
844 2867 968 2929 teneat?

48 2969 109 3011 uec
131 2953 192 3012 hoc
214 2952 355 3026 consulit,
378 2961 410 3013 ut
431 2954 498 3032 quis
521 2959 632 3031 tentat,
654 2952 770 3012 scilicet
793 2951 891 3011 Prino'
917 2967 967 3012 um

48 3043 81 3094 et
102 3036 286 3116 populorum
310 3036 400 3116 culpa
423 3043 486 3112 eat,
507 3053 619 3117 papam
641 3051 709 3096 casa
731 3033 854 3097 maium.
884 2971 967 3110 zain

50 3119 240 3198 cogitemus,
262 3121 287 3178 ei
309 3118 450 3180 diabolus
473 3139 541 3179 eum
566 3120 687 3180 desinat
708 3119 860 3198 equitare,
882 3117 969 3178 lieret

51 3201 161 3280 bonus,
184 3211 214 3263 et
234 3205 265 3263 in
279 3201 433 3262 diabolum
448 3209 654 3282 torqueamus,
673 3201 755 3282 quod
774 3217 855 3282 papa
869 3199 969 3260 muna

51 3292 104 3346 eat.
148 3287 216 3348 Hoc
238 3285 366 3346 consilto
388 3301 497 3367 possea
520 3287 561 3345 uti
584 3291 615 3346 ει
634 3301 691 3366 pso
704 3289 744 3364 te,
766 3291 797 3344 ει
814 3284 967 3364 cogitare:
1087 3361 1089 3366 ι

53 3369 167 3432 utinam
190 3371 240 3430 hic
262 3378 292 3429 et
312 3368 413 3429 laturo
445 3369 552 3429 beatus
581 3370 654 3446 sirn3
688 3369 745 3427 iste
767 3369 846 3426 calm
880 3373 972 3456 esset!

54 3455 186 3530 optimus
208 3453 316 3512 modas
339 3452 535 3532 perveniendi
557 3454 586 3511 in
610 3451 741 3512 eoelum.
969 3463 971 3470 ’

134 3538 228 3618 Igitur
250 3537 380 3616 orimum
391 3535 550 3595 consillum
574 3533 662 3594 huius
675 3534 820 3613 sapientis
836 3531 965 3594 mundus

55 3621 177 3681 excedit
198 3621 299 3682 etiam.
343 3619 405 3678 lam
429 3637 484 3699 pro
512 3636 574 3698 quo
596 3616 693 3696 magia
716 3625 820 3678 oratur
841 3615 963 3696 ubique,

56 3723 145 3786 quam
167 3722 222 3787 pro
234 3702 337 3784 papa?
359 3702 434 3761 item
448 3702 533 3761 cuius
547 3701 683 3782 tyrannia
695 3699 840 3760 toleratur
854 3717 966 3782 aequa·

729 3782 799 3848 26·
