2250 4008
66 234 78 263 .
143 183 208 251 488
438 185 597 242 Goulutstio
616 185 780 260 Lntbsriape
805 199 808 206 ’

145 339 280 403 sensibili
306 341 407 419 malo,
442 343 521 402 sicut
549 349 578 402 et
605 359 686 402 nunc
715 349 745 401 et
769 359 891 422 semper
911 339 990 400 facit
1010 337 1066 400 boe

146 426 284 485 intimum
307 425 426 505 peccati
448 424 572 501 malurn,
594 443 662 486 cum
684 427 714 484 in
738 424 887 486 soloDeo
901 422 1067 496 fidendum,

146 508 330 589 placendum
355 516 384 568 et
407 508 599 588 gloriandum
622 509 671 584 sit,
693 509 772 569 sicut
792 508 900 570 lerem.
925 509 957 572 9.
983 507 1066 567 dicit:

146 589 214 652 Non
237 591 384 672 glorietur
406 591 528 672 sapiens
550 593 580 651 in
604 592 754 672 sapientia
786 611 859 666 sua,
895 609 958 650 nec
987 589 1067 650 fortis

146 676 177 734 in
201 673 376 735 tortitudine
398 694 463 751 sua,
486 693 543 734 nec
565 674 649 734 dives
672 676 702 736 in
719 674 829 734 divitiis
853 677 929 735 suis.
962 673 1068 734 Omnia

145 759 225 818 enirn
248 757 325 818 baec
347 763 418 818 suut
440 757 540 837 bona,
575 758 713 838 dispersa
740 759 874 840 gratuito
905 758 938 816 in
974 755 1067 816 malos

147 841 334 920 frequentius
362 860 452 921 quam
484 844 513 901 in
550 840 664 901 bonos:
708 843 753 902 ita
781 840 947 903 utPsalm.
972 837 1067 982 md

146 943 214 984 sese
235 924 399 1004 periclitari
424 922 464 984 ob
492 924 553 985 boo
586 931 746 1004 queratur,
778 933 808 984 et
842 942 925 1004 pene
959 922 1068 982 effuni

146 1025 269 1088 gressus
290 1025 373 1070 suos.
417 1006 477 1068 Sed
501 1009 604 1068 omnia
625 1015 695 1068 sunt
720 1006 771 1089 (ut
793 1005 875 1089 dixi)
892 1005 953 1066 sub
977 1006 1069 1066 irael

148 1089 311 1151 maledicto
334 1091 490 1166 conclusa,
513 1091 753 1171 necquidquam
773 1096 915 1170 prosunt,
940 1097 973 1149 et
996 1087 1067 1149 adeo

146 1191 208 1234 non
237 1182 347 1254 parant
376 1172 413 1233 de
441 1193 577 1254 congruo
607 1173 646 1235 ad
668 1175 814 1254 gratiam,
850 1180 882 1234 ut
906 1172 1011 1253 magis
1031 1172 1067 1231 in-

147 1263 284 1317 crassent
307 1275 370 1335 cor,
392 1277 431 1316 ne
453 1258 582 1336 gratiam
607 1257 757 1318 desideret
784 1263 836 1317 ant
859 1255 1067 1316 necessarium

111 1345 116 1348 ’
149 1339 269 1405 sentiat.
313 1339 398 1400 Sicut
421 1340 494 1400 dicit
515 1340 625 1404 Psalm.
642 1342 701 1405 109
716 1337 770 1483 ’ἐι
792 1339 1007 1422 coagulatum
1030 1347 1069 1398 est

147 1423 227 1482 sicut
248 1425 297 1483 lac
319 1441 373 1484 eor
394 1441 511 1487 eorum.
554 1423 663 1485 Melius
686 1423 731 1484 He
754 1443 831 1487 raa:
862 1423 1066 1483 lucrassatnn

146 1513 194 1566 est
214 1506 293 1566 sicut
315 1506 411 1587 adeps
433 1525 487 1567 cor
508 1526 624 1568 eorum.
667 1507 725 1567 Hic
742 1507 876 1588 populus
892 1506 1023 1586 proprie
1043 1506 1066 1564 ir

148 1587 310 1670 Scripturis
332 1592 468 1670 arguitur
489 1591 670 1672 impietatis,
702 1589 943 1664 incredulitatis,
981 1588 1068 1648 durae

150 1673 296 1747 cervicis,
319 1671 401 1751 quod
424 1673 605 1734 indomitum
629 1694 751 1734 sensum
775 1674 804 1733 in
828 1673 895 1733 istie
921 1673 1068 1752 speciosis

150 1756 239 1816 bouis
260 1755 418 1816 humiliare
439 1775 501 1816 non
523 1765 665 1838 possent,
695 1776 753 1816 uec
776 1756 887 1836 Legem
922 1773 985 1816 nec
1006 1773 1068 1835 per.-

149 1845 253 1898 catum
282 1858 369 1899 suurn
398 1840 426 1898 in
457 1839 516 1899 illis
549 1859 734 1920 agnoscere,
770 1857 892 1919 semper
926 1837 1069 1905 arbitrati,

149 1940 218 1982 sese
243 1920 422 2001 obsequium
447 1924 475 1982 iu
499 1923 545 1982 his
568 1922 814 2004 praestareDeo,
837 1941 913 2002 prae
931 1920 1069 1982 omnibus
1102 1915 1108 1926 ’

151 2005 220 2066 aliis
243 2023 314 2066 vere
347 2006 442 2071 iustis.
485 2005 540 2066 His
572 2007 682 2067 frustra
710 2005 919 2086 praedicatur,
952 2005 987 2064 bi
1020 2005 1069 2063 viri

152 2090 336 2171 sanguinum
359 2095 389 2150 et
410 2088 483 2149 dcli.
527 2087 667 2166 Summa,
701 2089 763 2150 Lex
785 2087 844 2148 illis
867 2096 915 2148 est
937 2087 1071 2167 impleta,

152 2191 210 2232 nec
232 2172 368 2252 indigent
390 2173 487 2252 gratia
512 2175 563 2250 (ut
587 2172 669 2249 dixi)
701 2173 758 2232 nisi
791 2191 831 2231 ex
860 2171 1000 2250 quodam
1029 2189 1070 2229 su·

150 2253 267 2335 perfluo
290 2256 460 2316 exactionis
483 2256 614 2317 divinae.
659 2254 712 2316 His
743 2262 789 2315 est
817 2254 938 2314 velatus
960 2253 1071 2328 Moses,

149 2357 208 2398 nec
229 2337 329 2398 lerunt
349 2338 457 2398 taciem
477 2341 541 2399 eius
556 2346 725 2418 cornutam,
749 2336 819 2398 mali
842 2357 910 2397 esse
934 2338 964 2397 in
991 2344 1071 2397 tanta

151 2422 318 2501 sapientia,
351 2420 503 2499 bonitate,
537 2424 665 2499 iustitia,
696 2421 846 2500 religione
868 2438 931 2481 non
954 2419 1072 2497 volunt,

152 2523 210 2564 nec
233 2523 266 2564 se
288 2523 357 2565 esse
379 2523 569 2586 cognoscere
591 2513 736 2586 possunt,
760 2506 910 2583 quianon
934 2502 1072 2563 audiunt.

150 2586 244 2647 Vides
267 2605 342 2667 ergo
363 2607 455 2668 quam
479 2588 610 2649 excedat
630 2587 693 2649 Lex
728 2587 897 2648 naturalem
920 2587 1071 2646 rationem

150 2670 441 2752 incomparabiliter,
464 2677 495 2730 et
516 2690 606 2750 qnam
630 2669 812 2750 profundum
837 2671 875 2729 sit
896 2678 1070 2750 peccatum.

27 2806 35 2834 ,
150 2755 235 2813 euius
258 2755 466 2832 cognitionem
491 2753 581 2814 docet
602 2754 682 2832 Lex,
715 2754 745 2813 hi
776 2773 849 2834 ergo
883 2771 995 2813 omnes
1019 2752 1071 2812 sub
1120 2825 1121 2838 χ

150 2837 208 2908 ira,
229 2838 301 2914 qnia
323 2855 430 2896 omnes
454 2838 484 2896 in
507 2845 646 2916 peccato.
1120 2845 1121 2900 ἶ

234 2919 435 3000 Evangelium
463 2926 571 2980 contra
605 2922 649 2980 sie
681 2925 790 2981 tractat
826 2926 1010 3002 peccatum,
1042 2927 1069 2979 ut

150 3003 249 3082 ipsum
279 3001 382 3082 tollat,
416 3009 448 3063 et
479 3004 523 3062 sic
549 3002 752 3083 pulcherrime
778 3003 891 3083 Legem
923 3003 1068 3080 sequitur.
1120 3019 1121 3060 ι

152 3085 215 3144 Lex
239 3085 318 3145 enim
349 3084 517 3146 introduxit
552 3093 583 3146 et
611 3105 668 3145 nos
703 3085 804 3146 obruit
835 3091 984 3167 peccato,
1019 3105 1070 3166 per

151 3169 358 3248 cognitionem
382 3169 458 3244 eius,
481 3187 541 3247 quo
564 3169 654 3244 fecit,
677 3177 709 3228 ut
732 3167 771 3228 ab
794 3168 848 3228 illo
871 3167 995 3228 liberari
1020 3189 1068 3248 pe-

151 3259 283 3312 teremus
306 3259 337 3310 et
356 3252 485 3332 gratiam
512 3254 742 3331 suspiraremus,
777 3251 854 3312 Nam
866 3249 1066 3332 Evangelium

151 3335 241 3393 etiam
265 3332 325 3394 duo
349 3333 504 3414 praedicat
528 3341 558 3394 ct
580 3335 685 3413 docet,
713 3335 859 3394 iustitiam
888 3342 919 3394 et
940 3336 1066 3414 gratiam

152 3413 219 3476 Dei.
275 3416 332 3475 Per
367 3417 510 3476 iustitiam
547 3425 635 3476 sanat
671 3418 899 3497 oomuptionem
934 3425 1067 3493 naturae,

153 3495 297 3556 iustitiam
321 3516 410 3573 vero,
440 3516 519 3576 quae
541 3500 579 3557 sit
601 3498 714 3560 donum
740 3501 812 3575 Dei,
845 3498 922 3561 tides
955 3501 1067 3560 scilicet
1120 3533 1121 3558 l

206 3607 255 3718 al)
277 3655 304 3705 ln
327 3655 368 3708 ed.
388 3655 472 3724 orig:
493 3609 603 3721 iisd)
622 3656 705 3710 ibid:
730 3655 787 3713 108.
