2252 4006
338 187 481 244 Ambrosii
499 183 611 242 cathan
630 199 655 240 a
674 184 755 244 touls
941 181 1003 248 301

83 342 182 421 portis
204 340 290 402 inferi
311 361 372 404 non
394 343 579 420 subiectum,
601 341 668 401 sine
688 344 834 422 peccato,
855 338 1004 418 probare

83 427 135 502 ris,
161 434 193 484 nt
214 445 254 484 ex
275 427 438 505 praedictis
461 426 601 486 didicisti.
643 425 752 485 Donec
773 426 834 484 hoc
852 439 913 481 non
935 439 1004 502 pro·

84 509 222 588 bavaris,
252 511 481 570 conclusionem
506 526 613 588 urgere
634 527 696 568 non
716 508 847 587 poteris,
875 505 929 564 sed
949 523 1004 584 po-

84 593 146 650 tins
168 609 226 650 nos
247 591 376 652 liberum
398 593 550 652 arbitrium
573 592 731 668 hebernus,
753 589 882 666 Statura,
905 589 1003 649 Cono-

74 689 139 734 'nes
177 686 208 734 et
229 678 332 736 omnia
353 694 453 755 papae
485 676 634 734 refutandi
668 686 697 734 et
729 671 899 748 indicandi,
933 674 1004 750 quis

83 767 230 836 suspecta
260 761 379 818 interim
409 769 510 836 ernnt,
542 778 582 817 aa
617 777 658 816 ex
685 767 793 816 satana
822 756 869 813 vel
891 755 1005 834 Spiritu

82 852 193 902 sancto
215 845 375 919 prodeant.
417 842 508 919 Nolo,
529 841 580 900 hic
602 860 688 899 nsnm
711 844 852 918 longum,
875 840 1005 898 multitu·

84 925 187 984 dinem
211 940 311 984 tecum
332 919 525 984 sentientium
552 927 688 984 invoces.
730 923 862 982 Verbum
894 922 1005 982 Christi

82 1007 135 1066 bic
157 1027 206 1066 me
228 1018 325 1087 urget,
347 1010 419 1067 hnic
431 1008 615 1067 credendum
637 1008 744 1066 estuni
766 1024 841 1084 prae
863 1008 1004 1064 omnibns

83 1090 223 1168 Sanctis,
255 1095 347 1150 etiam
381 1094 507 1170 angelis.
548 1089 596 1150 De
628 1109 688 1169 quo
722 1092 803 1148 enirn
824 1090 1004 1166 angelorum

83 1175 250 1251 aliquando
278 1175 370 1234 dixit:
404 1176 492 1234 Hunc
513 1175 638 1232 audite?
675 1173 745 1232 Non
767 1174 846 1230 lucio
869 1172 921 1230 tibi
953 1182 1005 1230 ant

84 1258 206 1316 Sanctis
230 1259 287 1321 tuis
319 1259 477 1337 iniuriam,
509 1261 535 1316 si
563 1259 715 1317 Christum
751 1273 828 1314 voce
849 1255 946 1314 Patris
975 1266 1006 1314 et

85 1341 262 1401 testimonio
285 1339 413 1420 Spiritus
445 1343 543 1400 sancti
571 1341 729 1400 doctorem
756 1357 827 1398 vere
847 1339 1005 1416 irrelinga-

85 1425 177 1484 bilem
195 1424 385 1502 designatum
408 1424 594 1503 opposuero.
636 1423 795 1499 Necmibi,
818 1424 872 1480 sed
885 1423 1004 1481 Christo
1087 1435 1090 1443 '

84 1507 187 1584 cedis,
219 1508 245 1564 si
267 1507 366 1584 cedis,
395 1525 454 1566 nee
485 1509 572 1587 mihi,
588 1509 591 1516 ’
605 1507 660 1566 sed
681 1507 801 1566 Christo
823 1507 956 1582 resistis,
978 1505 1005 1563 si

83 1591 211 1666 resistis,
232 1590 259 1648 si
281 1599 382 1650 autem
405 1589 525 1650 Christo
548 1591 673 1669 resistis,
695 1590 778 1650 Patri
800 1589 864 1646 eius
879 1605 1005 1667 promo-

84 1676 142 1732 turi
164 1675 290 1735 resistis.
361 1686 364 1692 '

88 1773 93 1782 ·
166 1754 342 1816 Gloriamnr
363 1769 438 1835 ergu
460 1756 510 1816 hic
530 1759 560 1814 in
583 1756 735 1832 Domino,
756 1762 787 1813 et
807 1755 919 1833 gratias
942 1756 1006 1834 agi·

86 1858 169 1920 mus,
202 1841 273 1917 qnia
294 1841 374 1898 hane
408 1841 601 1898 autoritatem
623 1839 727 1898 Matth.
754 1842 801 1902 16.
832 1837 919 1896 vobis
950 1840 1005 1898 eri-
1103 1895 1104 1900 ,

85 1925 216 2001 puimua,
259 1921 354 2000 Haec,
375 1925 509 2000 inquam,
532 1924 687 1998 autoritas,
710 1921 829 1981 etiamsi
842 1922 1004 1980 tabescatis

85 2015 115 2066 et
136 2005 277 2065 dentibus
291 2006 425 2066 l'rematis
449 2023 556 2066 omnes
570 2008 709 2085 papistae
732 2007 762 2064 in
780 2021 882 2082 unum,
905 2006 1005 2066 evicta

87 2091 335 2168 triumphatoque
357 2095 412 2150 est.
456 2086 525 2162 Qus
548 2091 770 2168 triumphante,
800 2097 931 2168 papatus
955 2107 1004 2148 ve·

83 2183 146 2232 ster
175 2174 310 2232 t'unditns
340 2173 468 2251 corruit,
499 2175 642 2232 inventus
677 2173 751 2232 nihil
783 2171 864 2230 alind
901 2172 1003 2252 luisse,

84 2273 316 2334 quommerum
338 2256 532 2316 mendacium
558 2264 588 2315 et
618 2255 779 2315 ludibrium
809 2255 891 2314 orbis
913 2263 1004 2314 terra-

83 2357 166 2417 rum,
200 2357 255 2399 vos
278 2348 380 2399 autem
406 2339 547 2399 illusores
568 2341 677 2419 populi
703 2339 775 2415 Dei,
807 2357 1005 2418 perversores

87 2423 171 2482 verbi
192 2421 251 2480 Dei
273 2423 464 2482 traducimini
483 2423 595 2502 pelam.
615 2471 618 2476 .
640 2422 681 2482 Et
707 2421 830 2482 decreta
855 2440 1004 2501 paparum

86 2507 238 2566 scelerate
260 2505 406 2584 dogmata
421 2506 589 2566 antichristi
609 2515 775 2585 arguuntur
797 2508 964 2567 manileste.

167 2589 193 2648 0
216 2606 295 2677 quae
319 2607 421 2665 voces,
443 2607 461 2649 o
485 2606 564 2666 quae
585 2589 708 2666 literne,
737 2608 755 2649 o
778 2591 829 2666 qni
851 2592 1004 2668 cogitatus

84 2681 200 2750 queant
222 2680 321 2732 vestra
344 2673 446 2732 omnia
466 2679 609 2752 portenta
626 2692 801 2750 numerare,
834 2691 912 2750 qnae
933 2676 1005 2734 binc

85 2754 257 2814 ducuntur?
298 2755 366 2816 Hoc
397 2756 477 2814 enim
511 2757 662 2816 velamine
695 2757 849 2834 nequitiae
884 2767 1005 2819 vestrae

83 2841 233 2916 revelato,
255 2839 359 2898 videre
380 2848 427 2898 est
437 2841 589 2916 quendam
608 2848 751 2898 tartarum
766 2837 1004 2921 mendaciorum,

84 2939 232 2999 errorum,
252 2921 406 3000 fraudum,
430 2923 649 3001 nequitiarum,
671 2935 701 2982 et
722 2940 845 3001 prorsus
868 2930 1003 2985 omnium

83 3006 245 3083 scelernm,
267 3021 346 3083 quae
367 3005 423 3066 sub
439 3007 498 3066 isto
521 3009 603 3065 tenui
625 3007 713 3067 huius
735 3007 898 3066 futilissimi
911 3029 1003 3089 papa-

85 3097 131 3148 tus
153 3090 228 3148 fulio
251 3089 471 3168 abscondistis,
507 3103 539 3148 ut
569 3109 641 3150 vere
673 3100 803 3170 papatus
832 3091 1004 3152 aliudesse

84 3189 146 3231 non
170 3173 278 3251 possit,
300 3189 391 3250 quam
413 3189 590 3252 germanum
612 3173 686 3232 illud
708 3175 817 3234 tumosi
837 3176 1004 3235 antichristi

83 3273 222 3334 regnum.
263 3255 343 3314 Nam
364 3255 426 3316 hoc
447 3267 508 3335 est,
537 3257 620 3335 qnod
642 3257 725 3317 multi
746 3257 827 3318 hanc
847 3258 1003 3320 abomina-

85 3339 200 3400 tionem
221 3341 253 3398 in
275 3339 345 3400 loco
367 3350 475 3400 sancto
504 3349 636 3402 stantem
658 3341 796 3421 odorati,
826 3343 1004 3402 mirarentur

84 3429 131 3483 tot
151 3431 295 3483 monstra
309 3426 348 3484 ab
371 3425 430 3484 ista
450 3423 530 3486 Sede
551 3425 684 3508 prodire,
707 3443 786 3504 qnae
803 3424 1002 3486 sanctissimo

82 3514 206 3590 regnari
233 3513 412 3573 iactabatur.
464 3511 491 3573 0
518 3511 630 3572 inl'elix'
650 3523 797 3592 papatus,
828 3511 879 3572 hic
910 3513 1004 3588 iaces,

83 3599 178 3680 iaces,
198 3606 333 3686 inquam,
354 3604 404 3665 hic
426 3605 488 3666 heu
504 3611 652 3682 mortuus,
674 3604 724 3681 qui
739 3609 835 3662 totum
858 3597 1002 3658 mnndum
