<?xml version="1.0" encoding="UTF-8"?>
<!DOCTYPE html PUBLIC "-//W3C//DTD XHTML 1.0 Transitional//EN"
    "http://www.w3.org/TR/xhtml1/DTD/xhtml1-transitional.dtd">
<html xmlns="http://www.w3.org/1999/xhtml" xml:lang="en" lang="en">
 <head>
  <title>
</title>
<meta http-equiv="Content-Type" content="text/html;charset=utf-8" />
  <meta name='ocr-system' content='tesseract 3.04.00' />
  <meta name='ocr-capabilities' content='ocr_page ocr_carea ocr_par ocr_line ocrx_word'/>
</head>
<body>
  <div class='ocr_page' id='page_1' title='image "./operalatinavari03schmgoog_0108.png"; bbox 0 0 2258 4002; ppageno 0'>
   <div class='ocr_carea' id='block_1_1' title="bbox 311 134 972 228">
    <p class='ocr_par' dir='ltr' id='par_1_1' title="bbox 311 134 972 228">
     <span class='ocr_line' id='line_1_1' title="bbox 311 134 972 228; baseline 0.011 -14"><span class='ocrx_word' id='word_1_1' title='bbox 311 141 398 215; x_wconf 69' lang='lat' dir='ltr'><strong>Did.</strong></span> <span class='ocrx_word' id='word_1_2' title='bbox 421 141 499 215; x_wconf 76' lang='lat' dir='ltr'><strong>buti.</strong></span> <span class='ocrx_word' id='word_1_3' title='bbox 519 139 702 215; x_wconf 80' lang='lat' dir='ltr'><strong>Praeiudium.</strong></span> <span class='ocrx_word' id='word_1_4' title='bbox 932 134 972 228; x_wconf 57' lang='lat'><strong>9¹1⁷</strong></span> 
     </span>
    </p>
   </div>
   <div class='ocr_carea' id='block_1_2' title="bbox 47 305 1026 642">
    <p class='ocr_par' dir='ltr' id='par_1_2' title="bbox 47 305 1026 642">
     <span class='ocr_line' id='line_1_2' title="bbox 54 305 972 396; baseline 0.007 -24"><span class='ocrx_word' id='word_1_5' title='bbox 54 305 133 372; x_wconf 86' lang='lat' dir='ltr'><strong>nulla</strong></span> <span class='ocrx_word' id='word_1_6' title='bbox 155 313 319 374; x_wconf 76' lang='lat' dir='ltr'><strong>traditione</strong></span> <span class='ocrx_word' id='word_1_7' title='bbox 340 314 496 374; x_wconf 91' lang='lat' dir='ltr'><strong>hominnm</strong></span> <span class='ocrx_word' id='word_1_8' title='bbox 519 314 590 374; x_wconf 90' lang='lat' dir='ltr'><strong>licet</strong></span> <span class='ocrx_word' id='word_1_9' title='bbox 612 314 768 393; x_wconf 86' lang='lat' dir='ltr'><strong>deserere,</strong></span> <span class='ocrx_word' id='word_1_10' title='bbox 791 315 863 394; x_wconf 92' lang='lat' dir='ltr'><strong>quia</strong></span> <span class='ocrx_word' id='word_1_11' title='bbox 883 335 972 396; x_wconf 82' lang='lat' dir='ltr'><strong>prae·</strong></span> 
     </span>
     <span class='ocr_line' id='line_1_3' title="bbox 50 387 1026 477; baseline 0.005 -22"><span class='ocrx_word' id='word_1_12' title='bbox 50 403 138 475; x_wconf 85' lang='lat' dir='ltr'><strong>cepta</strong></span> <span class='ocrx_word' id='word_1_13' title='bbox 160 405 208 456; x_wconf 88' lang='lat' dir='ltr'><strong>eat</strong></span> <span class='ocrx_word' id='word_1_14' title='bbox 229 397 337 458; x_wconf 88' lang='lat' dir='ltr'><strong>aDeo.</strong></span> <span class='ocrx_word' id='word_1_15' title='bbox 370 397 466 459; x_wconf 84' lang='lat' dir='ltr'><strong>Multo</strong></span> <span class='ocrx_word' id='word_1_16' title='bbox 489 399 586 477; x_wconf 83' lang='lat' dir='ltr'><strong>magis</strong></span> <span class='ocrx_word' id='word_1_17' title='bbox 600 387 653 456; x_wconf 89' lang='lat' dir='ltr'><strong>hic</strong></span> <span class='ocrx_word' id='word_1_18' title='bbox 676 398 719 458; x_wconf 92' lang='lat' dir='ltr'><strong>ita</strong></span> <span class='ocrx_word' id='word_1_19' title='bbox 740 396 801 477; x_wconf 85' lang='lat' dir='ltr'><strong>fiet,</strong></span> <span class='ocrx_word' id='word_1_20' title='bbox 824 406 857 459; x_wconf 91' lang='lat' dir='ltr'><strong>ut</strong></span> <span class='ocrx_word' id='word_1_21' title='bbox 879 397 970 460; x_wconf 89' lang='lat' dir='ltr'><strong>fldem</strong></span> <span class='ocrx_word' id='word_1_22' title='bbox 1022 387 1026 410; x_wconf 65' lang='lat'><strong>⁴</strong></span> 
     </span>
     <span class='ocr_line' id='line_1_4' title="bbox 47 480 970 560; baseline 0.002 -20"><span class='ocrx_word' id='word_1_23' title='bbox 47 480 139 558; x_wconf 83' lang='lat' dir='ltr'>priori</span> <span class='ocrx_word' id='word_1_24' title='bbox 163 487 275 556; x_wconf 84' lang='lat' dir='ltr'><strong>servet,</strong></span> <span class='ocrx_word' id='word_1_25' title='bbox 299 499 367 540; x_wconf 91' lang='lat' dir='ltr'><strong>cum</strong></span> <span class='ocrx_word' id='word_1_26' title='bbox 388 483 550 560; x_wconf 74' lang='lat' dir='ltr'>posteriori</span> <span class='ocrx_word' id='word_1_27' title='bbox 572 482 702 540; x_wconf 88' lang='lat' dir='ltr'><strong>nonnisi</strong></span> <span class='ocrx_word' id='word_1_28' title='bbox 725 481 863 542; x_wconf 87' lang='lat' dir='ltr'><strong>mendaci</strong></span> <span class='ocrx_word' id='word_1_29' title='bbox 877 483 970 543; x_wconf 85' lang='lat' dir='ltr'><strong>corde</strong></span> 
     </span>
     <span class='ocr_line' id='line_1_5' title="bbox 47 563 970 642; baseline 0.003 -22"><span class='ocrx_word' id='word_1_30' title='bbox 47 563 118 622; x_wconf 86' lang='lat' dir='ltr'><strong>dare</strong></span> <span class='ocrx_word' id='word_1_31' title='bbox 140 564 285 641; x_wconf 84' lang='lat' dir='ltr'><strong>potuerit,</strong></span> <span class='ocrx_word' id='word_1_32' title='bbox 308 582 345 622; x_wconf 89' lang='lat' dir='ltr'><strong>ec</strong></span> <span class='ocrx_word' id='word_1_33' title='bbox 367 583 421 642; x_wconf 90' lang='lat' dir='ltr'><strong>per</strong></span> <span class='ocrx_word' id='word_1_34' title='bbox 444 564 503 624; x_wconf 91' lang='lat' dir='ltr'><strong>hoo</strong></span> <span class='ocrx_word' id='word_1_35' title='bbox 525 582 585 624; x_wconf 93' lang='lat' dir='ltr'><strong>nou</strong></span> <span class='ocrx_word' id='word_1_36' title='bbox 608 563 733 641; x_wconf 81' lang='lat' dir='ltr'><strong>dederit,</strong></span> <span class='ocrx_word' id='word_1_37' title='bbox 756 564 809 623; x_wconf 86' lang='lat' dir='ltr'><strong>sed</strong></span> <span class='ocrx_word' id='word_1_38' title='bbox 831 564 970 626; x_wconf 78' lang='lat' dir='ltr'><strong>fefellerit</strong></span> 
     </span>
    </p>
   </div>
   <div class='ocr_carea' id='block_1_3' title="bbox 45 645 1088 728">
    <p class='ocr_par' dir='ltr' id='par_1_3' title="bbox 45 645 1088 728">
     <span class='ocr_line' id='line_1_6' title="bbox 45 645 1088 728; baseline 0.004 -25"><span class='ocrx_word' id='word_1_39' title='bbox 45 648 218 723; x_wconf 86' lang='lat' dir='ltr'><strong>proximam</strong></span> <span class='ocrx_word' id='word_1_40' title='bbox 242 665 327 706; x_wconf 90' lang='lat' dir='ltr'><strong>suam</strong></span> <span class='ocrx_word' id='word_1_41' title='bbox 350 655 459 706; x_wconf 85' lang='lat' dir='ltr'><strong>contra</strong></span> <span class='ocrx_word' id='word_1_42' title='bbox 471 647 579 714; x_wconf 85' lang='lat' dir='ltr'><strong>Deum.</strong></span> <span class='ocrx_word' id='word_1_43' title='bbox 623 645 724 722; x_wconf 80' lang='lat' dir='ltr'><strong>Quare</strong></span> <span class='ocrx_word' id='word_1_44' title='bbox 747 649 856 707; x_wconf 85' lang='lat' dir='ltr'><strong>erroris</strong></span> <span class='ocrx_word' id='word_1_45' title='bbox 879 650 973 728; x_wconf 89' lang='lat' dir='ltr'><strong>impa-</strong></span> <span class='ocrx_word' id='word_1_46' title='bbox 1074 704 1088 728; x_wconf 53' lang='grc'>,</span> 
     </span>
    </p>
   </div>
   <div class='ocr_carea' id='block_1_4' title="bbox 20 727 1006 3466">
    <p class='ocr_par' dir='ltr' id='par_1_4' title="bbox 44 727 971 890">
     <span class='ocr_line' id='line_1_7' title="bbox 45 727 971 810; baseline 0.003 -24"><span class='ocrx_word' id='word_1_47' title='bbox 45 727 214 788; x_wconf 88' lang='lat' dir='ltr'><strong>dimentum</strong></span> <span class='ocrx_word' id='word_1_48' title='bbox 238 730 288 788; x_wconf 92' lang='lat' dir='ltr'><strong>hic</strong></span> <span class='ocrx_word' id='word_1_49' title='bbox 307 729 410 790; x_wconf 92' lang='lat' dir='ltr'><strong>locum</strong></span> <span class='ocrx_word' id='word_1_50' title='bbox 434 731 539 807; x_wconf 88' lang='lat' dir='ltr'><strong>habet,</strong></span> <span class='ocrx_word' id='word_1_51' title='bbox 563 731 612 808; x_wconf 90' lang='lat' dir='ltr'><strong>qui</strong></span> <span class='ocrx_word' id='word_1_52' title='bbox 635 729 717 808; x_wconf 87' lang='lat' dir='ltr'><strong>facit,</strong></span> <span class='ocrx_word' id='word_1_53' title='bbox 740 738 773 789; x_wconf 84' lang='lat' dir='ltr'><strong>ut</strong></span> <span class='ocrx_word' id='word_1_54' title='bbox 793 731 971 810; x_wconf 85' lang='lat' dir='ltr'><strong>posterioris</strong></span> 
     </span>
     <span class='ocr_line' id='line_1_8' title="bbox 44 811 405 890; baseline 0.011 -21"><span class='ocrx_word' id='word_1_55' title='bbox 44 813 171 890; x_wconf 80' lang='lat' dir='ltr'><strong>nuptiae</strong></span> <span class='ocrx_word' id='word_1_56' title='bbox 193 813 267 872; x_wconf 89' lang='lat' dir='ltr'><strong>nihil</strong></span> <span class='ocrx_word' id='word_1_57' title='bbox 290 811 405 888; x_wconf 73' lang='lat' dir='ltr'><strong>siml).</strong></span> 
     </span>
    </p>

    <p class='ocr_par' dir='ltr' id='par_1_5' title="bbox 42 893 974 1723">
     <span class='ocr_line' id='line_1_9' title="bbox 124 893 969 975; baseline 0.001 -21"><span class='ocrx_word' id='word_1_58' title='bbox 124 893 383 975; x_wconf 85' lang='lat' dir='ltr'><strong>impedimentum</strong></span> <span class='ocrx_word' id='word_1_59' title='bbox 415 893 528 953; x_wconf 78' lang='lat' dir='ltr'><strong>ordinis</strong></span> <span class='ocrx_word' id='word_1_60' title='bbox 557 913 679 974; x_wconf 90' lang='lat' dir='ltr'><strong>quoque</strong></span> <span class='ocrx_word' id='word_1_61' title='bbox 710 915 824 955; x_wconf 88' lang='lat' dir='ltr'><strong>merum</strong></span> <span class='ocrx_word' id='word_1_62' title='bbox 848 903 895 956; x_wconf 91' lang='grc' dir='ltr'><strong>εει</strong></span> <span class='ocrx_word' id='word_1_63' title='bbox 917 896 969 956; x_wconf 92' lang='lat' dir='ltr'><strong>ho·</strong></span> 
     </span>
     <span class='ocr_line' id='line_1_10' title="bbox 44 977 971 1058; baseline 0.003 -23"><span class='ocrx_word' id='word_1_64' title='bbox 44 977 161 1037; x_wconf 88' lang='lat' dir='ltr'><strong>minum</strong></span> <span class='ocrx_word' id='word_1_65' title='bbox 193 987 416 1053; x_wconf 83' lang='lat' dir='ltr'><strong>commentum,</strong></span> <span class='ocrx_word' id='word_1_66' title='bbox 449 980 626 1057; x_wconf 87' lang='lat' dir='ltr'><strong>praesertim</strong></span> <span class='ocrx_word' id='word_1_67' title='bbox 655 997 723 1037; x_wconf 93' lang='lat' dir='ltr'><strong>cum</strong></span> <span class='ocrx_word' id='word_1_68' title='bbox 753 980 903 1058; x_wconf 82' lang='lat' dir='ltr'><strong>garriant,</strong></span> <span class='ocrx_word' id='word_1_69' title='bbox 935 997 971 1038; x_wconf 90' lang='lat' dir='ltr'><strong>eo</strong></span> 
     </span>
     <span class='ocr_line' id='line_1_11' title="bbox 44 1059 970 1141; baseline 0.004 -24"><span class='ocrx_word' id='word_1_70' title='bbox 44 1059 142 1119; x_wconf 90' lang='lat' dir='ltr'><strong>dirimi</strong></span> <span class='ocrx_word' id='word_1_71' title='bbox 179 1062 270 1122; x_wconf 86' lang='lat' dir='ltr'><strong>etiam</strong></span> <span class='ocrx_word' id='word_1_72' title='bbox 301 1066 506 1134; x_wconf 86' lang='lat' dir='ltr'><strong>contractum,</strong></span> <span class='ocrx_word' id='word_1_73' title='bbox 545 1079 666 1141; x_wconf 81' lang='lat' dir='ltr'><strong>semper</strong></span> <span class='ocrx_word' id='word_1_74' title='bbox 687 1079 758 1120; x_wconf 87' lang='lat' dir='ltr'><strong>suas</strong></span> <span class='ocrx_word' id='word_1_75' title='bbox 792 1061 970 1122; x_wconf 74' lang='lat' dir='ltr'><strong>traditiones</strong></span> 
     </span>
     <span class='ocr_line' id='line_1_12' title="bbox 43 1142 969 1224; baseline 0.004 -24"><span class='ocrx_word' id='word_1_76' title='bbox 43 1162 134 1221; x_wconf 90' lang='lat' dir='ltr'><strong>super</strong></span> <span class='ocrx_word' id='word_1_77' title='bbox 147 1143 206 1204; x_wconf 90' lang='lat' dir='ltr'><strong>Dei</strong></span> <span class='ocrx_word' id='word_1_78' title='bbox 229 1144 373 1205; x_wconf 88' lang='lat' dir='ltr'><strong>mandata</strong></span> <span class='ocrx_word' id='word_1_79' title='bbox 384 1142 564 1204; x_wconf 87' lang='lat' dir='ltr'><strong>exaltantes.</strong></span> <span class='ocrx_word' id='word_1_80' title='bbox 599 1143 668 1224; x_wconf 78' lang='lat' dir='ltr'><strong>Ego</strong></span> <span class='ocrx_word' id='word_1_81' title='bbox 682 1145 803 1224; x_wconf 89' lang='lat' dir='ltr'><strong>quidem</strong></span> <span class='ocrx_word' id='word_1_82' title='bbox 819 1144 856 1204; x_wconf 89' lang='lat' dir='ltr'><strong>de</strong></span> <span class='ocrx_word' id='word_1_83' title='bbox 870 1163 969 1204; x_wconf 87' lang='lat' dir='ltr'><strong>secer·</strong></span> 
     </span>
     <span class='ocr_line' id='line_1_13' title="bbox 43 1225 969 1304; baseline 0.004 -20"><span class='ocrx_word' id='word_1_84' title='bbox 43 1225 116 1284; x_wconf 90' lang='lat' dir='ltr'><strong>dotii</strong></span> <span class='ocrx_word' id='word_1_85' title='bbox 140 1227 251 1286; x_wconf 91' lang='lat' dir='ltr'><strong>ordine</strong></span> <span class='ocrx_word' id='word_1_86' title='bbox 274 1246 334 1287; x_wconf 92' lang='lat' dir='ltr'><strong>non</strong></span> <span class='ocrx_word' id='word_1_87' title='bbox 355 1227 468 1302; x_wconf 85' lang='lat' dir='ltr'><strong>iudico,</strong></span> <span class='ocrx_word' id='word_1_88' title='bbox 493 1226 591 1304; x_wconf 87' lang='lat' dir='ltr'><strong>qualia</strong></span> <span class='ocrx_word' id='word_1_89' title='bbox 614 1227 705 1288; x_wconf 94' lang='lat' dir='ltr'><strong>hodie</strong></span> <span class='ocrx_word' id='word_1_90' title='bbox 728 1234 783 1304; x_wconf 91' lang='lat' dir='ltr'><strong>est,</strong></span> <span class='ocrx_word' id='word_1_91' title='bbox 806 1227 860 1287; x_wconf 87' lang='lat' dir='ltr'><strong>sed</strong></span> <span class='ocrx_word' id='word_1_92' title='bbox 880 1229 969 1288; x_wconf 86' lang='lat' dir='ltr'><strong>video</strong></span> 
     </span>
     <span class='ocr_line' id='line_1_14' title="bbox 42 1308 969 1390; baseline 0.005 -24"><span class='ocrx_word' id='word_1_93' title='bbox 42 1308 173 1368; x_wconf 90' lang='lat' dir='ltr'><strong>Paulum</strong></span> <span class='ocrx_word' id='word_1_94' title='bbox 196 1310 309 1385; x_wconf 88' lang='lat' dir='ltr'><strong>iubere,</strong></span> <span class='ocrx_word' id='word_1_95' title='bbox 332 1313 510 1389; x_wconf 79' lang='lat' dir='ltr'><strong>episcopum</strong></span> <span class='ocrx_word' id='word_1_96' title='bbox 532 1310 620 1369; x_wconf 90' lang='lat' dir='ltr'><strong>unius</strong></span> <span class='ocrx_word' id='word_1_97' title='bbox 644 1311 748 1371; x_wconf 87' lang='lat' dir='ltr'><strong>uxoris</strong></span> <span class='ocrx_word' id='word_1_98' title='bbox 771 1312 867 1370; x_wconf 85' lang='lat' dir='ltr'><strong>virum</strong></span> <span class='ocrx_word' id='word_1_99' title='bbox 890 1329 969 1390; x_wconf 89' lang='lat' dir='ltr'><strong>esse,</strong></span> 
     </span>
     <span class='ocr_line' id='line_1_15' title="bbox 42 1391 973 1473; baseline 0.004 -24"><span class='ocrx_word' id='word_1_100' title='bbox 42 1391 110 1451; x_wconf 88' lang='lat' dir='ltr'><strong>ideo</strong></span> <span class='ocrx_word' id='word_1_101' title='bbox 135 1411 201 1452; x_wconf 88' lang='lat' dir='ltr'><strong>non</strong></span> <span class='ocrx_word' id='word_1_102' title='bbox 225 1411 318 1472; x_wconf 87' lang='lat' dir='ltr'><strong>posse</strong></span> <span class='ocrx_word' id='word_1_103' title='bbox 341 1393 437 1452; x_wconf 89' lang='lat' dir='ltr'><strong>dirimi</strong></span> <span class='ocrx_word' id='word_1_104' title='bbox 461 1393 684 1453; x_wconf 78' lang='lat' dir='ltr'><strong>matrimonium</strong></span> <span class='ocrx_word' id='word_1_105' title='bbox 709 1393 845 1473; x_wconf 88' lang='lat' dir='ltr'><strong>diaconi,</strong></span> <span class='ocrx_word' id='word_1_106' title='bbox 875 1407 973 1454; x_wconf 83' lang='lat' dir='ltr'><strong>sacer·</strong></span> 
     </span>
     <span class='ocr_line' id='line_1_16' title="bbox 45 1473 970 1556; baseline 0.004 -24"><span class='ocrx_word' id='word_1_107' title='bbox 45 1473 136 1555; x_wconf 91' lang='lat' dir='ltr'><strong>dotis,</strong></span> <span class='ocrx_word' id='word_1_108' title='bbox 163 1477 311 1556; x_wconf 87' lang='lat' dir='ltr'><strong>episcopi,</strong></span> <span class='ocrx_word' id='word_1_109' title='bbox 335 1496 388 1536; x_wconf 88' lang='lat' dir='ltr'><strong>seu</strong></span> <span class='ocrx_word' id='word_1_110' title='bbox 411 1475 617 1555; x_wconf 87' lang='lat' dir='ltr'><strong>cuiuscunque</strong></span> <span class='ocrx_word' id='word_1_111' title='bbox 640 1476 764 1554; x_wconf 85' lang='lat' dir='ltr'><strong>ordinis,</strong></span> <span class='ocrx_word' id='word_1_112' title='bbox 787 1495 970 1556; x_wconf 89' lang='lat' dir='ltr'><strong>quamquam</strong></span> 
     </span>
     <span class='ocr_line' id='line_1_17' title="bbox 44 1557 974 1637; baseline 0.004 -21"><span class='ocrx_word' id='word_1_113' title='bbox 44 1557 102 1617; x_wconf 89' lang='lat' dir='ltr'><strong>hoc</strong></span> <span class='ocrx_word' id='word_1_114' title='bbox 125 1577 227 1637; x_wconf 86' lang='lat' dir='ltr'><strong>genus</strong></span> <span class='ocrx_word' id='word_1_115' title='bbox 250 1559 442 1620; x_wconf 88' lang='lat' dir='ltr'><strong>sacerdotum</strong></span> <span class='ocrx_word' id='word_1_116' title='bbox 474 1566 505 1617; x_wconf 92' lang='grc' dir='ltr'><strong>ει</strong></span> <span class='ocrx_word' id='word_1_117' title='bbox 535 1577 589 1619; x_wconf 90' lang='lat' dir='ltr'><strong>eos</strong></span> <span class='ocrx_word' id='word_1_118' title='bbox 611 1559 732 1620; x_wconf 86' lang='lat' dir='ltr'><strong>ordines</strong></span> <span class='ocrx_word' id='word_1_119' title='bbox 762 1578 823 1620; x_wconf 91' lang='lat' dir='ltr'><strong>uon</strong></span> <span class='ocrx_word' id='word_1_120' title='bbox 854 1562 974 1620; x_wconf 86' lang='lat' dir='ltr'><strong>noverit</strong></span> 
     </span>
     <span class='ocr_line' id='line_1_18' title="bbox 45 1639 971 1723; baseline 0.003 -24"><span class='ocrx_word' id='word_1_121' title='bbox 45 1639 171 1715; x_wconf 86' lang='lat' dir='ltr'><strong>Paulus,</strong></span> <span class='ocrx_word' id='word_1_122' title='bbox 195 1660 274 1720; x_wconf 87' lang='lat' dir='ltr'><strong>quos</strong></span> <span class='ocrx_word' id='word_1_123' title='bbox 296 1641 388 1702; x_wconf 91' lang='lat' dir='ltr'><strong>hodie</strong></span> <span class='ocrx_word' id='word_1_124' title='bbox 409 1639 563 1701; x_wconf 89' lang='lat' dir='ltr'><strong>habemus.</strong></span> <span class='ocrx_word' id='word_1_125' title='bbox 609 1642 738 1703; x_wconf 86' lang='lat' dir='ltr'><strong>Pereant</strong></span> <span class='ocrx_word' id='word_1_126' title='bbox 755 1644 859 1723; x_wconf 84' lang='lat' dir='ltr'><strong>itaque</strong></span> <span class='ocrx_word' id='word_1_127' title='bbox 880 1644 971 1702; x_wconf 90' lang='lat' dir='ltr'><strong>male·</strong></span> 
     </span>
    </p>

    <p class='ocr_par' dir='ltr' id='par_1_6' title="bbox 26 1722 1006 2466">
     <span class='ocr_line' id='line_1_19' title="bbox 26 1722 971 1804; baseline 0.005 -23"><span class='ocrx_word' id='word_1_128' title='bbox 26 1722 144 1802; x_wconf 15' lang='lat' dir='ltr'><strong>,dictae</strong></span> <span class='ocrx_word' id='word_1_129' title='bbox 168 1725 245 1785; x_wconf 89' lang='lat' dir='ltr'><strong>istae</strong></span> <span class='ocrx_word' id='word_1_130' title='bbox 268 1725 424 1785; x_wconf 88' lang='lat' dir='ltr'><strong>hominum</strong></span> <span class='ocrx_word' id='word_1_131' title='bbox 446 1723 640 1800; x_wconf 79' lang='lat' dir='ltr'><strong>traditiones,</strong></span> <span class='ocrx_word' id='word_1_132' title='bbox 669 1744 747 1804; x_wconf 88' lang='lat' dir='ltr'><strong>quae</strong></span> <span class='ocrx_word' id='word_1_133' title='bbox 769 1745 829 1785; x_wconf 92' lang='lat' dir='ltr'><strong>non</strong></span> <span class='ocrx_word' id='word_1_134' title='bbox 854 1728 909 1786; x_wconf 89' lang='lat' dir='ltr'><strong>nisi</strong></span> <span class='ocrx_word' id='word_1_135' title='bbox 933 1726 971 1786; x_wconf 85' lang='lat' dir='ltr'><strong>ad</strong></span> 
     </span>
     <span class='ocr_line' id='line_1_20' title="bbox 44 1805 970 1890; baseline 0.003 -26"><span class='ocrx_word' id='word_1_136' title='bbox 44 1805 277 1886; x_wconf 89' lang='lat' dir='ltr'><strong>multiplicanda</strong></span> <span class='ocrx_word' id='word_1_137' title='bbox 290 1809 437 1890; x_wconf 89' lang='lat' dir='ltr'><strong>pericula,</strong></span> <span class='ocrx_word' id='word_1_138' title='bbox 459 1815 598 1886; x_wconf 84' lang='lat' dir='ltr'><strong>peccata,</strong></span> <span class='ocrx_word' id='word_1_139' title='bbox 622 1809 701 1868; x_wconf 85' lang='lat' dir='ltr'><strong>male</strong></span> <span class='ocrx_word' id='word_1_140' title='bbox 723 1810 753 1868; x_wconf 92' lang='lat' dir='ltr'><strong>in</strong></span> <span class='ocrx_word' id='word_1_141' title='bbox 776 1808 907 1869; x_wconf 88' lang='lat' dir='ltr'><strong>ecclesia</strong></span> <span class='ocrx_word' id='word_1_142' title='bbox 928 1811 970 1868; x_wconf 92' lang='lat' dir='ltr'><strong>in·</strong></span> 
     </span>
     <span class='ocr_line' id='line_1_21' title="bbox 42 1891 971 1970; baseline 0.002 -22"><span class='ocrx_word' id='word_1_143' title='bbox 42 1891 202 1952; x_wconf 88' lang='lat' dir='ltr'><strong>troierunt.</strong></span> <span class='ocrx_word' id='word_1_144' title='bbox 254 1891 308 1950; x_wconf 78' lang='lat' dir='ltr'><strong>Est</strong></span> <span class='ocrx_word' id='word_1_145' title='bbox 337 1908 411 1970; x_wconf 79' lang='lat' dir='ltr'><strong>ergo</strong></span> <span class='ocrx_word' id='word_1_146' title='bbox 442 1891 521 1950; x_wconf 88' lang='lat' dir='ltr'><strong>inter</strong></span> <span class='ocrx_word' id='word_1_147' title='bbox 553 1891 747 1951; x_wconf 79' lang='lat' dir='ltr'><strong>sacerdotem</strong></span> <span class='ocrx_word' id='word_1_148' title='bbox 779 1898 810 1952; x_wconf 88' lang='lat' dir='ltr'><strong>et</strong></span> <span class='ocrx_word' id='word_1_149' title='bbox 844 1909 971 1952; x_wconf 88' lang='lat' dir='ltr'><strong>uxorem</strong></span> 
     </span>
     <span class='ocr_line' id='line_1_22' title="bbox 43 1973 971 2052; baseline 0.004 -22"><span class='ocrx_word' id='word_1_150' title='bbox 43 1991 149 2032; x_wconf 85' lang='lat' dir='ltr'><strong>verum</strong></span> <span class='ocrx_word' id='word_1_151' title='bbox 175 1981 206 2033; x_wconf 90' lang='lat' dir='ltr'><strong>et</strong></span> <span class='ocrx_word' id='word_1_152' title='bbox 226 1973 431 2052; x_wconf 85' lang='lat' dir='ltr'><strong>inseparabile</strong></span> <span class='ocrx_word' id='word_1_153' title='bbox 446 1974 681 2051; x_wconf 84' lang='lat' dir='ltr'><strong>matrimonium,</strong></span> <span class='ocrx_word' id='word_1_154' title='bbox 698 1975 848 2034; x_wconf 87' lang='lat' dir='ltr'><strong>mandetis</strong></span> <span class='ocrx_word' id='word_1_155' title='bbox 863 1975 971 2034; x_wconf 92' lang='lat' dir='ltr'><strong>divinis</strong></span> 
     </span>
     <span class='ocr_line' id='line_1_23' title="bbox 42 2055 971 2137; baseline 0.005 -24"><span class='ocrx_word' id='word_1_156' title='bbox 42 2055 217 2133; x_wconf 86' lang='lat' dir='ltr'><strong>probatum.</strong></span> <span class='ocrx_word' id='word_1_157' title='bbox 262 2055 341 2131; x_wconf 84' lang='lat' dir='ltr'><strong>Quid</strong></span> <span class='ocrx_word' id='word_1_158' title='bbox 363 2057 388 2116; x_wconf 86' lang='lat' dir='ltr'><strong>si</strong></span> <span class='ocrx_word' id='word_1_159' title='bbox 410 2056 495 2137; x_wconf 89' lang='lat' dir='ltr'><strong>impii</strong></span> <span class='ocrx_word' id='word_1_160' title='bbox 525 2057 665 2119; x_wconf 88' lang='lat' dir='ltr'><strong>homines</strong></span> <span class='ocrx_word' id='word_1_161' title='bbox 694 2057 766 2117; x_wconf 94' lang='lat' dir='ltr'><strong>illud</strong></span> <span class='ocrx_word' id='word_1_162' title='bbox 790 2057 971 2137; x_wconf 85' lang='lat' dir='ltr'><strong>prohibeant</strong></span> 
     </span>
     <span class='ocr_line' id='line_1_24' title="bbox 44 2138 968 2223; baseline 0.003 -27"><span class='ocrx_word' id='word_1_163' title='bbox 44 2144 93 2198; x_wconf 86' lang='lat' dir='ltr'><strong>aut</strong></span> <span class='ocrx_word' id='word_1_164' title='bbox 113 2138 261 2199; x_wconf 86' lang='lat' dir='ltr'><strong>dirimant</strong></span> <span class='ocrx_word' id='word_1_165' title='bbox 283 2159 366 2200; x_wconf 89' lang='lat' dir='ltr'><strong>mere</strong></span> <span class='ocrx_word' id='word_1_166' title='bbox 388 2139 549 2220; x_wconf 83' lang='lat' dir='ltr'><strong>tyrannide</strong></span> <span class='ocrx_word' id='word_1_167' title='bbox 571 2140 647 2200; x_wconf 85' lang='lat' dir='ltr'><strong>sua?</strong></span> <span class='ocrx_word' id='word_1_168' title='bbox 670 2140 756 2223; x_wconf 80' lang='lat' dir='ltr'><strong>histo,</strong></span> <span class='ocrx_word' id='word_1_169' title='bbox 778 2143 818 2200; x_wconf 87' lang='lat' dir='ltr'><strong>sit</strong></span> <span class='ocrx_word' id='word_1_170' title='bbox 832 2142 968 2201; x_wconf 90' lang='lat' dir='ltr'><strong>illicitum</strong></span> 
     </span>
     <span class='ocr_line' id='line_1_25' title="bbox 43 2221 1006 2304; baseline 0.003 -24"><span class='ocrx_word' id='word_1_171' title='bbox 43 2221 123 2301; x_wconf 87' lang='lat' dir='ltr'><strong>apud</strong></span> <span class='ocrx_word' id='word_1_172' title='bbox 148 2223 300 2298; x_wconf 88' lang='lat' dir='ltr'><strong>homines,</strong></span> <span class='ocrx_word' id='word_1_173' title='bbox 323 2223 437 2282; x_wconf 88' lang='lat' dir='ltr'><strong>licitum</strong></span> <span class='ocrx_word' id='word_1_174' title='bbox 460 2229 560 2282; x_wconf 90' lang='lat' dir='ltr'><strong>tamen</strong></span> <span class='ocrx_word' id='word_1_175' title='bbox 584 2231 631 2282; x_wconf 90' lang='grc' dir='ltr'><strong>εει</strong></span> <span class='ocrx_word' id='word_1_176' title='bbox 652 2224 732 2304; x_wconf 87' lang='lat' dir='ltr'><strong>apud</strong></span> <span class='ocrx_word' id='word_1_177' title='bbox 751 2224 860 2303; x_wconf 89' lang='lat' dir='ltr'><strong>Deum,</strong></span> <span class='ocrx_word' id='word_1_178' title='bbox 884 2225 969 2284; x_wconf 89' lang='lat' dir='ltr'><strong>cuius</strong></span> <span class='ocrx_word' id='word_1_179' title='bbox 995 2257 1006 2266; x_wconf 91' lang='lat'><em>-</em></span> 
     </span>
     <span class='ocr_line' id='line_1_26' title="bbox 44 2304 973 2388; baseline 0.004 -24"><span class='ocrx_word' id='word_1_180' title='bbox 44 2304 235 2380; x_wconf 89' lang='lat' dir='ltr'><strong>mandatum,</strong></span> <span class='ocrx_word' id='word_1_181' title='bbox 258 2307 282 2365; x_wconf 92' lang='lat' dir='ltr'><strong>si</strong></span> <span class='ocrx_word' id='word_1_182' title='bbox 304 2313 410 2365; x_wconf 86' lang='lat' dir='ltr'><strong>contra</strong></span> <span class='ocrx_word' id='word_1_183' title='bbox 434 2305 590 2366; x_wconf 90' lang='lat' dir='ltr'><strong>hominum</strong></span> <span class='ocrx_word' id='word_1_184' title='bbox 611 2313 728 2387; x_wconf 85' lang='lat' dir='ltr'><strong>pugnet</strong></span> <span class='ocrx_word' id='word_1_185' title='bbox 749 2307 902 2388; x_wconf 87' lang='lat' dir='ltr'><strong>mandata,</strong></span> <span class='ocrx_word' id='word_1_186' title='bbox 926 2315 973 2369; x_wconf 87' lang='lat' dir='ltr'><strong>est</strong></span> 
     </span>
     <span class='ocr_line' id='line_1_27' title="bbox 45 2388 288 2466; baseline 0.008 -19"><span class='ocrx_word' id='word_1_187' title='bbox 45 2388 288 2466; x_wconf 84' lang='lat' dir='ltr'><strong>praeferendum.</strong></span> 
     </span>
    </p>

    <p class='ocr_par' dir='ltr' id='par_1_7' title="bbox 46 2470 972 3217">
     <span class='ocr_line' id='line_1_28' title="bbox 126 2470 967 2551; baseline 0 -18"><span class='ocrx_word' id='word_1_188' title='bbox 126 2470 238 2550; x_wconf 79' lang='lat' dir='ltr'><strong>Aeque</strong></span> <span class='ocrx_word' id='word_1_189' title='bbox 275 2479 480 2532; x_wconf 88' lang='lat' dir='ltr'><strong>commentum</strong></span> <span class='ocrx_word' id='word_1_190' title='bbox 517 2477 564 2531; x_wconf 89' lang='lat' dir='ltr'><strong>est</strong></span> <span class='ocrx_word' id='word_1_191' title='bbox 603 2472 852 2551; x_wconf 85' lang='lat' dir='ltr'><strong>impedimentum</strong></span> <span class='ocrx_word' id='word_1_192' title='bbox 893 2473 967 2533; x_wconf 91' lang='lat' dir='ltr'><strong>illud</strong></span> 
     </span>
     <span class='ocr_line' id='line_1_29' title="bbox 46 2553 970 2634; baseline 0.004 -21"><span class='ocrx_word' id='word_1_193' title='bbox 46 2553 187 2633; x_wconf 89' lang='lat' dir='ltr'><strong>publicae</strong></span> <span class='ocrx_word' id='word_1_194' title='bbox 209 2555 393 2628; x_wconf 83' lang='lat' dir='ltr'><strong>honestatis,</strong></span> <span class='ocrx_word' id='word_1_195' title='bbox 417 2573 477 2634; x_wconf 90' lang='lat' dir='ltr'><strong>qno</strong></span> <span class='ocrx_word' id='word_1_196' title='bbox 492 2553 670 2615; x_wconf 89' lang='lat' dir='ltr'><strong>dirimuntur</strong></span> <span class='ocrx_word' id='word_1_197' title='bbox 692 2561 858 2617; x_wconf 76' lang='lat' dir='ltr'><strong>conuecta.</strong></span> <span class='ocrx_word' id='word_1_198' title='bbox 904 2556 970 2617; x_wconf 88' lang='lat' dir='ltr'><strong>Urit</strong></span> 
     </span>
     <span class='ocr_line' id='line_1_30' title="bbox 47 2637 969 2720; baseline 0.002 -24"><span class='ocrx_word' id='word_1_199' title='bbox 47 2657 92 2697; x_wconf 90' lang='lat' dir='ltr'><strong>rue</strong></span> <span class='ocrx_word' id='word_1_200' title='bbox 115 2637 222 2698; x_wconf 86' lang='lat' dir='ltr'><strong>audax</strong></span> <span class='ocrx_word' id='word_1_201' title='bbox 242 2639 301 2697; x_wconf 86' lang='lat' dir='ltr'><strong>ista</strong></span> <span class='ocrx_word' id='word_1_202' title='bbox 320 2639 461 2716; x_wconf 87' lang='lat' dir='ltr'><strong>impietas</strong></span> <span class='ocrx_word' id='word_1_203' title='bbox 485 2645 545 2697; x_wconf 89' lang='lat' dir='ltr'><strong>tam</strong></span> <span class='ocrx_word' id='word_1_204' title='bbox 559 2645 678 2716; x_wconf 88' lang='lat' dir='ltr'><strong>promta</strong></span> <span class='ocrx_word' id='word_1_205' title='bbox 700 2639 738 2698; x_wconf 94' lang='lat' dir='ltr'><strong>ad</strong></span> <span class='ocrx_word' id='word_1_206' title='bbox 753 2639 969 2720; x_wconf 86' lang='lat' dir='ltr'><strong>separandum,</strong></span> 
     </span>
     <span class='ocr_line' id='line_1_31' title="bbox 47 2719 967 2802; baseline 0.004 -23"><span class='ocrx_word' id='word_1_207' title='bbox 47 2719 127 2798; x_wconf 89' lang='lat' dir='ltr'><strong>quod</strong></span> <span class='ocrx_word' id='word_1_208' title='bbox 151 2721 233 2782; x_wconf 91' lang='lat' dir='ltr'><strong>Deus</strong></span> <span class='ocrx_word' id='word_1_209' title='bbox 255 2721 428 2795; x_wconf 85' lang='lat' dir='ltr'><strong>coniunxit,</strong></span> <span class='ocrx_word' id='word_1_210' title='bbox 457 2729 489 2780; x_wconf 90' lang='lat' dir='ltr'><strong>ut</strong></span> <span class='ocrx_word' id='word_1_211' title='bbox 516 2719 725 2780; x_wconf 79' lang='lat' dir='ltr'><strong>antichristum</strong></span> <span class='ocrx_word' id='word_1_212' title='bbox 747 2723 776 2780; x_wconf 90' lang='lat' dir='ltr'><strong>in</strong></span> <span class='ocrx_word' id='word_1_213' title='bbox 799 2740 837 2782; x_wconf 88' lang='lat' dir='ltr'><strong>ea</strong></span> <span class='ocrx_word' id='word_1_214' title='bbox 853 2740 967 2802; x_wconf 83' lang='lat' dir='ltr'><strong>cogno·</strong></span> 
     </span>
     <span class='ocr_line' id='line_1_32' title="bbox 48 2802 972 2883; baseline 0.005 -22"><span class='ocrx_word' id='word_1_215' title='bbox 48 2821 125 2877; x_wconf 81' lang='lat' dir='ltr'><strong>scas,</strong></span> <span class='ocrx_word' id='word_1_216' title='bbox 148 2822 229 2883; x_wconf 88' lang='lat' dir='ltr'><strong>quaa</strong></span> <span class='ocrx_word' id='word_1_217' title='bbox 250 2805 430 2864; x_wconf 85' lang='lat' dir='ltr'><strong>adversatur</strong></span> <span class='ocrx_word' id='word_1_218' title='bbox 451 2802 607 2883; x_wconf 86' lang='lat' dir='ltr'><strong>omnibus,</strong></span> <span class='ocrx_word' id='word_1_219' title='bbox 636 2822 715 2883; x_wconf 89' lang='lat' dir='ltr'><strong>quae</strong></span> <span class='ocrx_word' id='word_1_220' title='bbox 737 2805 874 2866; x_wconf 86' lang='lat' dir='ltr'><strong>Christus</strong></span> <span class='ocrx_word' id='word_1_221' title='bbox 901 2806 972 2866; x_wconf 85' lang='lat' dir='ltr'><strong>fecit</strong></span> 
     </span>
     <span class='ocr_line' id='line_1_33' title="bbox 47 2886 970 2968; baseline 0.002 -22"><span class='ocrx_word' id='word_1_222' title='bbox 47 2896 74 2946; x_wconf 87' lang='lat' dir='ltr'><strong>at</strong></span> <span class='ocrx_word' id='word_1_223' title='bbox 95 2886 211 2948; x_wconf 87' lang='lat' dir='ltr'><strong>docuit.</strong></span> <span class='ocrx_word' id='word_1_224' title='bbox 255 2886 342 2962; x_wconf 85' lang='lat' dir='ltr'><strong>Quae</strong></span> <span class='ocrx_word' id='word_1_225' title='bbox 364 2904 440 2966; x_wconf 79' lang='lat' dir='ltr'><strong>rogo</strong></span> <span class='ocrx_word' id='word_1_226' title='bbox 468 2893 514 2946; x_wconf 89' lang='lat' dir='ltr'><strong>est</strong></span> <span class='ocrx_word' id='word_1_227' title='bbox 541 2905 648 2964; x_wconf 83' lang='lat' dir='ltr'><strong>causa,</strong></span> <span class='ocrx_word' id='word_1_228' title='bbox 684 2895 717 2947; x_wconf 85' lang='grc' dir='ltr'><strong>ιιι</strong></span> <span class='ocrx_word' id='word_1_229' title='bbox 747 2888 852 2968; x_wconf 91' lang='lat' dir='ltr'><strong>sponsi</strong></span> <span class='ocrx_word' id='word_1_230' title='bbox 882 2907 970 2968; x_wconf 85' lang='lat' dir='ltr'><strong>prce·</strong></span> 
     </span>
     <span class='ocr_line' id='line_1_34' title="bbox 48 2970 968 3052; baseline 0.003 -24"><span class='ocrx_word' id='word_1_231' title='bbox 48 2971 158 3032; x_wconf 85' lang='lat' dir='ltr'><strong>mortui</strong></span> <span class='ocrx_word' id='word_1_232' title='bbox 180 2970 278 3030; x_wconf 93' lang='lat' dir='ltr'><strong>nullus</strong></span> <span class='ocrx_word' id='word_1_233' title='bbox 303 2971 548 3049; x_wconf 86' lang='lat' dir='ltr'><strong>consanguineus</strong></span> <span class='ocrx_word' id='word_1_234' title='bbox 571 2989 667 3048; x_wconf 90' lang='lat' dir='ltr'><strong>usque</strong></span> <span class='ocrx_word' id='word_1_235' title='bbox 689 2970 726 3030; x_wconf 84' lang='lat' dir='ltr'><strong>ed</strong></span> <span class='ocrx_word' id='word_1_236' title='bbox 741 2983 880 3051; x_wconf 86' lang='lat' dir='ltr'><strong>quartum</strong></span> <span class='ocrx_word' id='word_1_237' title='bbox 902 2991 968 3052; x_wconf 84' lang='lat' dir='ltr'><strong>gra-</strong></span> 
     </span>
     <span class='ocr_line' id='line_1_35' title="bbox 48 3052 971 3134; baseline 0.003 -23"><span class='ocrx_word' id='word_1_238' title='bbox 48 3052 116 3113; x_wconf 92' lang='lat' dir='ltr'><strong>dum</strong></span> <span class='ocrx_word' id='word_1_239' title='bbox 141 3054 240 3134; x_wconf 90' lang='lat' dir='ltr'><strong>possit</strong></span> <span class='ocrx_word' id='word_1_240' title='bbox 261 3053 371 3112; x_wconf 84' lang='lat' dir='ltr'><strong>ducere</strong></span> <span class='ocrx_word' id='word_1_241' title='bbox 393 3052 560 3132; x_wconf 88' lang='lat' dir='ltr'><strong>sponsam?</strong></span> <span class='ocrx_word' id='word_1_242' title='bbox 589 3052 658 3112; x_wconf 87' lang='lat' dir='ltr'><strong>Non</strong></span> <span class='ocrx_word' id='word_1_243' title='bbox 681 3063 728 3113; x_wconf 87' lang='lat' dir='ltr'><strong>est</strong></span> <span class='ocrx_word' id='word_1_244' title='bbox 749 3053 809 3115; x_wconf 89' lang='lat' dir='ltr'><strong>hoo</strong></span> <span class='ocrx_word' id='word_1_245' title='bbox 830 3053 971 3134; x_wconf 85' lang='lat' dir='ltr'><strong>publicae</strong></span> 
     </span>
     <span class='ocr_line' id='line_1_36' title="bbox 47 3134 968 3217; baseline 0.002 -21"><span class='ocrx_word' id='word_1_246' title='bbox 47 3135 214 3198; x_wconf 90' lang='lat' dir='ltr'><strong>honestatis</strong></span> <span class='ocrx_word' id='word_1_247' title='bbox 236 3136 359 3214; x_wconf 88' lang='lat' dir='ltr'><strong>iustitia,</strong></span> <span class='ocrx_word' id='word_1_248' title='bbox 382 3134 436 3194; x_wconf 88' lang='lat' dir='ltr'><strong>sed</strong></span> <span class='ocrx_word' id='word_1_249' title='bbox 456 3137 585 3195; x_wconf 85' lang='lat' dir='ltr'><strong>inscitia.</strong></span> <span class='ocrx_word' id='word_1_250' title='bbox 628 3135 688 3196; x_wconf 82' lang='lat' dir='ltr'><strong>Cur</strong></span> <span class='ocrx_word' id='word_1_251' title='bbox 711 3155 771 3196; x_wconf 92' lang='lat' dir='ltr'><strong>non</strong></span> <span class='ocrx_word' id='word_1_252' title='bbox 799 3138 829 3197; x_wconf 89' lang='lat' dir='ltr'><strong>in</strong></span> <span class='ocrx_word' id='word_1_253' title='bbox 852 3139 968 3217; x_wconf 91' lang='lat' dir='ltr'><strong>populo</strong></span> 
     </span>
    </p>

    <p class='ocr_par' dir='ltr' id='par_1_8' title="bbox 20 3217 969 3466">
     <span class='ocr_line' id='line_1_37' title="bbox 20 3217 969 3300; baseline 0 -22"><span class='ocrx_word' id='word_1_254' title='bbox 20 3227 21 3230; x_wconf 76' lang='grc'>’</span> <span class='ocrx_word' id='word_1_255' title='bbox 48 3218 149 3292; x_wconf 83' lang='lat' dir='ltr'><strong>lsrael,</strong></span> <span class='ocrx_word' id='word_1_256' title='bbox 173 3221 296 3300; x_wconf 88' lang='lat' dir='ltr'><strong>optimis</strong></span> <span class='ocrx_word' id='word_1_257' title='bbox 319 3237 355 3276; x_wconf 89' lang='lat' dir='ltr'><strong>ao</strong></span> <span class='ocrx_word' id='word_1_258' title='bbox 378 3217 486 3278; x_wconf 90' lang='lat' dir='ltr'><strong>divinis</strong></span> <span class='ocrx_word' id='word_1_259' title='bbox 509 3218 626 3300; x_wconf 87' lang='lat' dir='ltr'><strong>legibus</strong></span> <span class='ocrx_word' id='word_1_260' title='bbox 647 3220 801 3299; x_wconf 86' lang='lat' dir='ltr'><strong>instituto,</strong></span> <span class='ocrx_word' id='word_1_261' title='bbox 824 3226 890 3280; x_wconf 90' lang='lat' dir='ltr'><strong>erat</strong></span> <span class='ocrx_word' id='word_1_262' title='bbox 911 3223 969 3280; x_wconf 87' lang='lat' dir='ltr'><strong>ista</strong></span> 
     </span>
     <span class='ocr_line' id='line_1_38' title="bbox 70 3301 968 3384; baseline 0.001 -23"><span class='ocrx_word' id='word_1_263' title='bbox 70 3301 188 3364; x_wconf 88' lang='lat' dir='ltr'><strong>ublicaa</strong></span> <span class='ocrx_word' id='word_1_264' title='bbox 220 3303 390 3364; x_wconf 87' lang='lat' dir='ltr'><strong>honestatis</strong></span> <span class='ocrx_word' id='word_1_265' title='bbox 426 3301 561 3362; x_wconf 86' lang='lat' dir='ltr'><strong>iustitia?</strong></span> <span class='ocrx_word' id='word_1_266' title='bbox 595 3301 648 3361; x_wconf 84' lang='lat' dir='ltr'><strong>aad</strong></span> <span class='ocrx_word' id='word_1_267' title='bbox 682 3303 773 3362; x_wconf 88' lang='lat' dir='ltr'><strong>etism</strong></span> <span class='ocrx_word' id='word_1_268' title='bbox 801 3311 968 3384; x_wconf 87' lang='lat' dir='ltr'><strong>praecepto</strong></span> 
     </span>
     <span class='ocr_line' id='line_1_39' title="bbox 50 3322 967 3466; baseline 0.002 -22"><span class='ocrx_word' id='word_1_269' title='bbox 50 3322 105 3445; x_wconf 83' lang='lat' dir='ltr'><strong>bei</strong></span> <span class='ocrx_word' id='word_1_270' title='bbox 133 3387 291 3466; x_wconf 87' lang='lat' dir='ltr'><strong>proximus</strong></span> <span class='ocrx_word' id='word_1_271' title='bbox 324 3383 490 3464; x_wconf 75' lang='lat' dir='ltr'><strong>cogebatur</strong></span> <span class='ocrx_word' id='word_1_272' title='bbox 519 3401 646 3445; x_wconf 86' lang='lat' dir='ltr'><strong>uxorem</strong></span> <span class='ocrx_word' id='word_1_273' title='bbox 673 3387 805 3465; x_wconf 87' lang='lat' dir='ltr'><strong>proximi</strong></span> <span class='ocrx_word' id='word_1_274' title='bbox 832 3386 967 3446; x_wconf 86' lang='lat' dir='ltr'><strong>relictam</strong></span> 
     </span>
    </p>
   </div>
   <div class='ocr_carea' id='block_1_5' title="bbox 427 3513 475 3521">
    <p class='ocr_par' dir='ltr' id='par_1_9' title="bbox 427 3513 475 3521">
     <span class='ocr_line' id='line_1_40' title="bbox 427 3513 475 3521; baseline 0.021 -1"><span class='ocrx_word' id='word_1_275' title='bbox 427 3513 475 3521; x_wconf 74' lang='lat'><em>...—</em></span> 
     </span>
    </p>
   </div>
   <div class='ocr_carea' id='block_1_6' title="bbox 54 3563 970 3708">
    <p class='ocr_par' dir='ltr' id='par_1_10' title="bbox 54 3563 970 3708">
     <span class='ocr_line' id='line_1_41' title="bbox 101 3563 970 3633; baseline 0 -13"><span class='ocrx_word' id='word_1_276' title='bbox 101 3567 129 3633; x_wconf 90' lang='grc'><strong>1)</strong></span> <span class='ocrx_word' id='word_1_277' title='bbox 148 3565 179 3619; x_wconf 85' lang='grc' dir='ltr'>Ιιι</span> <span class='ocrx_word' id='word_1_278' title='bbox 197 3565 239 3619; x_wconf 87' lang='lat' dir='ltr'><strong>ad.</strong></span> <span class='ocrx_word' id='word_1_279' title='bbox 258 3565 319 3620; x_wconf 81' lang='lat' dir='ltr'><strong>den.</strong></span> <span class='ocrx_word' id='word_1_280' title='bbox 343 3573 371 3620; x_wconf 87' lang='grc' dir='ltr'><strong>ει</strong></span> <span class='ocrx_word' id='word_1_281' title='bbox 389 3565 497 3618; x_wconf 87' lang='lat' dir='ltr'><strong>Wittsb.</strong></span> <span class='ocrx_word' id='word_1_282' title='bbox 521 3564 607 3618; x_wconf 72' lang='lat' dir='ltr'><strong>uerba</strong></span> <span class='ocrx_word' id='word_1_283' title='bbox 631 3563 731 3618; x_wconf 88' lang='lat' dir='ltr'><strong>desunt</strong></span> <span class='ocrx_word' id='word_1_284' title='bbox 753 3563 818 3616; x_wconf 85' lang='lat' dir='ltr'><strong>inde</strong></span> <span class='ocrx_word' id='word_1_285' title='bbox 838 3579 865 3617; x_wconf 85' lang='lat' dir='ltr'><strong>a:</strong></span> <span class='ocrx_word' id='word_1_286' title='bbox 893 3565 970 3620; x_wconf 82' lang='lat' dir='ltr'><strong>Oen-</strong></span> 
     </span>
     <span class='ocr_line' id='line_1_42' title="bbox 54 3636 540 3708; baseline -0.006 -18"><span class='ocrx_word' id='word_1_287' title='bbox 54 3643 161 3707; x_wconf 84' lang='lat' dir='ltr'><strong>sctur,</strong></span> <span class='ocrx_word' id='word_1_288' title='bbox 181 3653 268 3708; x_wconf 84' lang='lat' dir='ltr'><strong>usqua</strong></span> <span class='ocrx_word' id='word_1_289' title='bbox 289 3640 339 3692; x_wconf 78' lang='lat' dir='ltr'><strong>adr</strong></span> <span class='ocrx_word' id='word_1_290' title='bbox 358 3636 446 3690; x_wconf 88' lang='lat' dir='ltr'><strong>nihil</strong></span> <span class='ocrx_word' id='word_1_291' title='bbox 464 3638 540 3688; x_wconf 84' lang='lat' dir='ltr'><strong>sint.</strong></span> 
     </span>
    </p>
   </div>
   <div class='ocr_carea' id='block_1_7' title="bbox 79 3710 802 3795">
    <p class='ocr_par' dir='ltr' id='par_1_11' title="bbox 79 3710 802 3795">
     <span class='ocr_line' id='line_1_43' title="bbox 79 3710 802 3795; baseline -0.001 -12"><span class='ocrx_word' id='word_1_292' title='bbox 79 3742 167 3783; x_wconf 73' lang='lat' dir='ltr'><strong>nuum</strong></span> <span class='ocrx_word' id='word_1_293' title='bbox 180 3753 231 3795; x_wconf 74' lang='lat' dir='ltr'><strong>opp.</strong></span> <span class='ocrx_word' id='word_1_294' title='bbox 247 3743 275 3782; x_wconf 89' lang='lat' dir='ltr'><strong>v.</strong></span> <span class='ocrx_word' id='word_1_295' title='bbox 291 3743 318 3784; x_wconf 81' lang='grc' dir='ltr'><strong>ε,</strong></span> <span class='ocrx_word' id='word_1_296' title='bbox 332 3743 361 3782; x_wconf 74' lang='grc' dir='ltr'>ιι</span> <span class='ocrx_word' id='word_1_297' title='bbox 374 3742 414 3783; x_wconf 72' lang='lat' dir='ltr'><strong>sss</strong></span> <span class='ocrx_word' id='word_1_298' title='bbox 428 3742 480 3782; x_wconf 73' lang='lat' dir='ltr'><strong>uua</strong></span> <span class='ocrx_word' id='word_1_299' title='bbox 493 3742 508 3782; x_wconf 82' lang='grc' dir='ltr'>ι</span> <span class='ocrx_word' id='word_1_300' title='bbox 521 3751 540 3790; x_wconf 66' lang='grc' dir='ltr'>μ</span> <span class='ocrx_word' id='word_1_301' title='bbox 559 3740 607 3777; x_wconf 74' lang='lat' dir='ltr'><strong>von</strong></span> <span class='ocrx_word' id='word_1_302' title='bbox 624 3740 650 3782; x_wconf 86' lang='lat' dir='ltr'><strong>v.</strong></span> <span class='ocrx_word' id='word_1_303' title='bbox 784 3710 802 3770; x_wconf 82' lang='grc'>7</span> 
     </span>
    </p>
   </div>
   <div class='ocr_carea' id='block_1_8' title="bbox 0 0 1134 4002">
    <p class='ocr_par' dir='ltr' id='par_1_12' title="bbox 0 0 1134 4002">
     <span class='ocr_line' id='line_1_44' title="bbox 0 0 1134 4002; baseline 0 0"><span class='ocrx_word' id='word_1_304' title='bbox 0 0 1134 4002; x_wconf 95' lang='lat' dir='ltr'><strong> </strong></span> 
     </span>
    </p>
   </div>
  </div>
 </body>
</html>
