2250 4008
104 142 195 233 ¹nu
424 144 792 232 emmenum...

132 319 243 364 eonem
263 299 405 380 fidelem,
438 303 549 382 repetit
578 309 612 362 et
629 300 765 364 ineuloat
784 299 950 380 diligenter
972 296 1055 373 relat

133 384 230 466 digito
245 394 419 446 monstrans
441 385 515 446 illud
533 385 676 451 verbnm:
697 384 731 460 ¹Si
745 395 847 448 autem
862 382 949 463 qnod
971 379 1054 457 nolo,

132 468 366 548 quiasuperius
389 467 549 530 videbatur·
569 467 731 528 obscurius
755 467 887 545 dietum,
912 465 963 526 ubi
986 482 1053 526 earu

132 552 262 612 dixisset
282 551 435 612 similiter:
466 549 499 612 Si
521 561 624 612 antem
646 551 730 630 quod
758 551 848 630 nnio,
883 545 948 610 line
964 547 1054 626 lanio,

97 655 114 668 ¹·
132 642 297 714 antequam
314 633 451 695 interret:
473 635 537 696 lam
560 653 622 695 non
638 653 698 713 ego
713 652 834 714 operor,
856 633 1053 712 interposuit:

132 717 301 778 Onneentio
313 718 396 798 Legi,
418 719 564 798 qnoniam
587 717 669 780 bone
687 726 743 778 eet.
773 716 831 778 Hie
852 725 956 776 autem
982 732 1054 775 mex

131 801 235 862 infert:
259 799 291 862 Si
313 819 372 880 ego
395 802 504 863 nolene
525 801 617 878 lanio,
639 809 722 862 eerte
744 801 806 861 hoe
826 799 913 860 nolle
935 795 1054 878 probat,

132 883 215 964 quod
239 901 300 944 non
323 902 383 963 ego
405 885 466 944 iam
482 903 594 964 operor
608 883 692 960 illud,
716 890 862 944 ettamen
885 881 921 942 lit
941 884 975 941 in
998 899 1054 958 me,

131 985 206 1047 ergo
229 969 405 1030 necessario
422 977 594 1047 peecatum,
617 966 700 1046 quod
713 965 881 1031 habitat-in.
896 983 959 1043 me,
983 963 1053 1024 illud

132 1059 286 1130 operatur,
308 1058 341 1110 ut
361 1069 452 1112 nemo
475 1053 575 1131 poeait
596 1050 682 1110 lune·
698 1051 801 1111 loeum
825 1048 948 1118 uiuida
967 1047 1054 1126 epiri·

31 1181 39 1192 .
131 1135 205 1196 tuali
227 1135 351 1194 homine
370 1133 558 1214 intelligere,
587 1151 691 1213 neque
709 1133 758 1194 ·de
785 1135 839 1212 iia,
872 1133 926 1212 qui
949 1149 1054 1212 perpe-

131 1225 213 1279 trant
234 1235 330 1296 opere
351 1217 441 1280 mala.
485 1215 623 1278 Alterum
650 1217 731 1278 euim
757 1217 807 1282 hie
840 1216 915 1277 diait
936 1233 995 1294 per
1017 1213 1055 1273 el·

130 1308 228 1364 terum
249 1298 401 1380 impediri,
420 1301 465 1361 eie
487 1307 589 1384 tamen
601 1307 646 1360 ·ut
666 1300 790 1382 spiritua
812 1297 1006 1380 praevaleat,
1028 1305 1055 1355 et

131 1383 174 1444 illi
198 1382 346 1444 tribuatur
367 1383 451 1462 qnod
474 1402 535 1444 non
559 1391 718 1466 operetur,
747 1402 809 1444 nnn
833 1382 905 1442 velit
930 1379 1054 1440 melum.

105 1465 201 1529 ·llon
224 1467 311 1535 enim,
328 1468 417 1526 vertit
437 1468 640 1541 sententiam,
662 1471 696 1526 ut
716 1465 846 1552 dioerat:
878 1463 950 1525 Non
973 1463 1054 1524 enim

133 1550 246 1612 malum
269 1549 352 1628 quod
374 1549 457 1626 volo,
479 1549 540 1610 hoe
560 1549 651 1630 laeto,
673 1549 727 1610 sed
745 1549 859 1610 bonum
884 1545 968 1628 quod
994 1563 1054 1606 nnn

132 1634 286 1694 volohno
313 1633 419 1710 tenio,
446 1633 474 1694 ei
506 1641 608 1696 autem
641 1631 726 1711 quod
752 1632 826 1692 nolo
856 1631 972 1695 bonnm
996 1627 1054 1688 hue

131 1718 228 1799 ladio,
248 1718 311 1776 iam
332 1725 394 1778 non
418 1734 477 1796 ego
499 1733 611 1796 operor
636 1713 728 1792 illud,
750 1712 946 1794 eedg-rntie,
976 1731 1055 1791 quae

131 1800 300 1862 habitatin
324 1819 381 1862 me.
401 1797 495 1862 Haeo
516 1800 597 1860 enim
622 1816 696 1866 earo
717 1799 843 1875 dieeret,
862 1799 891 1856 ei
912 1805 1055 1876 regnaret

131 1903 223 1964 super
251 1884 388 1963 spiritum
409 1882 474 1946 eibi
502 1881 659 1944 rebellem.
707 1880 796 1941 Nune
825 1899 901 1942 oum
924 1878 1052 1960 Spiritus

131 1967 305 2047 queruletur
326 1972 357 2026 et
372 1971 498 2030 aoeueet
519 1984 653 2044 earnem,
675 1959 769 2044 patet,
791 1963 876 2043 quod
893 1982 958 2024 non
980 1981 1052 2024 euro

131 2051 316 2120 dominetur,
338 2047 393 2110 aed
415 2048 585 2112 dominanti
607 2047 732 2128 Spiritui
754 2049 884 2108 molesta
906 2061 938 2106 et
958 2043 1051 2106 rebal-

130 2134 167 2194 lie
190 2135 238 2197 sit.
281 2131 362 2192 Nihil
391 2133 471 2194 enim
494 2151 550 2212 pro
574 2149 681 2211 earne,
715 2131 769 2192 eud
794 2135 909 2192 matra
929 2147 1050 2190 earnem
1114 2156 1116 2164 ‚

130 2217 281 2300 loquitur,
314 2214 398 2295 qnod
428 2233 490 2276 non
512 2214 585 2276 lenit
605 2215 700 2280 homo
723 2213 854 2276 earnalia
877 2219 968 2274 extre
986 2231 1056 2292 gra·-

73 2329 76 2335 ·
130 2301 205 2362 tiam
237 2302 432 2362 constitutus.
472 2297 542 2362 Non
571 2301 646 2378 ergo
677 2299 750 2358 einit
776 2299 882 2378 gratia
903 2295 962 2356 Dei
992 2295 1051 2354 hee

131 2387 210 2466 opue
231 2383 352 2464 peoeati
375 2383 433 2444 eibi
453 2382 613 2462 imputari,
644 2382 715 2461 quia
735 2399 850 2444 revera,
864 2397 929 2441 non
953 2381 1051 2458 ipsum

132 2476 286 2549 operatur,
308 2472 463 2528 ettamen
485 2467 515 2526 in
534 2484 575 2546 eo.
586 2471 642 2544 eet,
664 2483 735 2527 vere
751 2481 876 2544 quoque
898 2464 1051 2544 ipeeope·

130 2559 223 2628 ratur,
246 2559 279 2612 ut
301 2549 374 2612 satie
396 2555 444 2610 est
464 2548 589 2610 dietum.
749 2601 753 2622 ,

185 2701 187 2704 ,
213 2628 339 2696 Invenio
362 2633 454 2714 igitur
475 2631 592 2696 volenti
614 2632 687 2695 mihi
708 2631 955 2706 faeere-benum,
977 2648 1050 2710 quo·

130 2721 213 2780 niem
234 2719 307 2780 mihi
328 2717 443 2778 malum
465 2716 594 2780 adiaoet
627 2715 697 2776 Non
719 2723 766 2776 eet
786 2715 867 2778 euim
890 2713 979 2792 aliua,
1000 2715 1050 2792 qui

132 2803 197 2864 vult
229 2802 330 2864 laeere
362 2800 494 2876 bonum,
527 2805 559 2862 at
591 2799 668 2861 aliun
699 2800 747 2863 eui
773 2797 891 2860 malum
919 2796 1049 2858 adiaaet.

131 2885 302 2966 spiritualia
335 2884 400 2945 vult
425 2883 539 2966 lacere¹
555 2882 669 2946 bonum
702 2887 799 2958 totus,
833 2880 886 2941 sed
921 2877 1050 2940 earnalia

131 2969 252 3033 adiaeet
273 2968 370 3031 malus
391 2969 459 3048 ipae
477 2967 576 3029 minua
600 2972 691 3026 totus.
741 2963 947 3042 Goudeleotor
969 2961 1055 3026 enirn.

131 3053 192 3133 legi
216 3053 273 3114 Dei
294 3052 462 3114 seeundum
484 3051 659 3110 interiorem
682 3048 852 3128 hominem,
887 3045 980 3108 video
1001 3065 1049 3104 au·

132 3145 193 3198 tem
214 3136 308 3198 aliam
328 3136 429 3219 legem
462 3135 506 3210 in,
523 3131 669 3198 membris
692 3131 795 3209 meis,
818 3137 1048 3210 repugnantem

132 3220 192 3299 legi
215 3221 325 3284 mentis
349 3237 446 3295 meae,
469 3223 501 3278 et
514 3217 719 3297 captivantem
744 3232 793 3274 me
808 3215 840 3274 in
856 3214 959 3295 legem
982 3231 1048 3294 pee-

132 3305 208 3381 eati,
241 3320 320 3382 quae
351 3308 398 3362 eet
427 3303 457 3362 in
492 3298 634 3376 membris
668 3299 754 3359 meis.
796 3295 857 3360 Hie
883 3298 1056 3364 manime*

132 3403 201 3446 sese
223 3385 367 3463 explieat.
410 3383 565 3444 Delectari
593 3381 726 3443 enimin
749 3382 817 3462 lege
841 3381 897 3442 Dei
919 3399 982 3440 non
1004 3387 1048 3440 eat

132 3467 190 3526 nisi
212 3468 254 3546 pii
276 3474 307 3526 et
316 3467 387 3524 insti
398 3466 619 3540 hominiunee
635 3471 786 3546 repugnet
801 3483 859 3524 neo
874 3481 1046 3543 repugnare

109 3556 220 3608 ‘eurat
241 3548 302 3627 legi
323 3547 543 3627 membrorum,
570 3548 627 3627 ‚qui
651 3549 747 3623 iustus
771 3553 916 3630 nonest,
949 3546 1046 3626 legem

133 3636 235 3690 autem
258 3631 367 3692 mentis
389 3649 450 3690 nnn
479 3628 571 3691 vooat
598 3627 703 3710 legem
736 3629 924 3710 naturalem,
953 3647 1045 3712 quam
