2254 4008
146 171 203 242 llil'
410 179 451 234 Dc
470 178 550 250 cept
566 173 667 250 nruyt.
682 178 827 236 Ecdeeioe

130 335 240 395 *tuisse
276 341 307 395 et
333 336 398 396 eius
433 337 623 415 perseverari
656 336 749 396 virtus
784 343 813 396 et
843 336 958 417 gloria,
994 357 1060 418 prae

147 418 306 500 tyrannide
335 419 482 480 avaritiae
516 429 545 479 ct
574 420 814 498 superstitionis,
848 439 929 500 quae
967 424 1063 483 omnia

147 502 249 562 divine
279 502 368 563 nobis
401 501 618 582 supplantavit.
675 503 847 563 Iuvenisset
880 505 945 563 eine
978 503 1063 565 dubio

147 591 177 646 et
197 586 247 646 bic
267 585 429 665 prudentia
456 587 556 645 caruis
585 605 656 645 suas
683 588 936 667 praeparationes
958 595 987 646 et
1008 589 1064 668 dig-

145 671 265 730 nitates⁴
288 669 398 730 deinde
420 671 654 746 reservationes,
676 671 894 744 restrictiones,
912 672 988 738 etsi
1010 691 1064 750 qua

146 761 215 813 eunt
249 753 359 813 similia
389 753 466 813 retia
498 754 711 832 pecuniarum,
747 753 855 832 quibus
895 773 975 833 aqua
1007 773 1065 815 uon

147 836 244 910 vilior,
268 855 359 916 qnam
383 855 464 896 nunc
485 835 681 896 membranae
704 836 894 898 venderetur.

229 921 358 997 Verum,
382 919 431 978 ubi
455 920 595 978 virtutem
619 919 759 1000 baptismi
782 921 811 980 io
842 919 977 1000 parvulis
1008 937 1067 979 nou

147 1004 245 1082 potuit
273 1011 359 1084 satan
390 1004 599 1081 exstinguere,
631 1004 802 1083 praevaluit
833 1011 952 1077 tamen,
982 1009 1012 1060 ut
1039 1004 1068 1062 in

148 1085 289 1146 omnibus
313 1086 424 1146 adultis
447 1087 664 1165 exstingueret,
686 1094 719 1146 ut
741 1088 800 1146 iam
823 1086 886 1146 iere
909 1103 1000 1146 nemo
1022 1089 1069 1159 sit,

146 1170 197 1248 qui
224 1187 294 1230 sese
327 1170 511 1250 baptisatum
547 1170 740 1244 recordetur,
777 1169 889 1230 nedum
918 1170 1070 1250 glorietur,

146 1259 193 1314 tot
215 1255 341 1334 repertis
363 1253 430 1313 aliis
459 1254 516 1312 viis
538 1252 788 1314 remittendorum
811 1259 1008 1333 pennatorum
1042 1261 1071 1311 et

94 1365 96 1378 =
145 1337 175 1395 in
200 1336 319 1397 coelum
343 1335 493 1398 veniendi.
538 1335 678 1396 Praebuit
691 1336 737 1396 hie
761 1335 957 1417 opinionibus
980 1355 1072 1396 occa-

146 1421 272 1480 sionem'
298 1419 422 1479 verbnm
450 1417 522 1478 illud
551 1419 756 1498 periculosum
791 1419 851 1479 divi
884 1419 1072 1500 Hieronymi,

145 1504 211 1562 sive
233 1503 313 1563 male
335 1504 478 1583 positum,
501 1504 566 1562 sive
589 1503 668 1561 male
689 1503 894 1576 intellectum,
916 1522 979 1582 quo
1000 1522 1071 1582 poe·

146 1587 305 1646 nitentiam
328 1586 465 1668 appellat
494 1586 660 1646 secundam
683 1595 754 1664 post
776 1585 965 1665 naufragium
989 1585 1072 1645 tabu·

146 1669 224 1744 lam,
256 1671 355 1749 quasi
379 1669 548 1748 baptismus
578 1685 638 1728 nou
669 1670 707 1727 sit
738 1671 936 1748 poenitentia.
995 1668 1073 1728 Hinc

146 1753 237 1830 euim,
260 1752 310 1812 ubi
332 1754 362 1812 in
384 1760 546 1832 peccatum
569 1751 645 1832 lapsi
664 1751 782 1829 inerint,
805 1751 843 1812 de
858 1753 955 1832 prima
968 1751 1072 1812 tabula

146 1852 200 1896 seu
220 1856 309 1896 nave*
322 1836 521 1916 desperantes
544 1835 626 1894 velut
638 1835 759 1911 amissa,
783 1835 939 1896 secundae
955 1842 1072 1894 tantum

146 1920 294 1999 incipiunt
315 1921 370 1980 niti
391 1926 421 1979 et
443 1918 538 1978 fidere
559 1918 698 1997 tabulae,
721 1919 750 1978 id
774 1927 833 1996 est,
856 1918 1074 1997 poenitentiae.

146 2003 225 2063 Hinc
246 2010 319 2064 nata
342 2010 411 2062 sunt
433 2011 583 2077 votorum,
606 2002 806 2080 religionum,
829 2019 966 2080 operum,
989 2003 1075 2060 satis-

147 2086 332 2162 luctionum,
354 2086 650 2166 peregrinationum,
673 2084 946 2164 indulgentiarum,
975 2092 1074 2144 aecta·

147 2187 213 2228 rum
235 2169 354 2228 inlinita
374 2169 426 2228 illa
449 2185 553 2242 onera,
576 2167 661 2227 etde
682 2169 719 2226 iis
743 2169 838 2227 maria
852 2167 1074 2244 illa-librorum,

148 2253 378 2330 quaestionum,
413 2252 609 2329 opinionum,
637 2250 832 2312 traditionum
861 2251 1075 2326 humanarum,

148 2353 224 2414 quas
247 2340 329 2394 totus
351 2333 481 2394 mundus
502 2335 563 2393 iam
586 2351 647 2393 non
672 2335 770 2414 capit,
794 2339 826 2393 ut
846 2333 1074 2413 incomparabi-

147 2417 214 2477 liter
235 2419 323 2497 peius
345 2417 438 2477 babet
459 2417 621 2477 ecclesiam
645 2416 702 2477 Dei
730 2435 767 2476 ea
797 2418 950 2497 tyrannis,
981 2436 1073 2496 quam

148 2518 280 2579 unquam
303 2499 410 2562 habuit
429 2517 621 2580 synagogam
650 2505 704 2560 aut
722 2499 815 2559 ullam
839 2501 994 2560 nationem
1019 2499 1074 2560 snb

149 2583 249 2646 coelo,

203 2665 204 2671 ’
230 2665 270 2726 At
292 2665 470 2746 pontificum
492 2671 558 2725 erat
579 2665 656 2726 haec
678 2666 782 2725 omnia
804 2664 922 2746 tollere,
945 2670 976 2725 et
990 2664 1074 2725 Obri-

146 2751 263 2810 etianue
286 2751 368 2809 omni
392 2767 465 2809 cura
487 2750 525 2809 ad
537 2750 742 2808 sinceritatem
755 2747 898 2828 baptismi
914 2765 1072 2821 revocare,

146 2849 207 2912 quo
236 2831 440 2912 intelligerent
468 2831 541 2911 quid
568 2839 685 2910 essent,
714 2838 745 2890 et
771 2831 842 2912 quid
866 2831 968 2892 lacere
991 2830 1074 2894 cnu-

145 2917 263 2976 stianc's
285 2922 436 2995 oporteat.
491 2915 603 2974 Verum
633 2933 725 2974 unum
760 2920 806 2974 est
842 2913 934 2976 hodie
967 2933 1072 2974 eorum

147 2998 293 3073 officium,
315 2999 447 3079 pupulos
472 3017 562 3077 quam
586 2998 763 3078 longissime
786 2997 978 3058 abduceres
1001 2996 1072 3077 bap·

146 3081 253 3160 tismo',
276 3087 307 3141 et
330 3081 443 3142 diluvio
466 3081 635 3161 tyrannidis
657 3099 732 3141 suae
754 3099 861 3141 omnes
882 3083 1072 3161 immergere,

146 3171 176 3224 et
204 3165 321 3241 tacere,
353 3171 385 3222 ut
413 3165 545 3244 populus
569 3163 678 3224 Obristi
712 3163 809 3244 (sicut
838 3163 989 3244 propbeta
1010 3165 1068 3236 ait)

146 3247 344 3308 obliviscatur
367 3247 431 3306 eius
457 3247 488 3306 in
510 3255 702 3326 perpetuum.
747 3245 931 3308 Oiolelices
953 3265 1071 3325 omnes,

146 3331 198 3410 qui
226 3330 319 3392 bodie
349 3327 527 3409 pontificum
556 3330 686 3389 nomine·
714 3335 892 3406 censentur,
929 3330 980 3410 qui
1010 3348 1069 3390 non

146 3413 239 3472 modo
264 3413 337 3472 nihil
360 3413 459 3471 sciunt
482 3430 539 3470 nee
559 3412 683 3488 iaciunt,
705 3413 787 3494 quod
801 3411 962 3493 pontifices
974 3410 1070 3488 decet,

146 3495 201 3555 sed
224 3496 368 3574 ignorant
390 3512 522 3573 quoque,
545 3495 707 3574 quidecire
729 3503 759 3555 et
781 3495 882 3556 iacere
904 3513 958 3556 eus
982 3513 1070 3576 opor-

147 3585 218 3638 tent.
264 3578 303 3638 ur
330 3577 460 3657 implent
485 3576 558 3635 illud
587 3577 658 3638 Elec.
678 3581 732 3643 56:
761 3577 978 3657 Speculatores
1008 3579 1069 3638 eius

146 3661 230 3722 caeci
254 3679 371 3739 omnes,
392 3659 567 3722 nescierunt
583 3661 726 3737 universi,
748 3661 805 3741 ipsi
821 3667 963 3743 pastores
984 3662 1067 3745 igno-
