2252 4006
80 265 103 306 ἱ

138 164 201 232 208
334 167 460 223 Assertio
486 185 564 224 omn.
582 171 660 224 artie.
679 169 714 222 D.
733 169 768 232 it.
787 167 819 225 L.
833 185 883 238 per

139 320 291 401 habeatis,
315 321 424 383 frustra
446 341 500 385 eos
519 325 653 400 tentatis,
678 325 750 403 quia
771 323 955 382 uosolnrnm
971 340 1055 382 ereu-
1118 376 1120 387 .

141 404 211 484 getii
233 423 356 464 sensum
388 406 554 483 habemus,
586 407 694 466 merito
725 406 865 466 omnibus
894 403 1056 484 praeferen-

140 486 221 547 dum.
253 489 367 565 ,Atque
389 507 427 548 ue
450 489 556 548 alienis
578 488 736 550 virtutibus
759 488 887 568 glorier,
921 487 1057 548 iohannis

139 568 220 630 Huss
243 570 430 648 iniquissime
453 591 471 630 a
494 571 580 632 vobis
603 572 755 632 combusti
777 572 854 632 hneo
875 579 924 630 est
938 571 1058 630 vintoris

138 653 168 712 in
192 652 253 713 hoo
265 653 358 714 verho
372 654 493 730 Christi,
516 656 577 714 imo
591 655 687 733 ipsius
700 653 821 726 Christi,
845 653 999 734 ohqoem
1012 651 1058 712 itle
1118 689 1119 692 =

139 742 266 799 exustus
278 744 334 812 est,
350 755 411 797 uon
427 738 507 796 enim
521 756 560 796 ex
572 755 640 799 meo
653 738 763 816 eapite,
776 736 831 798 sed
843 757 883 796 ex
895 735 975 796 iliius
988 735 1059 795 libro

140 818 177 878 de
199 819 331 879 ecelesia
352 820 466 899 scripto
489 826 520 880 et
542 839 560 879 a
583 819 670 879 vohis
690 821 835 880 damnato
859 819 939 879 haee
955 817 1058 878 habeo.

225 901 362 962 Alteram
384 902 650 980 quoqueefferuut
671 904 866 975 autoritatem
877 901 984 964 lohan.
995 900 1059 961 ult:

140 985 225 1044 Dixit
252 984 335 1044 iesus
358 985 464 1046 Petro:
496 985 619 1060 Simon,
650 1005 736 1046 amns
766 985 834 1044 me?
870 985 967 1044 Pasoe
990 1003 1060 1043 oves
1121 1029 1123 1034 .

141 1086 224 1128 meas
247 1075 304 1127 ete.
347 1067 404 1128 Hio
432 1067 538 1128 volunt
560 1087 667 1130 omues
695 1087 769 1129 oves
791 1067 883 1128 Petro
913 1074 944 1127 et
965 1083 1060 1146 papae

140 1151 337 1226 commissas,
367 1151 473 1212 iterum
503 1151 594 1211 solita
616 1152 772 1230 impietate
801 1149 927 1212 verbum
952 1149 1061 1208 Christi

140 1232 292 1314 figmentis
324 1235 388 1293 suis
422 1234 638 1294 adulterantes.
689 1233 825 1294 Christus
857 1235 939 1292 enim
963 1251 1061 1292 amare

139 1327 170 1375 et
198 1335 325 1394 passere
352 1319 472 1396 exegit,
505 1317 547 1376 illi
579 1335 652 1377 vero
685 1316 877 1396 impudenter
899 1324 1008 1376 eontra
1030 1333 1062 1374 os

140 1397 249 1458 Christi
273 1398 386 1475 diouut,
409 1419 469 1460 non
489 1419 557 1460 esse
569 1401 775 1460 necessarium
789 1418 927 1462 amorem
939 1399 1062 1477 pastori,

140 1499 208 1542 oum
230 1489 367 1561 potestas
390 1485 429 1542 sit
449 1483 591 1557 ferenda,
624 1483 744 1543 etiamsi
773 1483 803 1542 in
833 1482 915 1542 maio
948 1482 989 1540 sit
1010 1499 1062 1540 usu

141 1572 171 1624 et
192 1582 253 1624 non
277 1572 375 1644 amet,
404 1565 514 1626 deinde
537 1565 663 1626 verbum
685 1585 813 1644 passere
842 1583 964 1624 veneno
992 1583 1064 1623 snae

140 1646 263 1727 glossae
286 1655 459 1727 exponunt,
487 1668 543 1728 pro
566 1667 619 1726 eo,
641 1649 723 1726 qnod
748 1657 808 1728 est,
836 1647 1064 1729 praesiderent

138 1732 326 1809 superiorem
349 1750 426 1791 esse.
471 1731 511 1790 Et
522 1731 702 1791 sioverhum
721 1731 831 1792 Christi
855 1732 1063 1810 exstinguunt,
1120 1733 1121 1736 ’

140 1818 170 1873 et
192 1814 376 1874 eontrarium
398 1834 522 1874 sensum
545 1813 601 1878 sub
624 1813 733 1874 eodem
755 1821 943 1894 proponunt.

223 1895 299 1956 Dino
324 1915 414 1976 ergo,
443 1898 467 1956 si
498 1904 635 1976 potestas
665 1898 744 1957 maia
766 1904 813 1958 est
834 1895 976 1973 terenda,
1007 1895 1065 1956 hoo

142 1998 203 2041 non
226 1980 354 2042 donetur
375 2000 393 2040 a
414 1978 537 2041 Christo
558 1981 587 2040 in
611 1981 670 2040 hoo
694 1980 795 2042 verbo.
842 1979 899 2039 Hio
922 1999 983 2038 nou
1008 1979 1065 2038 nisi

142 2081 249 2122 amans
272 2062 382 2123 Christi
397 2063 504 2124 Petrus
527 2064 695 2142 requiritur,
718 2065 771 2142 qui
793 2063 817 2122 si
830 2081 939 2123 amans
955 2061 1064 2122 Christi

142 2163 203 2206 non
227 2145 331 2230 fuerit,
358 2146 431 2207 nihil
453 2147 491 2206 ad
522 2166 589 2206 eum
615 2146 738 2206 verbum
762 2145 852 2207 istud.
896 2144 1065 2220 Quarese·

141 2236 273 2307 quatum*
293 2235 325 2287 et
344 2247 456 2311 papam
488 2249 549 2290 uon
572 2249 641 2289 esse
670 2249 799 2310 papam,
832 2230 857 2288 si
891 2247 952 2290 nou
984 2235 1065 2287 amat

143 2312 311 2385 Christum,
334 2318 365 2372 et
386 2333 453 2373 eum
478 2316 527 2392 qui
550 2321 648 2386 amat,
670 2314 761 2374 etiam
784 2331 845 2372 nou
869 2330 967 2390 papa,
996 2329 1064 2370 esse

141 2414 264 2476 papam,
286 2397 311 2454 si
336 2394 395 2454 hoo
417 2396 511 2456 verbo
525 2405 655 2475 papatus
675 2397 847 2458 instituitur.
892 2393 1001 2472 Amor,
1022 2394 1063 2452 in-

142 2498 244 2559 quam,
266 2478 315 2538 hie
336 2479 509 2558 instituitur,
531 2497 591 2538 non
614 2487 763 2558 potestas,
785 2496 863 2557 quae
878 2477 944 2537 sine
960 2495 1063 2536 amore

142 2580 211 2622 osse
232 2567 342 2642 potest.

227 2644 379 2722 Secundo,
402 2644 526 2704 verbum
550 2663 677 2723 pasoere
699 2640 851 2722 signifieat
872 2662 935 2702 non
954 2643 1064 2722 praesi-

142 2728 224 2804 dere,
247 2728 300 2788 s'ed
324 2730 453 2802 servire,
476 2746 537 2787 non
561 2729 640 2786 enim
663 2727 839 2806 potestatis,
862 2724 916 2785 sed
940 2726 1063 2784 servitu·

143 2811 181 2870 tis
203 2807 328 2869 verbum
352 2819 408 2884 est,
431 2811 501 2869 lieet
523 2817 552 2869 et
574 2810 624 2870 hio
642 2811 703 2868 suis
727 2807 930 2886 torsionibus,
952 2807 1063 2868 illusio·

142 2893 231 2952 nibus
262 2899 291 2952 et
318 2892 548 2954 confusionibus
576 2891 737 2955 verborum
768 2898 952 2970 potestatem
984 2890 1061 2950 iilam

141 2977 324 3036 servientem
345 2976 468 3038 saniant.
512 2976 623 3036 Verum
655 2994 723 3035 oum
752 2993 878 3055 pasoere
906 2975 947 3034 sit
974 2993 1062 3033 evan·

142 3058 255 3138 getium
268 3058 378 3132 Christi
401 3057 580 3139 praedicare
602 3066 632 3118 et
644 3067 784 3136 truotnre,
805 3056 997 3136 impossibile
1012 3063 1062 3132 est,

142 3151 175 3202 ut
195 3149 340 3222 papatum
370 3141 536 3222 significet,
569 3161 636 3202 oum
669 3141 750 3201 aliud
779 3141 818 3200 sit
850 3159 918 3200 esse
942 3159 1060 3219 papam,

141 3233 174 3286 ut
192 3226 350 3299 videmus,
373 3233 403 3284 et
426 3223 508 3284 alind
530 3225 680 3302 evangeiii
703 3224 918 3301 ministerium,
949 3230 1059 3282 utnon

142 3309 262 3386 possint
283 3307 374 3382 ambo
398 3307 507 3366 eodem
530 3306 623 3366 verbo
637 3305 811 3386 significari,
834 3307 890 3364 nisi
907 3305 1059 3384 quomodo

142 3399 229 3466 petre
250 3389 436 3468 siguifioavit
453 3387 511 3448 iilis
533 3394 678 3468 papatum
702 3387 844 3447 attidem
868 3386 991 3450 Christi.

225 3471 403 3549 Eademque
423 3471 543 3529 ratione
566 3469 766 3548 concluditur,
788 3471 879 3530 toties
902 3470 1057 3530 eeclesiam

146 3550 210 3608 sine
231 3560 345 3630 papatu
367 3571 450 3629 esse,
479 3553 598 3629 quoties
628 3572 709 3632 papa
736 3571 794 3612 neo
815 3558 900 3612 amat
929 3571 988 3612 neo
1015 3570 1059 3630 pa·

146 3631 213 3704 soit,
233 3633 263 3690 id
285 3636 367 3714 quod
389 3639 419 3694 et
440 3652 544 3692 verum
568 3641 623 3696 est.
665 3633 743 3696 Nam
765 3634 817 3696 ubi
839 3651 901 3696 non
923 3642 972 3696 est
1002 3653 1059 3694 ver·
