2250 4008
303 156 430 212 mono
446 153 631 210 hstomime
648 160 699 210 oto.
902 151 964 220 ffl

24 307 188 386 surdum,
218 309 329 374 dooere
350 311 381 372 in
405 311 538 372 eoolssiu
562 310 698 372 inserte?
732 308 865 385 Quando
887 327 962 389 ergo

50 393 103 452 erit
124 411 189 471 pex
210 394 239 452 in
262 394 405 456 oordihus
435 394 574 456 nostris?
610 392 690 470 Quid
711 393 830 454 interim
853 391 965 452 ieoiet?

49 495 84 534 nn
107 475 208 536 orabit
237 495 294 556 pro
317 479 408 538 venis
429 479 548 557 pennati
586 480 617 537 in
649 478 733 538 hono
768 494 878 556 opere,
912 483 965 534 eut

50 556 173 619 isotshit
194 558 268 621 iilud
289 579 394 622 uorem
416 561 507 622 Deo?
530 560 699 622 Periculum
722 566 785 636 est,
808 560 833 618 si
857 575 964 638 peoee

49 649 108 700 tum
141 649 190 702 est
221 651 251 702 et
282 645 402 706 venium
434 662 497 706 non
520 645 604 724 petit.
647 643 763 704 Rursus
785 642 964 723 perieulum,

48 725 71 782 si
95 724 217 784 veniam
248 727 342 807 petit,
373 727 426 788 ubi
447 745 509 790 non
532 735 579 789 est
611 733 663 788 sut
695 745 757 786 non
789 743 857 784 esse
879 731 966 804 putet

48 805 180 886 uulpem.
223 807 385 871 hientietur
405 812 486 872 enirn
509 818 540 871 et
556 809 656 871 orehit
677 828 733 889 pro
755 827 803 883 eo,
826 826 881 888 pro
904 825 966 887 quo

49 908 107 948 non
130 890 281 954 urendum
303 895 414 973 sentit,
444 902 472 954 et
494 893 554 955 hoo
576 895 645 973 ipso
668 890 863 953 confitebitur
885 910 963 971 opus

48 973 135 1032 venie
157 972 303 1054 dignum,
326 984 359 1039 et
378 977 472 1038 fnoiet
494 978 523 1038 ei
545 978 693 1037 iniurium.
738 973 912 1055 Suspendet
933 976 964 1034 in

49 1055 193 1118 dubium?
229 1076 303 1139 engo
336 1061 429 1122 etiem
457 1059 574 1120 inoerts
602 1077 691 1120 orere
713 1064 869 1138 orportet,
902 1075 964 1118 nnn

47 1145 162 1200 tentum
186 1142 328 1220 operari?
350 1141 472 1204 Grotius
496 1142 598 1223 vobis,
623 1141 760 1222 Magistri
783 1142 892 1218 nostri,
913 1143 964 1219 qui

48 1222 117 1283 nihii
141 1225 336 1304 inosrtum1)
362 1225 452 1287 uobis
474 1226 659 1306 relinquitis,
680 1243 740 1286 neo
761 1224 821 1284 hoo
842 1224 963 1302 quidem

47 1310 161 1368 eertum
184 1306 293 1390 fecitis,
315 1329 353 1369 en
376 1310 437 1370 sint
456 1310 575 1370 ineerta
595 1310 707 1370 omniu.

126 1388 189 1450 Sed
210 1390 364 1453 inoesssnt
390 1394 458 1454 istu.
500 1391 683 1472 Exemplum
716 1391 805 1452 huius
827 1391 963 1470 reguiee,

48 1473 129 1552 Opus
152 1471 266 1534 honum
289 1482 335 1536 est
356 1477 422 1536 sine
442 1481 591 1556 peoouto,
625 1475 716 1554 piene
747 1474 833 1534 deest
854 1475 883 1533 in
907 1475 966 1534 heo

50 1558 123 1634 vitu,
152 1557 226 1635 quin
248 1557 432 1635 Penius-(ut
451 1559 603 1634 diximus)
628 1576 690 1618 non
713 1555 806 1618 sudet
834 1557 895 1617 hoo
918 1577 963 1616 us·

48 1658 145 1700 serere
171 1639 210 1700 de
237 1642 300 1702 suis
322 1643 485 1723 operibus,
517 1641 597 1702 Nihil
633 1641 724 1718 mihi,
762 1638 963 1722 inquiens*),

49 1723 190 1784 oonsoius
212 1742 288 1802 sum,
311 1724 450 1786 sednon
472 1727 502 1785 in
521 1723 775 1786 hooiustiflostus
796 1742 873 1785 snm.
896 1723 964 1783 Ger-

49 1815 93 1866 tos
114 1812 220 1868 eutem
243 1825 300 1868 nos
329 1827 399 1869 esse
431 1813 569 1890 oportet,
606 1807 677 1868 ideo
700 1807 782 1868 Deus
812 1808 843 1866 in
866 1808 965 1885 gratis

48 1907 100 1948 sue
121 1889 213 1950 nohis
233 1890 365 1970 providit
388 1891 560 1970 hominem,
588 1892 618 1952 in
648 1908 709 1970 quo
732 1888 965 1967 oonflderemus,

49 1979 76 2032 et
96 1990 159 2034 non
183 1975 214 2033 in
237 1989 333 2054 opere
354 1983 468 2036 nostro.
511 1974 589 2036 Nom
611 1975 750 2054 quemvis
773 1992 828 2054 per
850 1971 964 2032 donum

49 2053 114 2115 fidei
143 2074 203 2116 nos
234 2056 404 2120 iustitioerit
442 2067 475 2119 et
506 2053 561 2139 per
589 2058 718 2138 graiium
753 2075 839 2118 esem
877 2057 966 2117 nobis

50 2137 142 2201 iuotus
165 2140 206 2199 sit
225 2139 389 2225 propitios,
422 2148 523 2202 temen
546 2159 585 2201 ne
606 2159 788 2221 vagaremur
815 2141 845 2199 in
877 2138 966 2200 nobis

50 2222 117 2301 ipsis
159 2228 191 2284 et
219 2225 251 2284 in
271 2224 318 2284 his
340 2223 429 2286 donis
457 2227 535 2303 suis,
566 2223 664 2284 voluit
697 2231 730 2283 ut
759 2225 789 2283 in
812 2223 964 2284 Christum

49 2306 220 2384 niteremur,
243 2314 275 2366 ut
295 2325 353 2368 nse
373 2309 488 2369 iustitie
509 2307 562 2368 iiie
576 2313 688 2388 ooepte
709 2306 798 2367 nobis
821 2307 895 2366 setis
916 2307 965 2379 sit,

49 2391 102 2448 nisi
123 2389 155 2450 in
179 2389 288 2450 Christi
316 2391 431 2452 iustitie
451 2390 591 2466 haerent,
619 2397 649 2450 et
670 2409 711 2450 ex
731 2391 800 2470 ipso
821 2389 905 2466 fluet,
927 2407 966 2450 ne

49 2473 113 2550 quis
133 2473 292 2553 insipiens,
314 2474 409 2536 semei
422 2480 551 2555 sooepto
565 2472 659 2550 dono,
680 2475 740 2533 ism
763 2481 848 2534 satur
870 2480 901 2532 et
921 2491 965 2532 se·

50 2572 136 2616 eurus
155 2553 214 2617 sihi
233 2555 382 2631 rideatur,
404 2556 459 2618 sed
481 2559 511 2617 in
533 2556 618 2618 ilium
640 2573 697 2616 nos
717 2555 784 2635 repi
807 2555 845 2616 de
866 2555 915 2616 die
937 2558 966 2616 in

51 2637 126 2700 diem
151 2640 248 2718 nugis
270 2639 382 2719 voluit,
411 2660 472 2700 nou
495 2642 525 2700 in
548 2641 683 2719 eooeptis
706 2640 891 2718 consistere,
913 2637 967 2700 sed

51 2721 77 2782 in
100 2721 252 2784 Christum
273 2723 366 2803 plene
387 2723 603 2786 transformari.
646 2722 730 2784 Illius
751 2723 831 2800 enim
853 2723 967 2782 iustitie

50 2811 130 2866 oertu
152 2812 184 2866 et
204 2814 352 2886 perpetus
374 2813 440 2885 est,
474 2806 516 2867 ibi
539 2811 671 2868 non-est
693 2812 817 2884 nutare,
840 2805 882 2866 ibi
903 2823 965 2867 nou

51 2895 94 2949 est
114 2887 262 2965 defluere,
283 2890 352 2969 ipse
372 2889 520 2952 Dominus
543 2889 688 2951 omniurn.

127 2971 201 3034 Ideo
223 2971 335 3034 Psulus
358 2974 434 3033 miru
455 2972 612 3054 diligentie
633 2974 753 3051 quoties
776 2970 869 3034 fldem
883 2972 965 3033 Ohri·

52 3056 87 3114 sti
107 3054 273 3135 proediout,
297 3056 343 3116 sio
363 3055 529 3137 proediost,
552 3063 662 3117 utnon
675 3062 792 3116 tontum
806 3075 861 3136 per
879 3056 964 3116 ilium

52 3144 101 3200 out
121 3138 159 3200 ub
181 3138 297 3200 illusit
318 3140 446 3221 iustitis,
475 3139 529 3200 sed
550 3141 641 3200 etium
664 3141 694 3199 in
717 3139 820 3218 iilum,
853 3146 886 3199 ut
907 3157 964 3198 nos

51 3221 79 3280 in
97 3223 198 3303 ipsum
220 3223 332 3284 reseret
353 3231 384 3283 et
405 3221 610 3303 transformet,
632 3229 662 3282 et
681 3223 763 3282 velut
784 3223 815 3282 in
838 3221 966 3283 ubseon·

53 3323 114 3366 sum
137 3313 243 3386 ponet,
266 3307 366 3366 donee
387 3307 590 3368 hsuseetirs.
633 3303 685 3365 Sio
707 3305 795 3366 Rom.
818 3309 854 3368 h:
878 3304 963 3366 lusti·

30 3385 129 3450 'flesti
150 3407 190 3450 ex
213 3388 273 3448 tide
293 3406 402 3468 puoem
425 3389 572 3450 hebemus
595 3386 633 3447 sd
656 3388 765 3463 Deum,
787 3406 843 3468 per
864 3388 967 3448 Domi·

55 3469 120 3532 num
142 3481 277 3534 nostrum
301 3471 401 3534 lesum
424 3473 584 3534 Christum.
628 3469 709 3532 Eoos
730 3471 806 3532 iides
835 3489 896 3533 nou
919 3491 965 3532 su·

56 3574 160 3582 -—-—-.

118 3609 148 3677 1)
170 3611 199 3663 In
218 3611 284 3664 edit.
303 3610 425 3663 ienensi:
446 3609 514 3662 nihil
533 3603 586 3661 hisi
607 3610 753 3664 incertum.

122 3683 153 3748 ¹⁴)
176 3685 201 3740 1.
221 3683 342 3736 Corinth.
362 3681 388 3734 4.

96 3791 184 3834 numeri
198 3801 249 3840 opp.
264 3789 290 3832 v.
305 3787 333 3826 n.
347 3785 375 3826 ao
399 3787 440 3826 res.
455 3787 503 3828 mat.
519 3787 533 3826 t.
548 3797 571 3836 p.
584 3787 634 3829 vor.
649 3788 675 3830 v.
760 3755 799 3818 32
