2258 4002
182 227 185 236 ,
255 171 362 266 Bullanr
381 171 466 233 Isou,
486 173 518 226 ll.
537 171 704 252 damnata
727 171 804 241 1520.
928 167 990 241 199

62 325 193 406 quilibet
216 328 380 417 episeopus
408 327 499 389 etiarn
521 327 618 392 invito
639 345 738 410 papa,
765 326 917 404 Christum
945 345 990 400 ss·

63 416 156 471 entus
177 411 209 472 in
234 411 411 492 evangelio,
441 430 544 472 rursus
567 417 726 490 utramque
748 430 762 471 s
787 411 882 480 eeiem
904 407 991 484 laiois

62 491 162 556 daret.
207 492 306 570 Quam
330 494 380 569 din
401 513 478 574 rogo
501 495 627 554 sinimus
656 513 713 554 nos
741 430 826 554 illudi
849 493 989 554 humanis

60 577 129 641 ist-is
165 575 320 657 figmentis
352 584 383 638 et
415 575 557 638 statutis?
590 582 639 636 An
671 578 847 658 ignoramus
874 573 988 658 Deo*)

60 661 164 740 magis
187 679 279 742 quem
301 659 474 721 hominibus
497 679 566 720 esse
593 657 819 735 obediendum?
853 658 990 733 Christus

62 743 228 886 ntrfamqsse
250 743 303 804 dat
324 740 441 829 populo
463 762 536 820 suo,
565 750 595 803 et
618 743 747 804 vinarius
770 761 842 803 suns
864 742 991 822 alterans

62 846 102 886 au
116 833 183 896 eret
735 873 741 888 .
926 887 932 892 .

151 909 333 982 Oonsnltnm
361 910 469 970 iterum
498 905 588 986 volo,
621 915 653 968 nt
675 906 801 987 quilibet
821 907 934 989 laicus,
967 907 991 968 si

63 993 204 1072 speeiem
227 992 354 1055 alteram
377 994 541 1079 impetrare
562 1010 624 1051 non
647 997 760 1072 potest,
782 991 812 1055 vi
823 987 991 1072 tyrannidis

62 1076 155 1142 huius
178 1074 353 1157 impeditus,
377 1073 470 1136 eorde
492 1074 600 1136 saltem
623 1077 688 1134 toto
712 1081 814 1154 optet,
837 1079 868 1134 et
889 1079 993 1154 gemet

62 1157 102 1219 ad
125 1158 246 1238 Deum,
269 1157 352 1238 qnod
375 1159 486 1219 nostris
519 1158 656 1238 pennatis
688 1155 872 1218 merentibus
909 1155 1012 1238 digni,

62 1241 139 1302 faeti
161 1260 276 1320 sumus,
299 1241 409 1320 quibus
422 1240 507 1320 impii
528 1239 694 1303 adversarii
706 1241 843 1302 veritatis
865 1239 992 1300 alteram

62 1330 185 1404 partem
208 1325 390 1385 sacramenti
419 1323 588 1400 auferrent,
616 1329 647 1388 et
674 1341 730 1383 nos
760 1327 868 1388 nostro
890 1341 992 1394 saere-

63 1412 172 1476 mento
194 1405 371 1487 spoliarent.
403 1405 483 1468 Nam
505 1406 567 1468 hoo
588 1425 647 1486 ego
670 1405 750 1483 dieo,
772 1404 797 1466 si
813 1406 992 1491 quiesciens

63 1490 189 1550 omittat
226 1488 400 1563 desiderare
434 1488 543 1558 saltem
577 1488 702 1557 alteram
746 1489 838 1549 etiam
874 1494 992 1576 partem

63 1573 267 1651 sacramenti,
298 1572 369 1634 lieet
399 1578 507 1646 neutra
536 1573 710 1646 necessaria
731 1571 786 1652 sit,
820 1590 888 1631 enm
916 1568 992 1639 fides

66 1655 136 1728 sola
157 1654 208 1714 hio
230 1654 372 1733 sufficiat,
394 1656 520 1735 impium
544 1673 614 1731 euni
637 1660 770 1736 esse,'st
791 1651 992 1730 Ohristnruab

67 1757 104 1799 eo
127 1757 168 1798 ne
193 1757 247 1802 arr.

180 1839 217 1882 ee
238 1820 355 1896 cavillis
377 1820 497 1894 illorum
519 1825 688 1899 moventur,
711 1820 762 1900 qui
784 1817 920 1900 garriunt
937 1815 993 1897 snb

65 1923 148 1985 pane
172 1904 276 1964 omnia
298 1904 407 1983 aooipi,
430 1903 566 1964 Christus
589 1903 680 1980 etiarn
703 1902 820 1978 solebat
841 1900 897 1961 snb
912 1919 993 1981 pane

65 1986 173 2062 omnia
201 1987 317 2068 aooipi,
352 1986 546 2066 nihilominus
578 1992 680 2062 tamen
720 1987 824 2058 vinnm
855 1984 1005 2066 instituit..

66 2068 193 2133 Solebat
205 2069 308 2130 omnia
323 2069 391 2133 sola
412 2067 472 2138 ilde
484 2069 611 2210 peroipli5
633 2075 662 2128 et
684 2075 785 2147 tamen
799 2074 993 2144 saoramenta

68 2151 232 2223 ordinavit.
277 2151 345 2228 Quo
368 2153 432 2224 iure
454 2170 559 2225 servus
612 2152 705 2212 nmini
728 2152 773 2214 sui
797 2155 894 2212 mutat
915 2148 992 2220 ordi-

65 2234 232 2298 nationes?
255 2233 316 2296 Gur
337 2233 514 2296 saoerdotes
528 2253 590 2294 non
613 2234 705 2295 etiam
718 2233 822 2295 omnis
843 2229 899 2293 sub
912 2252 993 2317 pane

66 2316 247 2414 ascipiunt?
269 2317 379 2385 Nonne
391 2336 468 2376 unns
482 2317 570 2396 panis
589 2322 619 2377 et
638 2337 731 2390 nnunr
754 2335 865 2398 eorpus
879 2335 994 2394 sumus,

67 2420 193 2480 omnes,
218 2402 269 2484 qni
292 2397 330 2462 de
351 2419 412 2462 uno
432 2419 515 2484 pane
546 2406 577 2460 et
605 2397 643 2459 ds
665 2418 726 2476 uno
749 2399 846 2478 salios
872 2399 993 2478 partini·

67 2502 194 2566 pannus,
227 2489 260 2552 ut
282 2482 442 2564 apostolus
464 2479 487 2546 l.
511 2479 646 2554 Corinth.
671 2483 718 2560 10.
748 2481 840 2559 doust
868 2483 994 2542 sertis-

68 2565 166 2626 sime?
190 2566 232 2626 At
251 2585 334 2646 papo
354 2565 450 2629 laieos
469 2565 507 2627 ab
529 2565 590 2626 hoo
602 2583 662 2636 uno
679 2583 808 2646 corpore
830 2502 994 2625 excludere

69 2655 216 2726 conatur,
247 2647 318 2709 dunr
341 2668 403 2710 non
426 2667 533 2711 omnes
555 2646 593 2708 de
617 2666 678 2708 uno
699 2647 796 2724 oaliee
819 2646 884 2723 vult
904 2648 994 2732 parti-

69 2732 183 2812 oipam,
204 2732 349 2792 resistens
373 2738 435 2792 tum
452 2731 583 2808 Christo,
606 2734 669 2791 turn
692 2726 853 2806 Paulo**)
877 2738 907 2791 et
930 2729 994 2790 uni-

71 2833 179 2876 versae
201 2813 351 2882 eeolesiae
372 2813 446 2899 Dei,
476 2821 593 2911 tentum
623 2820 655 2873 ul
683 2833 712 2879 nr
736 2813 859 2874 sterium
888 2813 994 2892 iniqni-

71 2898 139 2958 tatis
168 2915 243 2958 suse
274 2903 417 2978 operetur
443 2896 523 2959 filins
551 2895 603 2956 rlle
630 2833 808 2976 perdilionis
837 2902 869 2956 et
899 2895 993 2956 homo

74 2981 200 3060 psontti.
297 2983 300 2991 '

324 3107 506 3171 Decimus
535 3106 744 3186 septimus:

137 3229 285 3291 Thesauri
307 3228 470 3304 ecelesiae,
499 3227 579 3290 unde
600 3248 681 3309 papa
708 3228 761 3289 dat
781 3228 995 3310 indulgentias,

133 3331 195 3382 non
218 3319 289 3377 sunt
310 3313 414 3376 merita
438 3309 548 3386 Christi
570 3318 601 3374 st
623 3310 814 3382 Sanotorum.

155 3430 245 3490 iluna
266 3427 393 3510 probavi
407 3429 477 3505 sis,
499 3429 570 3507 quio
592 3429 700 3489 merita
721 3428 833 3491 illusisti
855 3434 925 3488 sunt
947 3445 995 3488 res

80 3515 178 3587 rivas,
211 3511 384 3592 spirtuslss
410 3517 442 3571 nt
463 3529 588 3588 saurae,
621 3528 702 3590 quse
732 3509 900 3575 instillent
931 3527 994 3574 sor.

131 3676 162 3744 ‘l
183 3661 361 3736 Acuunt.
398 3673 447 3746 ··)
467 3673 494 3732 a.
513 3673 654 3733 neus
