2250 4008
339 171 461 226 muana
480 170 656 231 Latomiar'uaa
674 177 724 227 etc.
918 167 989 236 Ι515

70 329 150 387 sima
178 326 256 387 dixi:
300 327 384 390 Siout
411 329 477 389 sine
501 347 593 390 carne
619 346 681 389 oon
709 345 832 403 sumus,
859 327 903 388 ita
923 326 989 388 sine
1071 376 1074 386 ,

68 429 164 471 carna
186 429 247 470 non
272 430 450 492 operamur,
478 413 521 474 ita
549 431 607 473 neo
629 413 695 472 aine
718 413 797 472 vitiis
819 412 919 472 carnis
942 429 987 470 su-

68 511 148 570 mus,
170 511 229 555 nec
239 495 358 557 cinaeis
370 514 542 576 operamur,
551 493 986 572 utlongeinsulsissimcbato·

55 580 137 636 'rnna
160 596 200 637 ex
215 579 390 656 particulari
411 579 459 640 rel
478 579 624 658 singulari
647 578 845 658 syllogismis,
865 577 989 657 quando

66 661 115 720 sio
125 662 239 740 arguit:
263 661 436 741 Aliquando
450 663 554 747 passio
566 663 704 742 quiescit,
728 679 801 742 crgo
816 667 937 722 nonest
958 663 988 720 in

67 745 154 804 omni
177 762 270 823 opcrs
290 745 373 806 bono
395 751 566 826 peccatum,
589 748 640 825 qui
661 745 762 806 dicere
785 744 904 805 debuit:
928 744 989 805 Ali·

66 826 194 905 qnando
218 847 325 890 ornnes
348 829 524 908 quiescunt,
558 837 588 889 et
609 835 707 890 totum
737 835 899 909 peccatum
921 827 988 889 dcr-

66 911 167 986 mitat,
189 910 271 992 quod
295 918 342 972 eet
363 911 569 992 impossibile,
591 914 663 993 quia
679 931 751 972 caro
774 929 823 972 res
839 912 911 972 riva
932 917 989 988 est,

66 994 99 1054 in
123 993 246 1056 assiduo
270 1003 355 1056 motu
378 1002 433 1074 est,
456 997 507 1075 qui
530 1003 663 1056 mutatur
684 996 807 1055 mutatis
829 995 966 1057 obiectis.

152 1077 186 1138 ln
209 1097 319 1139 somno
343 1097 416 1140 vcro
439 1078 521 1158 quod
544 1099 605 1140 non
629 1085 790 1158 peccatum
811 1079 866 1156 sit,
897 1079 988 1139 etiam
1067 1109 1069 1118 ‹

66 1161 187 1238 gratiae
210 1161 267 1221 Dei
285 1168 341 1240 est,
364 1179 425 1223 non
442 1169 577 1238 naturae,
599 1168 759 1243 paccatum
775 1161 893 1222 scilicet
906 1161 988 1222 dam·

67 1242 173 1305 nubile
195 1263 256 1306 nou
279 1244 407 1323 celibi,
429 1265 487 1308 neo
509 1246 626 1321 obstat,
661 1245 744 1325 quod
767 1263 840 1305 usus
862 1245 988 1305 rationis

66 1345 133 1387 non
155 1325 244 1390 adsit.
287 1328 449 1390 Peccatum
471 1336 535 1406 est,
569 1329 652 1408 quod
674 1347 750 1408 pure
773 1327 905 1389 dormire
927 1345 988 1389 non

66 1427 244 1489 possumus.
289 1411 389 1487 Quare
413 1432 473 1474 nou
495 1414 662 1473 mansimus
683 1413 715 1472 in
737 1411 936 1487 rectitudine,
958 1411 988 1471 in

68 1511 132 1572 qua
153 1493 239 1574 pure
259 1493 391 1556 dormire
423 1505 452 1554 et
474 1497 578 1556 omnia
600 1514 676 1575 pura
689 1493 720 1568 1)
744 1493 846 1555 iacere
867 1501 988 1574 potera-

68 1575 161 1636 mus?
196 1576 266 1638 Non
300 1584 428 1638 excusat
460 1579 575 1639 ebrium
612 1597 669 1639 sua
691 1577 839 1655 ebrietas,
867 1576 988 1656 siquid

65 1677 125 1739 per
145 1679 213 1720 eam
236 1668 362 1741 peccat3
384 1679 437 1721 cur
460 1680 521 1722 non
540 1663 707 1741 permansit
723 1657 865 1722 sobrius?
888 1659 989 1735 Quare

67 1741 143 1803 nihil
165 1741 255 1803 nobis
277 1752 382 1804 nostra
405 1746 504 1824 gratia
524 1744 715 1826 indulgetur,
742 1742 816 1803 nihil
838 1761 878 1803 ex
900 1741 990 1804 nobis

67 1824 215 1886 mnndum
238 1832 295 1904 est,
317 1827 372 1887 sed
395 1847 433 1887 ex
457 1827 524 1888 sola
548 1829 648 1906 gratia
669 1834 700 1888 et
722 1827 805 1887 dono
819 1825 886 1888 Dei.
910 1826 991 1902 Quid

67 1916 200 1970 excusat
219 1909 366 1989 parvulos
388 1929 449 1972 non
472 1909 659 1992 baptisatus,
691 1909 774 1990 quod
805 1908 993 1970 damnantur

65 1992 96 2050 in
121 1992 303 2053 astercum?

150 2073 257 2136 Gratia
278 2076 346 2136 Deo
368 2095 424 2156 pcr
445 2076 547 2136 lesum
570 2077 724 2137 Christum
748 2075 912 2136 Dominum
936 2092 989 2135 no-

54 2163 172 2219 ·strnm.
217 2157 339 2219 Gratias
361 2161 425 2237 agit
447 2159 557 2220 Paulus
580 2177 641 2220 non
663 2178 737 2220 suae
760 2159 910 2234 institiae,
936 2158 989 2219 aad

64 2240 257 2302 misericordi
280 2241 365 2320 Deo,
397 2241 490 2320 idque
512 2261 567 2323 per
588 2242 688 2302 lesum
710 2242 862 2303 Christum
887 2240 990 2302 Domi-

65 2341 139 2384 nam
162 2330 310 2388 nostrum.
362 2324 451 2384 Hunc
486 2327 566 2386 enim
604 2344 727 2406 semper
760 2324 889 2405 opponit
910 2321 1002 2398 Deo,¹

67 2405 124 2467 snb
146 2406 236 2467 huius
258 2407 314 2468 alis
338 2425 407 2468 sese
435 2407 611 2484 abscondit,
645 2410 677 2469 in
708 2408 797 2469 huius
825 2407 924 2488 gratia
950 2406 990 2467 de

67 2490 168 2569 gratia
189 2495 219 2550 ct
241 2489 325 2552 dono
347 2490 404 2551 Dei
427 2490 542 2570 gaudet
569 2497 599 2551 at
621 2491 779 2568 gloriatur.
822 2489 917 2569 Optat
939 2510 990 2551 au·

67 2577 130 2632 torn
153 2572 274 2634 liberari
297 2571 336 2634 ab
359 2575 417 2634 istc
442 2591 581 2654 corpore.
626 2573 695 2635 Nou
725 2576 805 2634 enim
834 2574 893 2649 ait,
923 2575 989 2652 quis

67 2673 118 2716 ma
138 2654 280 2716 liberabit
298 2676 317 2717 a
339 2663 436 2717 morte
459 2658 598 2736 corporis
620 2657 719 2733 buius,
741 2656 795 2718 sad
818 2675 836 2716 a
859 2673 990 2735 corpore

66 2739 175 2799 mortis
197 2738 294 2799 buius.
339 2738 418 2814 Quia
444 2739 536 2817 vidit,
570 2741 600 2798 in
623 2740 681 2800 bac
714 2742 777 2801 vita
809 2758 870 2800 non
893 2740 990 2819 possi-

65 2818 162 2884 bilem
176 2821 412 2882 Lovanieo'sium
430 2821 613 2884 Sanctorum
629 2823 820 2897 munditiam,
843 2828 874 2881 et
887 2828 989 2882 tamen

67 2903 199 2965 mundus
222 2923 291 2965 esse
314 2913 415 2984 optat,
445 2905 516 2966 idco
538 2907 615 2966 mori
634 2912 729 2986 optat.
773 2905 841 2965 Hoc
863 2905 989 2966 verbum

64 2987 180 3067 impius
202 2987 365 3067 condicit,
387 2987 450 3067 au't,
473 2989 498 3047 si
521 2987 603 3062 dicit,
626 3007 688 3049 non
710 2988 769 3048 hao
791 3007 885 3048 causa
908 2988 989 3048 dicit.

65 3070 137 3131 Non
160 3070 240 3130 enim
265 3077 390 3151 propter
405 3089 537 3150 poenam
561 3071 606 3130 sic
623 3072 820 3146 exclamaret,
843 3072 888 3130 sic
911 3089 988 3130 mor-

65 3161 128 3214 tam
153 3153 326 3232 invocaret,
360 3153 414 3214 sed
437 3159 597 3233 peccatum
627 3173 696 3215 eum
719 3153 864 3214 molestat
885 3153 990 3214 nimio.

66 3235 164 3297 Vides
200 3254 274 3315 ergo
308 3237 389 3296 buno
424 3235 526 3296 locum
563 3235 769 3297 Sanctissimis
813 3237 988 3312 convenire,

66 3337 185 3399 eosque
206 3320 270 3398 pati
300 3325 458 3398 paccatum
491 3319 672 3379 indomitum
696 3326 726 3379 ct
758 3320 921 3393 lanosum,
957 3328 990 3377 ut

66 3402 224 3463 discamus
243 3401 299 3461 Dei
321 3404 451 3481 gratiam
474 3421 535 3462 non
549 3409 717 3463 extenuare
739 3403 912 3462 extenuatis
935 3419 987 3462 no·

67 3487 140 3547 stris
162 3483 261 3560 malis,
283 3483 426 3563 negando
450 3503 487 3545 ea
509 3494 637 3565 peccata
659 3504 740 3563 esse,
762 3501 818 3564 per
839 3483 988 3546 humanas

69 3626 133 3634 —-
136 3625 157 3630 -
194 3625 224 3630 ..-
227 3623 295 3630 .-.-...
311 3621 488 3630 ...Q—”-

141 3625 224 3742 1)-1n
246 3672 289 3730 ed.
307 3669 386 3727 an·.:
405 3686 484 3744 pure.

703 3683 776 3812 ddi
810 3797 814 3816 .
