2262 4006
146 173 208 247 385
258 227 261 234 .
376 180 531 256 soporos
549 185 584 242 n.
600 169 634 243 tt.
652 183 683 242 a.
701 187 737 240 au
754 111 855 242 trulum

112 366 125 384 x
146 345 233 400 tanto
252 343 382 419 tumore,
405 343 489 402 tituta
511 343 696 422 arrogantia,
718 347 803 403 totta
820 342 961 418 audacia,
986 346 1074 401 unta

144 422 321 502 pertinacia,
333 425 471 484 tantasui
483 425 645 504 placentia,
660 430 745 486 tanta
759 427 865 503 bocca,
880 435 967 485 tanta
978 433 1076 485 tame·

141 506 247 583 ritate,
260 509 345 567 tanta
359 509 608 588 praesumptione
619 508 702 587 leges
717 515 789 569 suto
803 511 942 568 stattlcrit
957 515 994 568 et
1006 527 1078 568 exe

145 590 232 668 gerit,
255 596 369 669 quanta
379 595 456 651 udus
467 595 498 650 et
512 592 596 651 solus
607 591 710 671 papa?
722 591 856 652 NeDeus
870 592 998 672 quidem
1008 592 1078 672 ipse

147 679 232 732 tanta
252 673 412 733 maiestate
424 683 454 734 et
469 676 605 754 potentia
628 677 733 754 exigit.
755 675 866 735 Nonne
879 676 1081 756 ergodignus

151 771 312 816 successor
334 756 414 818 Petri
435 756 525 836 illius,
546 759 595 836 qni
620 759 738 835 docuit,
761 757 789 820 1.
813 757 876 818 Pet.
899 761 933 822 5:
955 758 1081 818 Omnes

146 837 347 898 humilitatem
370 840 501 900 invicem
528 841 689 904 insinuate.
732 840 812 916 Quid
834 842 894 901 hoc
916 849 977 918 cst,
1003 843 1080 900 nisi:

147 923 278 982 invicem
309 941 431 983 sensum
461 923 582 984 cedite?
625 923 665 983 itt
691 924 801 984 Paulus
827 924 916 984 Rom.
941 927 1004 988 122
1036 923 1080 983 ln-

146 1005 245 1064 viccm
270 1007 443 1086 superiores
459 1007 649 1066 arbitrantes.
677 1007 716 1067 Et
727 1007 799 1066 illud
811 1007 955 1071 Proverb.
969 1008 1004 1084 ¹)
1026 1009 1080 1070 232

148 1087 331 1149 Prudentiae
358 1095 430 1150 tuac
463 1104 546 1169 pone
574 1091 712 1168 modum3
744 1099 776 1150 et
816 1089 997 1175 ildrum*):
1035 1089 1080 1150 Ne

146 1171 286 1230 innitaris
319 1172 499 1251 prudentiae
531 1182 611 1234 tuae,
665 1173 705 1232 nt
737 1169 930 1256 Paulus**)':
971 1172 1081 1233 Nolite

147 1272 216 1314 esse
238 1254 403 1335 prudentes
427 1255 507 1334 apud
531 1259 651 1315 vosmet
671 1257 766 1335 ipsos.
810 1256 876 1316 Hoc
906 1259 993 1316 enim
1018 1256 1078 1316 Ro

148 1337 245 1396 manis
267 1339 391 1418 proprie
413 1339 550 1419 scripsit,
571 1340 648 1397 sicut
669 1341 701 1398 et
722 1339 843 1417 Petrus,
866 1339 936 1399 dum
959 1334 1081 1403 addd-

147 1417 231 1500 dea,
253 1421 284 1479 id
307 1429 362 1498 est,
385 1423 431 1480 sui
453 1439 561 1482 sensus
584 1423 614 1480 c't
636 1422 816 1501 prudentiae
838 1422 983 1483 homines
1010 1440 1080 1503 pro

145 1501 287 1582 phetarst
308 1504 441 1583 futuros,
465 1505 568 1583 etqui
591 1504 759 1564 seodndum
789 1507 927 1585 proprias
957 1509 1079 1566 concu-

146 1587 313 1666 piscentias
336 1587 536 1649 ambularent.

229 1669 299 1729 Non
321 1671 420 1730 solum
452 1679 553 1731 autem
581 1672 611 1730 in
638 1669 804 1730 iudicando
828 1668 941 1730 nullius
974 1672 1079 1750 sequi·

149 1759 196 1812 tur
217 1768 358 1832 sensum,
391 1752 447 1812 sed
469 1763 500 1814 et
530 1755 559 1812 in
591 1753 731 1813 docendo
759 1759 791 1813 et
819 1755 960 1814 virtt'lldo.
1010 1753 1079 1814 Par-

146 1836 232 1916 spice
252 1835 453 1897 totamhodic
465 1837 746 1916 acclesiaelaciem,
768 1841 799 1897 et
815 1838 902 1913 rel'dr,
925 1839 949 1896 si
973 1845 1078 1917 potes,

146 1918 177 1977 in
200 1935 261 1996 qua
282 1919 486 1999 professione,
508 1939 570 1999 qua
591 1925 685 1999 secta,
706 1921 737 1979 in
761 1930 822 1999 qna
843 1923 931 2002 parte
953 1923 1079 1980 vivatur

148 2000 315 2075 secundum
339 2002 396 2063 Dei
419 2012 596 2083 praecepta.
637 2003 748 2063 Nonne
769 2001 882 2083 ubique
897 2003 1032 2065 docetur
1049 2015 1078 2064 et

149 2085 260 2144 vivitur
275 2085 342 2146 sola
354 2079 616 2171 ἐθελοθρησκεία
629 2093 676 2160 (ut
689 2086 858 2165 Apostolus
868 2084 946 2162 ml)
961 2093 1074 2162 vocat)

148 2167 180 2225 id
202 2175 266 2246 est,
297 2168 469 2230 voluntaria
491 2170 616 2249 religio,
647 2171 853 2248 unusquisque
874 2170 962 2246 facit,
992 2169 1076 2250 quod

148 2248 205 2309 sibi
227 2252 485 2330 rectumvidetur,
507 2254 594 2332 quasi
617 2252 716 2312 nullus
738 2255 844 2312 sitrex
865 2255 894 2312 in
913 2253 1023 2335 lt'racl,
1042 2261 1077 2314 nt

148 2331 243 2395 ludio.
268 2335 305 2396 19
336 2333 465 2396 dicitur?
497 2335 537 2396 Et
563 2335 641 2395 hae'c
670 2336 773 2396 omnia
800 2345 881 2416 papa
909 2329 1021 2398 laudat
1048 2347 1075 2397 et

149 2415 291 2493 roborat,
324 2437 392 2478 cum
426 2419 476 2479 lex
504 2419 592 2480 Deut.
618 2421 665 2482 12.
689 2421 882 2480 severissime
912 2421 1076 2498 prohibeat

149 2499 207 2560 hos
226 2503 378 2580 ¹proprios
407 2521 525 2564 sensus.
575 2501 614 2561 Et
639 2505 737 2562 Amos
758 2503 792 2564 4:
826 2503 1007 2564 sacrificate
1037 2505 1074 2562 de
1118 2523 1119 2550 1

149 2583 298 2644 formento
320 2585 457 2664 laudem,
487 2592 518 2646 et
540 2592 651 2646 vocata
678 2585 864 2647 voluntarias
884 2587 1073 2664 oblationes,

149 2673 181 2726 et
202 2669 396 2747 annunciate,
418 2671 463 2729 sic
484 2670 563 2729 enim
586 2669 725 2729 voluistis
736 2667 789 2728 filii
798 2669 903 2731 Israel.
947 2670 985 2731 [tt
999 2671 1073 2730 Pau·

150 2747 243 2830 lus†)
266 2751 411 2831 reprobat
433 2754 610 2813 inventores
631 2771 730 2812 rarum
754 2767 911 2815 novarum.

233 2833 346 2893 Verum
368 2835 460 2916 longe
483 2838 617 2897 omnium
641 2835 844 2915 pulcherrimo
859 2841 1005 2918 exemplo
1028 2837 1071 2898 lo-

150 2935 224 2976 suae
247 2916 407 2978 damnatur
429 2918 618 2979 detestabilis
637 2919 691 2978 'illa
713 2919 827 2998 proprii
847 2928 957 2980 sensns
979 2929 1070 2980 teme-

149 3001 233 3077 ritas,
255 2999 321 3078 ubi,
343 3009 505 3081 postquam
529 3021 597 3062 eum
620 3001 798 3062 exhortatus
819 3001 917 3062 laetat
938 3005 1069 3083 spiritns,
1118 2999 1119 3022 ¹

150 3090 181 3144 et
202 3084 326 3164 egregie
346 3087 528 3164 promiserat
549 3086 708 3146 transitum
726 3083 881 3166 Iordanis,
908 3087 1009 3147 noluit
1029 3097 1068 3146 ta-

150 3185 219 3227 men
243 3166 331 3247 dirigi
352 3186 409 3228 suo
433 3185 538 3245 sensu,
573 3169 626 3228 sed
650 3168 824 3249 Scripturas
855 3185 929 3230 suae
957 3171 1067 3230 iudicio
1118 3149 1119 3194 ¹

101 3309 104 3316 „
150 3250 254 3311 dicens
283 3269 308 3312 c.
334 3254 367 3312 1:
396 3250 576 3312 confortare
605 3247 800 3312 solummodo
827 3259 859 3312 et
887 3264 955 3314 esto
971 3253 1068 3314 »valde

145 3333 303 3412 robustus,
325 3340 359 3393 ut
372 3333 527 3394 custodias
550 3334 687 3395 atracias
710 3339 832 3395 omnem
845 3336 957 3418 legem,
980 3355 1065 3417 quam

205 3614 235 3681 ·)
255 3614 334 3670 Pror.
356 3617 383 3672 3.
408 3617 457 3685 1Ιι*)
478 3617 560 3670 Rom.
581 3617 622 3671 12.
650 3616 717 3684 m)
739 3619 846 3673 Coloss.
858 3621 884 3676 2.
902 3619 937 3684 'sl
955 3621 1034 3674 Rom.
1047 3621 1061 3674 l.

207 3685 238 3746 l)
258 3684 288 3737 ln
307 3687 350 3740 ed.
370 3690 456 3755 orig:
475 3687 543 3740 illud
563 3688 667 3742 Solom,
769 3719 786 3765 χ
1047 3685 1053 3704 ’
