2254 4008
308 201 341 257 D.
360 201 394 258 tt.
414 199 496 258 Loth.
516 199 700 258 Praeiudium.
927 199 968 266 35

37 355 207 442 ιοιιριιοὶιειε,
269 355 314 416 Ita
347 358 376 416 ia
411 365 622 436 sacramento,
655 363 689 424 ui
721 376 825 418 verum
858 375 970 438 corpus

57 455 192 516 verusque
220 442 346 518 sanguis
376 440 431 515 ait,
466 459 526 500 non
559 449 606 500 est
627 459 772 519 necesse,
807 459 917 520 panem
940 448 971 500 et

56 523 144 580 vinnm
168 521 458 598 transsubstantiari,
482 530 515 583 ut
533 523 739 584 Christuasub
762 523 970 584 accidentibus

55 610 192 684 teneatur,
215 603 271 664 sed
293 611 422 684 utroque
449 607 539 667 simul
562 612 706 667 manente
742 623 814 666 vere
845 605 968 667 dicitur:

54 686 101 745 Hic
120 688 208 764 panio
231 694 410 768 eot·corpue
434 707 544 765 meum,
568 689 629 750 hcc
651 692 753 749 viuum
777 695 825 749 est
843 691 968 769 sanguis

55 789 144 847 meus,
167 777 198 828 et
220 778 354 832 econtra.
398 770 450 832 Sic
476 773 594 832 interim
626 773 745 852 sapiam
773 791 829 852 pro
853 773 970 832 honore

54 860 219 912 sanctorum
233 852 394 915 verborum
408 854 476 931 Dei,
499 855 610 934 quibus
630 855 848 934 perhumanae
861 856 971 916 ratiun-

55 935 128 995 culae
151 953 214 995 nou
237 938 336 1016 patiar
358 939 419 997 vim
441 937 522 1015 fieri,
552 947 582 998 et
609 955 647 997 ea
667 939 696 998 in
719 939 836 998 atienae
859 938 970 1017 signiti-

55 1020 181 1078 cationes
206 1022 350 1098 torqueri.
394 1019 540 1080 Permitto
571 1029 672 1080 tamen
705 1022 771 1080 aliis
796 1022 971 1100 opinionem

54 1101 169 1160 alteram
193 1103 297 1181 aequi,
325 1121 405 1182 quae
432 1104 463 1162 iu
486 1105 639 1164 Decretoli
667 1103 793 1164 firmiter
819 1106 971 1185 statuitur,

54 1183 135 1244 nodo
163 1201 227 1246 aon
255 1193 401 1266 urgeant,
434 1205 504 1247 suaa
535 1186 697 1267 opiniones
728 1189 779 1265 (ut
801 1187 880 1264 dixi)
914 1205 970 1266 pro

53 1267 177 1328 articulis
200 1267 272 1328 fidei
296 1289 316 1329 a
339 1268 427 1330 nobie
450 1271 611 1349 acceptari.

123 1351 227 1411 Tertia
250 1354 410 1432 captivitas
438 1352 574 1414 eiusdem
598 1353 780 1413 sacramenti
810 1358 856 1412 est
878 1353 971 1432 longe

53 1435 241 1513 impiissimus
262 1435 313 1496 iile
327 1435 450 1515 abusus,
473 1454 534 1515 quo
547 1436 660 1496 factum
684 1443 739 1512 eet,
763 1442 797 1495 ut
811 1435 874 1495 fere
895 1437 969 1494 nihii

53 1518 85 1576 ait
104 1515 196 1576 hodie
216 1518 247 1576 in
271 1517 402 1579 ecclesio
422 1520 575 1598 receptiue
599 1537 636 1579 ac
658 1521 755 1597 magia
777 1537 970 1598 persuasum,

52 1618 132 1678 quarn
156 1601 281 1660 misaam
303 1619 371 1661 ecoe
394 1619 472 1682 opus
495 1601 607 1662 bonum
632 1611 663 1662 et
684 1600 878 1661 sacrificium.
910 1600 969 1676 Qui

53 1682 156 1742 abusus
180 1682 464 1744 deindeinundavit
484 1683 619 1747 infinitos
633 1684 711 1745 elios
724 1684 847 1762 abusus,
871 1684 970 1744 donee

53 1765 103 1824 fide
129 1767 313 1827 sacramenti
342 1769 462 1847 penitus
497 1770 649 1828 exstincta
678 1785 776 1827 merea
809 1768 970 1842 nundinas,

53 1850 301 1927 cauponationco,
334 1858 364 1910 et
386 1853 598 1930 quaestuarioa
621 1848 770 1930 quosdam
794 1857 969 1910 contmctus

53 1951 66 1990 e
85 1931 186 1992 divino
208 1941 403 1994 sacramento
424 1934 560 1995 fecerint.
603 1934 681 1993 Hinc
710 1934 970 2012 participationes,

53 2015 256 2095 fraternitates,
268 2015 422 2096 suffragia,
436 2017 552 2095 merita,
564 2018 782 2093 anniversaria,
794 2017 970 2093 memoriae,

54 2105 78 2156 et
95 2096 125 2157 id
147 2116 245 2178 genus
269 2101 462 2179 negotiorum
476 2102 505 2159 in
519 2100 651 2160 ecclesia
665 2099 843 2176 venduntor,
867 2119 969 2158 emun-

54 2189 102 2258 tur,
124 2182 329 2262 paciscuntur,
352 2202 421 2243 com
446 2191 588 2261 conatur,
609 2182 784 2263 pendetque
794 2184 824 2242 in
838 2182 884 2242 hia
907 2183 969 2241 uni·

55 2283 134 2324 versa
155 2264 302 2325 alimonia
323 2203 517 2326 sacerdpotum
540 2275 570 2327 et
594 2265 824 2327 monachorum.

8 2403 9 2424 ἒ
128 2347 203 2408 Rem
238 2348 381 2425 arduam,
414 2356 446 2409 et
478 2368 569 2428 quam
604 2349 683 2410 forte
711 2350 750 2408 ait
779 2348 970 2429 impossibile

8 2447 9 2494 f
55 2430 191 2507 convelli,
222 2430 400 2512 aggredior,
436 2439 469 2492 ut
502 2452 581 2511 quae
609 2438 695 2493 tanto
718 2433 889 2492 secutorum
914 2451 969 2491 usu

56 2511 165 2574 firmate
187 2515 385 2594 omniumque
413 2533 566 2576 consensu
595 2515 726 2600 probata
751 2517 795 2575 aio
815 2515 971 2590 insederit,

8 2607 9 2618 *
56 2604 82 2654 ut
102 2615 226 2657 necesse
248 2599 287 2658 eit
308 2599 454 2658 maiorem
477 2605 594 2678 partem
618 2598 777 2672 librorum,
806 2599 856 2677 qui
879 2597 971 2658 hodie

57 2691 183 2759 regnant,
207 2689 238 2740 et
258 2697 358 2762 paene
376 2682 547 2742 universam
562 2681 760 2742 ecclesiarum
773 2680 881 2741 faciem
905 2680 969 2740 tolli

57 2770 81 2820 et
110 2765 233 2840 mutari,
268 2765 451 2844 penitusque
489 2764 571 2824 aliud
600 2783 696 2843 genus
727 2767 969 2825 ceremoniarum

57 2845 144 2904 induci
167 2863 221 2906 seu
243 2848 345 2926 potino
367 2847 480 2909 reduci.
524 2847 584 2908 ceo
607 2848 745 2908 Christus
771 2865 856 2907 meuc
888 2847 970 2923 vivit,

58 2935 82 2986 et
100 2930 203 2989 maiori
227 2947 300 2990 cura
316 2931 441 2990 verbum
455 2931 512 2990 Dei
536 2936 658 3010 oportet
680 2931 855 3007 observare,
879 2948 969 3009 quam

8 3029 9 3034 ¹
59 3013 178 3072 omnium
204 3012 362 3073 homiuum
386 3019 415 3073 et
438 3012 617 3093 angelorum
634 3013 859 3094 intelligentiae.
902 3013 970 3093 Ego

59 3097 203 3155 maurice
225 3096 354 3176 fungar,
377 3115 440 3156 rem
462 3098 560 3176 ipsam
584 3098 613 3156 in
638 3096 735 3157 lucem
758 3095 971 3176 producturus,

59 3179 199 3257 gratiaque
222 3179 301 3240 siout
323 3181 427 3258 oooepi
442 3181 599 3240 veritatem
613 3182 740 3259 sineque
752 3179 867 3240 invidia
889 3197 971 3240 corn·

59 3263 264 3322 municaturus.
309 3262 450 3322 Ceterum
481 3264 610 3342 quisquc
637 3283 710 3323 auae
746 3263 851 3323 salotis
881 3263 970 3321 retio-

60 3361 116 3402 ncm
137 3344 260 3419 habeat,
282 3345 500 3405 incredulitatis
523 3365 596 3406 suae
618 3353 650 3406 ct
678 3347 838 3425 ignoratae
863 3347 970 3404 verita·

60 3425 88 3485 tia
108 3428 228 3507 cuipam
253 3428 284 3486 in
306 3447 354 3488 me
384 3447 422 3488 ne
449 3428 528 3488 ullus
557 3435 700 3506 torquere
722 3429 836 3509 posuit,
865 3445 968 3488 coram

60 3508 145 3569 iudice
167 3510 288 3571 Christo
311 3510 439 3573 fideliter
461 3531 586 3591 operam
610 3511 701 3571 dabo.
