<?xml version="1.0" encoding="UTF-8"?>
<!DOCTYPE html PUBLIC "-//W3C//DTD XHTML 1.0 Transitional//EN"
    "http://www.w3.org/TR/xhtml1/DTD/xhtml1-transitional.dtd">
<html xmlns="http://www.w3.org/1999/xhtml" xml:lang="en" lang="en">
 <head>
  <title>
</title>
<meta http-equiv="Content-Type" content="text/html;charset=utf-8" />
  <meta name='ocr-system' content='tesseract 3.04.00' />
  <meta name='ocr-capabilities' content='ocr_page ocr_carea ocr_par ocr_line ocrx_word'/>
</head>
<body>
  <div class='ocr_page' id='page_1' title='image "./operalatinavari03schmgoog_0124.png"; bbox 0 0 2258 4002; ppageno 0'>
   <div class='ocr_carea' id='block_1_1' title="bbox 321 151 984 254">
    <p class='ocr_par' dir='ltr' id='par_1_1' title="bbox 321 151 984 254">
     <span class='ocr_line' id='line_1_1' title="bbox 321 151 984 254; baseline 0.014 -9"><span class='ocrx_word' id='word_1_1' title='bbox 321 189 357 246; x_wconf 89' lang='lat' dir='ltr'>D.</span> <span class='ocrx_word' id='word_1_2' title='bbox 376 192 410 245; x_wconf 84' lang='lat' dir='ltr'>lt.</span> <span class='ocrx_word' id='word_1_3' title='bbox 431 191 508 246; x_wconf 87' lang='lat' dir='ltr'>Luth.</span> <span class='ocrx_word' id='word_1_4' title='bbox 526 190 709 246; x_wconf 83' lang='lat' dir='ltr'>Praeiudium.</span> <span class='ocrx_word' id='word_1_5' title='bbox 804 151 830 187; x_wconf 58' lang='lat'>⁸</span> <span class='ocrx_word' id='word_1_6' title='bbox 921 188 984 254; x_wconf 80' lang='grc'>113</span> 
     </span>
    </p>
   </div>
   <div class='ocr_carea' id='block_1_2' title="bbox 30 343 986 1086">
    <p class='ocr_par' dir='ltr' id='par_1_2' title="bbox 30 343 986 1086">
     <span class='ocr_line' id='line_1_2' title="bbox 30 343 983 428; baseline 0.002 -26"><span class='ocrx_word' id='word_1_7' title='bbox 30 415 34 428; x_wconf 16' lang='grc' dir='ltr'><strong><em>ἡ</em></strong></span> <span class='ocrx_word' id='word_1_8' title='bbox 75 345 162 420; x_wconf 87' lang='lat' dir='ltr'>tuitur,</span> <span class='ocrx_word' id='word_1_9' title='bbox 185 343 276 422; x_wconf 85' lang='lat' dir='ltr'>idque</span> <span class='ocrx_word' id='word_1_10' title='bbox 295 365 384 406; x_wconf 89' lang='lat' dir='ltr'>nemo</span> <span class='ocrx_word' id='word_1_11' title='bbox 407 353 611 423; x_wconf 82' lang='lat' dir='ltr'>sacramento,</span> <span class='ocrx_word' id='word_1_12' title='bbox 634 345 686 404; x_wconf 89' lang='lat' dir='ltr'>sed</span> <span class='ocrx_word' id='word_1_13' title='bbox 703 354 829 406; x_wconf 85' lang='lat' dir='ltr'>naturae</span> <span class='ocrx_word' id='word_1_14' title='bbox 851 345 900 405; x_wconf 85' lang='lat' dir='ltr'>vel</span> <span class='ocrx_word' id='word_1_15' title='bbox 922 364 983 404; x_wconf 89' lang='lat' dir='ltr'>me·</span> 
     </span>
     <span class='ocr_line' id='line_1_3' title="bbox 73 427 985 508; baseline 0 -22"><span class='ocrx_word' id='word_1_16' title='bbox 73 428 180 486; x_wconf 85' lang='lat' dir='ltr'>diuinae</span> <span class='ocrx_word' id='word_1_17' title='bbox 204 427 352 487; x_wconf 84' lang='lat' dir='ltr'>beneficio</span> <span class='ocrx_word' id='word_1_18' title='bbox 380 428 443 488; x_wconf 89' lang='lat' dir='ltr'>fieri</span> <span class='ocrx_word' id='word_1_19' title='bbox 467 437 569 508; x_wconf 86' lang='lat' dir='ltr'>putat,</span> <span class='ocrx_word' id='word_1_20' title='bbox 598 447 666 486; x_wconf 85' lang='lat' dir='ltr'>nam</span> <span class='ocrx_word' id='word_1_21' title='bbox 696 436 889 487; x_wconf 77' lang='lat' dir='ltr'>sacramento</span> <span class='ocrx_word' id='word_1_22' title='bbox 913 445 985 487; x_wconf 90' lang='lat' dir='ltr'>oon·</span> 
     </span>
     <span class='ocr_line' id='line_1_4' title="bbox 72 510 983 590; baseline 0.004 -24"><span class='ocrx_word' id='word_1_23' title='bbox 72 511 179 568; x_wconf 82' lang='lat' dir='ltr'>trunam</span> <span class='ocrx_word' id='word_1_24' title='bbox 204 510 263 568; x_wconf 84' lang='lat' dir='ltr'>vim</span> <span class='ocrx_word' id='word_1_25' title='bbox 280 511 423 573; x_wconf 86' lang='lat' dir='ltr'>tribuunt.</span> <span class='ocrx_word' id='word_1_26' title='bbox 468 512 547 586; x_wconf 82' lang='lat' dir='ltr'>Quid</span> <span class='ocrx_word' id='word_1_27' title='bbox 569 531 642 590; x_wconf 88' lang='lat' dir='ltr'>ergo</span> <span class='ocrx_word' id='word_1_28' title='bbox 656 511 815 570; x_wconf 75' lang='lat' dir='ltr'>ditemus?</span> <span class='ocrx_word' id='word_1_29' title='bbox 838 512 983 590; x_wconf 85' lang='lat' dir='ltr'>Antapo-</span> 
     </span>
     <span class='ocr_line' id='line_1_5' title="bbox 70 591 985 672; baseline 0.002 -22"><span class='ocrx_word' id='word_1_30' title='bbox 70 591 155 650; x_wconf 87' lang='lat' dir='ltr'>stoius</span> <span class='ocrx_word' id='word_1_31' title='bbox 185 592 242 650; x_wconf 85' lang='lat' dir='ltr'>hae</span> <span class='ocrx_word' id='word_1_32' title='bbox 277 595 482 672; x_wconf 82' lang='lat' dir='ltr'>promissione</span> <span class='ocrx_word' id='word_1_33' title='bbox 515 597 673 672; x_wconf 77' lang='lat' dir='ltr'>mentitur,</span> <span class='ocrx_word' id='word_1_34' title='bbox 707 605 759 653; x_wconf 88' lang='lat' dir='ltr'>aut</span> <span class='ocrx_word' id='word_1_35' title='bbox 795 596 897 654; x_wconf 76' lang='lat' dir='ltr'>unctio</span> <span class='ocrx_word' id='word_1_36' title='bbox 926 595 985 652; x_wconf 85' lang='lat' dir='ltr'>isto</span> 
     </span>
     <span class='ocr_line' id='line_1_6' title="bbox 69 677 983 756; baseline 0.003 -24"><span class='ocrx_word' id='word_1_37' title='bbox 69 685 281 734; x_wconf 77' lang='lat' dir='ltr'>sacromentum</span> <span class='ocrx_word' id='word_1_38' title='bbox 326 695 386 742; x_wconf 87' lang='lat' dir='ltr'>non</span> <span class='ocrx_word' id='word_1_39' title='bbox 410 678 480 750; x_wconf 91' lang='lat' dir='ltr'>erit,</span> <span class='ocrx_word' id='word_1_40' title='bbox 510 679 671 756; x_wconf 83' lang='lat' dir='ltr'>promissio</span> <span class='ocrx_word' id='word_1_41' title='bbox 700 677 780 735; x_wconf 86' lang='lat' dir='ltr'>enim</span> <span class='ocrx_word' id='word_1_42' title='bbox 810 695 983 735; x_wconf 82' lang='lat' dir='ltr'>sacramen·</span> 
     </span>
     <span class='ocr_line' id='line_1_7' title="bbox 70 756 984 838; baseline 0.003 -23"><span class='ocrx_word' id='word_1_43' title='bbox 70 756 128 815; x_wconf 84' lang='lat' dir='ltr'>tuiis</span> <span class='ocrx_word' id='word_1_44' title='bbox 151 765 235 816; x_wconf 81' lang='lat' dir='ltr'>nerto</span> <span class='ocrx_word' id='word_1_45' title='bbox 257 768 312 836; x_wconf 87' lang='lat' dir='ltr'>est,</span> <span class='ocrx_word' id='word_1_46' title='bbox 335 769 367 817; x_wconf 89' lang='lat' dir='ltr'>at</span> <span class='ocrx_word' id='word_1_47' title='bbox 387 759 465 819; x_wconf 85' lang='lat' dir='ltr'>haee</span> <span class='ocrx_word' id='word_1_48' title='bbox 486 761 515 817; x_wconf 92' lang='lat' dir='ltr'>in</span> <span class='ocrx_word' id='word_1_49' title='bbox 534 760 641 819; x_wconf 85' lang='lat' dir='ltr'>maiori</span> <span class='ocrx_word' id='word_1_50' title='bbox 664 766 751 838; x_wconf 89' lang='lat' dir='ltr'>parte</span> <span class='ocrx_word' id='word_1_51' title='bbox 774 759 857 817; x_wconf 84' lang='lat' dir='ltr'>fallit.</span> <span class='ocrx_word' id='word_1_52' title='bbox 892 757 984 836; x_wconf 76' lang='lat' dir='ltr'>Quin,</span> 
     </span>
     <span class='ocr_line' id='line_1_8' title="bbox 70 841 985 921; baseline 0.002 -23"><span class='ocrx_word' id='word_1_53' title='bbox 70 849 94 898; x_wconf 90' lang='lat' dir='ltr'>ut</span> <span class='ocrx_word' id='word_1_54' title='bbox 112 841 219 899; x_wconf 88' lang='lat' dir='ltr'>iterum</span> <span class='ocrx_word' id='word_1_55' title='bbox 249 841 461 921; x_wconf 74' lang='lat' dir='ltr'><strong>theologorum</strong></span> <span class='ocrx_word' id='word_1_56' title='bbox 492 843 617 902; x_wconf 91' lang='lat' dir='ltr'>istorum</span> <span class='ocrx_word' id='word_1_57' title='bbox 646 842 836 920; x_wconf 82' lang='lat' dir='ltr'>prudentiam</span> <span class='ocrx_word' id='word_1_58' title='bbox 860 851 890 900; x_wconf 86' lang='lat' dir='ltr'>et</span> <span class='ocrx_word' id='word_1_59' title='bbox 912 842 985 920; x_wconf 85' lang='lat' dir='ltr'>vigi·</span> 
     </span>
     <span class='ocr_line' id='line_1_9' title="bbox 68 922 986 1004; baseline 0.003 -24"><span class='ocrx_word' id='word_1_60' title='bbox 68 922 180 981; x_wconf 81' lang='lat' dir='ltr'>tentiam</span> <span class='ocrx_word' id='word_1_61' title='bbox 212 941 453 1004; x_wconf 73' lang='lat' dir='ltr'><strong>cognoscamus,</strong></span> <span class='ocrx_word' id='word_1_62' title='bbox 486 925 555 984; x_wconf 90' lang='lat' dir='ltr'>ideo</span> <span class='ocrx_word' id='word_1_63' title='bbox 583 935 750 984; x_wconf 80' lang='lat' dir='ltr'>extremam</span> <span class='ocrx_word' id='word_1_64' title='bbox 780 943 849 984; x_wconf 84' lang='lat' dir='ltr'>esse</span> <span class='ocrx_word' id='word_1_65' title='bbox 879 924 986 983; x_wconf 86' lang='lat' dir='ltr'>volunt</span> 
     </span>
     <span class='ocr_line' id='line_1_10' title="bbox 67 1007 984 1086; baseline 0.003 -22"><span class='ocrx_word' id='word_1_66' title='bbox 67 1007 245 1085; x_wconf 79' lang='lat' dir='ltr'>unctionem,</span> <span class='ocrx_word' id='word_1_67' title='bbox 268 1026 307 1066; x_wconf 85' lang='lat' dir='ltr'>ne</span> <span class='ocrx_word' id='word_1_68' title='bbox 320 1015 380 1066; x_wconf 87' lang='lat' dir='ltr'>stet</span> <span class='ocrx_word' id='word_1_69' title='bbox 400 1009 459 1067; x_wconf 87' lang='lat' dir='ltr'>ista</span> <span class='ocrx_word' id='word_1_70' title='bbox 470 1010 642 1086; x_wconf 88' lang='lat' dir='ltr'>promissio,</span> <span class='ocrx_word' id='word_1_71' title='bbox 664 1007 802 1082; x_wconf 85' lang='lat' dir='ltr'>honest,</span> <span class='ocrx_word' id='word_1_72' title='bbox 825 1027 863 1066; x_wconf 91' lang='lat' dir='ltr'>ne</span> <span class='ocrx_word' id='word_1_73' title='bbox 885 1025 984 1067; x_wconf 83' lang='lat' dir='ltr'>ssoru-</span> 
     </span>
    </p>
   </div>
   <div class='ocr_carea' id='block_1_3' title="bbox 66 1090 983 1168">
    <p class='ocr_par' dir='ltr' id='par_1_3' title="bbox 9 1089 983 1176">
     <span class='ocr_line' id='line_1_11' title="bbox 66 1090 983 1168; baseline 0.001 -21.941"><span class='ocrx_word' id='word_1_74' title='bbox 66 1097 190 1147; x_wconf 89' lang='lat' dir='ltr'>nentum</span> <span class='ocrx_word' id='word_1_75' title='bbox 221 1090 261 1147; x_wconf 91' lang='lat' dir='ltr'>sit</span> <span class='ocrx_word' id='word_1_76' title='bbox 289 1101 524 1150; x_wconf 78' lang='lat' dir='ltr'>sacramentum.</span> <span class='ocrx_word' id='word_1_77' title='bbox 577 1090 607 1150; x_wconf 83' lang='lat' dir='ltr'>Si</span> <span class='ocrx_word' id='word_1_78' title='bbox 642 1092 722 1148; x_wconf 89' lang='lat' dir='ltr'>enim</span> <span class='ocrx_word' id='word_1_79' title='bbox 758 1097 898 1150; x_wconf 83' lang='lat' dir='ltr'>extremo</span> <span class='ocrx_word' id='word_1_80' title='bbox 926 1098 983 1168; x_wconf 87' lang='lat' dir='ltr'>est,</span> 
     </span>
    </p>
   </div>
   <div class='ocr_carea' id='block_1_4' title="bbox 64 1172 984 1418">
    <p class='ocr_par' dir='ltr' id='par_1_4' title="bbox 64 1172 984 1418">
     <span class='ocr_line' id='line_1_12' title="bbox 65 1172 984 1250; baseline 0.001 -21"><span class='ocrx_word' id='word_1_81' title='bbox 65 1189 116 1230; x_wconf 92' lang='lat' dir='ltr'>non</span> <span class='ocrx_word' id='word_1_82' title='bbox 140 1173 318 1248; x_wconf 62' lang='lat' dir='ltr'>sanat-sed</span> <span class='ocrx_word' id='word_1_83' title='bbox 342 1173 422 1232; x_wconf 87' lang='lat' dir='ltr'>oedit</span> <span class='ocrx_word' id='word_1_84' title='bbox 443 1172 621 1250; x_wconf 81' lang='lat' dir='ltr'>infirmitati,</span> <span class='ocrx_word' id='word_1_85' title='bbox 644 1175 667 1231; x_wconf 92' lang='lat' dir='ltr'>si</span> <span class='ocrx_word' id='word_1_86' title='bbox 691 1180 793 1232; x_wconf 88' lang='lat' dir='ltr'>nutem</span> <span class='ocrx_word' id='word_1_87' title='bbox 811 1180 910 1247; x_wconf 86' lang='lat' dir='ltr'>sanet,</span> <span class='ocrx_word' id='word_1_88' title='bbox 932 1191 984 1231; x_wconf 85' lang='lat' dir='ltr'>ex·</span> 
     </span>
     <span class='ocr_line' id='line_1_13' title="bbox 66 1255 982 1334; baseline 0.004 -24"><span class='ocrx_word' id='word_1_89' title='bbox 66 1262 150 1311; x_wconf 85' lang='lat' dir='ltr'>treme</span> <span class='ocrx_word' id='word_1_90' title='bbox 176 1272 328 1314; x_wconf 87' lang='lat' dir='ltr'>essenon</span> <span class='ocrx_word' id='word_1_91' title='bbox 365 1257 464 1319; x_wconf 86' lang='lat' dir='ltr'>debet.</span> <span class='ocrx_word' id='word_1_92' title='bbox 508 1256 553 1315; x_wconf 89' lang='lat' dir='ltr'>lta</span> <span class='ocrx_word' id='word_1_93' title='bbox 575 1255 607 1316; x_wconf 89' lang='lat' dir='ltr'>fit</span> <span class='ocrx_word' id='word_1_94' title='bbox 637 1255 745 1317; x_wconf 90' lang='lat' dir='ltr'>horum</span> <span class='ocrx_word' id='word_1_95' title='bbox 769 1256 982 1334; x_wconf 84' lang='lat' dir='ltr'>Magistrorum</span> 
     </span>
     <span class='ocr_line' id='line_1_14' title="bbox 64 1336 984 1418; baseline 0.005 -25"><span class='ocrx_word' id='word_1_96' title='bbox 64 1336 317 1418; x_wconf 78' lang='lat' dir='ltr'>interpretatione,</span> <span class='ocrx_word' id='word_1_97' title='bbox 344 1348 375 1397; x_wconf 89' lang='lat' dir='ltr'>ut</span> <span class='ocrx_word' id='word_1_98' title='bbox 396 1339 526 1400; x_wconf 81' lang='lat' dir='ltr'>lacobus</span> <span class='ocrx_word' id='word_1_99' title='bbox 549 1338 736 1418; x_wconf 80' lang='lat' dir='ltr'>intelligatur</span> <span class='ocrx_word' id='word_1_100' title='bbox 751 1338 813 1400; x_wconf 90' lang='lat' dir='ltr'>-sibi</span> <span class='ocrx_word' id='word_1_101' title='bbox 832 1340 888 1418; x_wconf 89' lang='lat' dir='ltr'>ipsi</span> <span class='ocrx_word' id='word_1_102' title='bbox 912 1357 984 1398; x_wconf 88' lang='lat' dir='ltr'>oon·</span> 
     </span>
    </p>
   </div>
   <div class='ocr_carea' id='block_1_5' title="bbox 9 1419 985 1666">
    <p class='ocr_par' dir='ltr' id='par_1_5' title="bbox 9 1419 985 1666">
     <span class='ocr_line' id='line_1_15' title="bbox 9 1419 985 1500; baseline 0.004 -24"><span class='ocrx_word' id='word_1_103' title='bbox 9 1427 11 1492; x_wconf 57' lang='grc' dir='ltr'>ᾖ</span> <span class='ocrx_word' id='word_1_104' title='bbox 63 1419 219 1478; x_wconf 86' lang='lat' dir='ltr'>tradixisse</span> <span class='ocrx_word' id='word_1_105' title='bbox 242 1427 282 1497; x_wconf 82' lang='lat' dir='ltr'>et,</span> <span class='ocrx_word' id='word_1_106' title='bbox 306 1433 580 1482; x_wconf 85' lang='lat' dir='ltr'>nessornmentum</span> <span class='ocrx_word' id='word_1_107' title='bbox 604 1424 789 1500; x_wconf 88' lang='lat' dir='ltr'>institueret,</span> <span class='ocrx_word' id='word_1_108' title='bbox 812 1439 985 1482; x_wconf 88' lang='lat' dir='ltr'>saoramen-</span> 
     </span>
     <span class='ocr_line' id='line_1_16' title="bbox 63 1503 983 1577; baseline 0.004 -16.778"><span class='ocrx_word' id='word_1_109' title='bbox 63 1508 117 1560; x_wconf 88' lang='lat' dir='ltr'>tum</span> <span class='ocrx_word' id='word_1_110' title='bbox 139 1503 324 1577; x_wconf 77' lang='lat' dir='ltr'>instituisse,</span> <span class='ocrx_word' id='word_1_111' title='bbox 354 1505 424 1563; x_wconf 85' lang='lat' dir='ltr'>durn</span> <span class='ocrx_word' id='word_1_112' title='bbox 448 1505 522 1566; x_wconf 87' lang='lat' dir='ltr'>ideo&#39;</span> <span class='ocrx_word' id='word_1_113' title='bbox 548 1514 716 1565; x_wconf 85' lang='lat' dir='ltr'>extremam</span> <span class='ocrx_word' id='word_1_114' title='bbox 739 1505 846 1564; x_wconf 85' lang='lat' dir='ltr'>votunr</span> <span class='ocrx_word' id='word_1_115' title='bbox 868 1507 983 1564; x_wconf 90' lang='lat' dir='ltr'>nnotio-</span> 
     </span>
     <span class='ocr_line' id='line_1_17' title="bbox 9 1585 982 1666; baseline 0.004 -24"><span class='ocrx_word' id='word_1_116' title='bbox 9 1597 10 1616; x_wconf 75' lang='lat'><em>³</em></span> <span class='ocrx_word' id='word_1_117' title='bbox 64 1602 139 1659; x_wconf 86' lang='lat' dir='ltr'>nem,</span> <span class='ocrx_word' id='word_1_118' title='bbox 164 1593 198 1644; x_wconf 90' lang='lat' dir='ltr'>ut</span> <span class='ocrx_word' id='word_1_119' title='bbox 220 1603 281 1645; x_wconf 92' lang='lat' dir='ltr'>non</span> <span class='ocrx_word' id='word_1_120' title='bbox 305 1588 343 1644; x_wconf 89' lang='lat' dir='ltr'>sit</span> <span class='ocrx_word' id='word_1_121' title='bbox 364 1607 486 1663; x_wconf 86' lang='lat' dir='ltr'>verum,</span> <span class='ocrx_word' id='word_1_122' title='bbox 513 1589 613 1648; x_wconf 86' lang='lat' dir='ltr'>sanari</span> <span class='ocrx_word' id='word_1_123' title='bbox 646 1607 699 1666; x_wconf 89' lang='lat' dir='ltr'>per</span> <span class='ocrx_word' id='word_1_124' title='bbox 724 1607 793 1648; x_wconf 89' lang='lat' dir='ltr'>eam</span> <span class='ocrx_word' id='word_1_125' title='bbox 820 1585 982 1663; x_wconf 88' lang='lat' dir='ltr'>infirmum,</span> 
     </span>
    </p>
   </div>
   <div class='ocr_carea' id='block_1_6' title="bbox 9 1841 11 1890">
    <p class='ocr_par' dir='ltr' id='par_1_6' title="bbox 9 1841 11 1890">
     <span class='ocr_line' id='line_1_18' title="bbox 9 1841 11 1890; baseline 0 0"><span class='ocrx_word' id='word_1_126' title='bbox 9 1841 11 1890; x_wconf 75' lang='lat' dir='ltr'>t</span> 
     </span>
    </p>
   </div>
   <div class='ocr_carea' id='block_1_7' title="bbox 63 1667 982 1914">
    <p class='ocr_par' dir='ltr' id='par_1_7' title="bbox 63 1667 982 1914">
     <span class='ocr_line' id='line_1_19' title="bbox 63 1667 982 1749; baseline 0.004 -24"><span class='ocrx_word' id='word_1_127' title='bbox 63 1669 136 1744; x_wconf 90' lang='lat' dir='ltr'>quod</span> <span class='ocrx_word' id='word_1_128' title='bbox 166 1667 219 1727; x_wconf 90' lang='lat' dir='ltr'>ilie</span> <span class='ocrx_word' id='word_1_129' title='bbox 241 1670 354 1732; x_wconf 80' lang='lat' dir='ltr'>statuit.</span> <span class='ocrx_word' id='word_1_130' title='bbox 398 1669 430 1730; x_wconf 81' lang='lat' dir='ltr'>st</span> <span class='ocrx_word' id='word_1_131' title='bbox 464 1671 525 1731; x_wconf 90' lang='lat' dir='ltr'>hoo</span> <span class='ocrx_word' id='word_1_132' title='bbox 554 1689 615 1730; x_wconf 93' lang='lat' dir='ltr'>non</span> <span class='ocrx_word' id='word_1_133' title='bbox 647 1679 692 1730; x_wconf 87' lang='lat' dir='ltr'>est</span> <span class='ocrx_word' id='word_1_134' title='bbox 719 1671 869 1745; x_wconf 83' lang='lat' dir='ltr'>insanire,</span> <span class='ocrx_word' id='word_1_135' title='bbox 905 1688 982 1749; x_wconf 90' lang='lat' dir='ltr'>rogo</span> 
     </span>
     <span class='ocr_line' id='line_1_20' title="bbox 64 1749 376 1828; baseline 0.013 -21"><span class='ocrx_word' id='word_1_136' title='bbox 64 1749 127 1828; x_wconf 86' lang='lat' dir='ltr'>quid</span> <span class='ocrx_word' id='word_1_137' title='bbox 152 1759 202 1810; x_wconf 91' lang='lat' dir='ltr'>est</span> <span class='ocrx_word' id='word_1_138' title='bbox 222 1751 376 1812; x_wconf 81' lang='lat' dir='ltr'>insanire?</span> 
     </span>
     <span class='ocr_line' id='line_1_21' title="bbox 138 1829 982 1914; baseline -0.001 -19"><span class='ocrx_word' id='word_1_139' title='bbox 138 1829 302 1913; x_wconf 82' lang='lat' dir='ltr'>Contingit</span> <span class='ocrx_word' id='word_1_140' title='bbox 322 1834 369 1894; x_wconf 88' lang='lat' dir='ltr'>his</span> <span class='ocrx_word' id='word_1_141' title='bbox 390 1835 463 1896; x_wconf 87' lang='lat' dir='ltr'>iliud</span> <span class='ocrx_word' id='word_1_142' title='bbox 488 1836 630 1914; x_wconf 85' lang='lat' dir='ltr'>apostoli,</span> <span class='ocrx_word' id='word_1_143' title='bbox 653 1835 674 1896; x_wconf 91' lang='lat'>1.</span> <span class='ocrx_word' id='word_1_144' title='bbox 691 1831 768 1896; x_wconf 82' lang='lat' dir='ltr'>Tim.</span> <span class='ocrx_word' id='word_1_145' title='bbox 795 1840 821 1910; x_wconf 83' lang='lat'>1,</span> <span class='ocrx_word' id='word_1_146' title='bbox 845 1835 982 1894; x_wconf 86' lang='lat' dir='ltr'>volentes</span> 
     </span>
    </p>
   </div>
   <div class='ocr_carea' id='block_1_8' title="bbox 63 1916 983 1998">
    <p class='ocr_par' dir='ltr' id='par_1_8' title="bbox 9 1911 983 1998">
     <span class='ocr_line' id='line_1_22' title="bbox 63 1916 983 1998; baseline 0.003 -24.834"><span class='ocrx_word' id='word_1_147' title='bbox 63 1933 124 1974; x_wconf 86' lang='lat' dir='ltr'>esse</span> <span class='ocrx_word' id='word_1_148' title='bbox 151 1916 232 1995; x_wconf 85' lang='lat' dir='ltr'>tegis</span> <span class='ocrx_word' id='word_1_149' title='bbox 262 1917 421 1996; x_wconf 89' lang='lat' dir='ltr'>duotores,</span> <span class='ocrx_word' id='word_1_150' title='bbox 451 1937 519 1978; x_wconf 90' lang='lat' dir='ltr'>oum</span> <span class='ocrx_word' id='word_1_151' title='bbox 543 1919 685 1998; x_wconf 86' lang='lat' dir='ltr'>ignorent</span> <span class='ocrx_word' id='word_1_152' title='bbox 707 1917 778 1996; x_wconf 90' lang='lat' dir='ltr'>quid</span> <span class='ocrx_word' id='word_1_153' title='bbox 809 1918 983 1995; x_wconf 86' lang='lat' dir='ltr'>loquantur,</span> 
     </span>
    </p>
   </div>
   <div class='ocr_carea' id='block_1_9' title="bbox 9 1998 982 2078">
    <p class='ocr_par' dir='ltr' id='par_1_9' title="bbox 9 1998 982 2078">
     <span class='ocr_line' id='line_1_23' title="bbox 9 1998 982 2078; baseline 0.004 -22"><span class='ocrx_word' id='word_1_154' title='bbox 9 2039 10 2056; x_wconf 55' lang='lat'>2</span> <span class='ocrx_word' id='word_1_155' title='bbox 63 2006 110 2057; x_wconf 87' lang='lat' dir='ltr'>aut</span> <span class='ocrx_word' id='word_1_156' title='bbox 130 1998 170 2058; x_wconf 89' lang='lat' dir='ltr'>de</span> <span class='ocrx_word' id='word_1_157' title='bbox 194 2000 304 2078; x_wconf 91' lang='lat' dir='ltr'>quibus</span> <span class='ocrx_word' id='word_1_158' title='bbox 327 2001 486 2064; x_wconf 79' lang='lat' dir='ltr'>affirment.</span> <span class='ocrx_word' id='word_1_159' title='bbox 524 1999 574 2062; x_wconf 83' lang='lat' dir='ltr'>Sin</span> <span class='ocrx_word' id='word_1_160' title='bbox 602 2002 706 2061; x_wconf 85' lang='lat' dir='ltr'>omnin</span> <span class='ocrx_word' id='word_1_161' title='bbox 735 2002 811 2060; x_wconf 84' lang='lat' dir='ltr'>nitra</span> <span class='ocrx_word' id='word_1_162' title='bbox 838 2001 982 2060; x_wconf 76' lang='lat' dir='ltr'>iudicium</span> 
     </span>
    </p>
   </div>
   <div class='ocr_carea' id='block_1_10' title="bbox 63 2080 986 3324">
    <p class='ocr_par' dir='ltr' id='par_1_10' title="bbox 63 2080 986 3324">
     <span class='ocr_line' id='line_1_24' title="bbox 63 2080 983 2162; baseline 0.003 -23"><span class='ocrx_word' id='word_1_163' title='bbox 63 2080 161 2158; x_wconf 83' lang='lat' dir='ltr'>tegunt</span> <span class='ocrx_word' id='word_1_164' title='bbox 186 2090 218 2141; x_wconf 92' lang='lat' dir='ltr'>et</span> <span class='ocrx_word' id='word_1_165' title='bbox 239 2092 414 2162; x_wconf 88' lang='lat' dir='ltr'>sequuntur.</span> <span class='ocrx_word' id='word_1_166' title='bbox 447 2083 562 2144; x_wconf 81' lang='lat' dir='ltr'>Eisdem</span> <span class='ocrx_word' id='word_1_167' title='bbox 576 2086 656 2144; x_wconf 87' lang='lat' dir='ltr'>euim</span> <span class='ocrx_word' id='word_1_168' title='bbox 680 2084 843 2144; x_wconf 81' lang='lat' dir='ltr'>oscitantia</span> <span class='ocrx_word' id='word_1_169' title='bbox 859 2091 890 2142; x_wconf 90' lang='lat' dir='ltr'>et</span> <span class='ocrx_word' id='word_1_170' title='bbox 912 2101 983 2143; x_wconf 84' lang='lat' dir='ltr'>eon·</span> 
     </span>
     <span class='ocr_line' id='line_1_25' title="bbox 64 2163 984 2246; baseline 0.004 -24"><span class='ocrx_word' id='word_1_171' title='bbox 64 2163 225 2224; x_wconf 81' lang='lat' dir='ltr'>fossionem</span> <span class='ocrx_word' id='word_1_172' title='bbox 256 2167 455 2227; x_wconf 75' lang='lat' dir='ltr'>auricularem</span> <span class='ocrx_word' id='word_1_173' title='bbox 489 2187 530 2226; x_wconf 89' lang='lat' dir='ltr'>ex</span> <span class='ocrx_word' id='word_1_174' title='bbox 556 2167 616 2226; x_wconf 88' lang='lat' dir='ltr'>hoo</span> <span class='ocrx_word' id='word_1_175' title='bbox 642 2167 784 2246; x_wconf 88' lang='lat' dir='ltr'>apostolo</span> <span class='ocrx_word' id='word_1_176' title='bbox 818 2166 984 2226; x_wconf 83' lang='lat' dir='ltr'>hauserunt</span> 
     </span>
     <span class='ocr_line' id='line_1_26' title="bbox 63 2246 984 2329; baseline 0.003 -24"><span class='ocrx_word' id='word_1_177' title='bbox 63 2246 197 2308; x_wconf 78' lang='lat' dir='ltr'>dicente:</span> <span class='ocrx_word' id='word_1_178' title='bbox 220 2247 414 2310; x_wconf 77' lang='lat' dir='ltr'>confitemini</span> <span class='ocrx_word' id='word_1_179' title='bbox 437 2249 612 2310; x_wconf 84' lang='lat' dir='ltr'>alterutrum</span> <span class='ocrx_word' id='word_1_180' title='bbox 634 2259 763 2329; x_wconf 80' lang='lat' dir='ltr'>pennata</span> <span class='ocrx_word' id='word_1_181' title='bbox 784 2257 894 2310; x_wconf 81' lang='lat' dir='ltr'>vestro.</span> <span class='ocrx_word' id='word_1_182' title='bbox 924 2247 984 2309; x_wconf 81' lang='lat' dir='ltr'>Sed</span> 
     </span>
     <span class='ocr_line' id='line_1_27' title="bbox 63 2331 984 2412; baseline 0.003 -24"><span class='ocrx_word' id='word_1_183' title='bbox 63 2348 114 2390; x_wconf 89' lang='lat' dir='ltr'>neo</span> <span class='ocrx_word' id='word_1_184' title='bbox 136 2331 200 2392; x_wconf 78' lang='lat' dir='ltr'>iton</span> <span class='ocrx_word' id='word_1_185' title='bbox 221 2341 344 2392; x_wconf 82' lang='lat' dir='ltr'>servant</span> <span class='ocrx_word' id='word_1_186' title='bbox 365 2334 431 2409; x_wconf 89' lang='lat' dir='ltr'>isti,</span> <span class='ocrx_word' id='word_1_187' title='bbox 463 2332 545 2410; x_wconf 88' lang='lat' dir='ltr'>quod</span> <span class='ocrx_word' id='word_1_188' title='bbox 568 2333 727 2411; x_wconf 85' lang='lat' dir='ltr'>apostolus</span> <span class='ocrx_word' id='word_1_189' title='bbox 748 2332 834 2392; x_wconf 84' lang='lat' dir='ltr'>iubet</span> <span class='ocrx_word' id='word_1_190' title='bbox 860 2332 984 2412; x_wconf 63' lang='lat' dir='ltr'>presby·</span> 
     </span>
     <span class='ocr_line' id='line_1_28' title="bbox 64 2413 984 2495; baseline 0.002 -23"><span class='ocrx_word' id='word_1_191' title='bbox 64 2420 139 2473; x_wconf 89' lang='lat' dir='ltr'>teros</span> <span class='ocrx_word' id='word_1_192' title='bbox 162 2413 314 2474; x_wconf 76' lang='lat' dir='ltr'>eeclesiae</span> <span class='ocrx_word' id='word_1_193' title='bbox 336 2413 457 2491; x_wconf 76' lang='lat' dir='ltr'>induci,</span> <span class='ocrx_word' id='word_1_194' title='bbox 471 2423 501 2476; x_wconf 91' lang='lat' dir='ltr'>et</span> <span class='ocrx_word' id='word_1_195' title='bbox 522 2435 614 2495; x_wconf 91' lang='lat' dir='ltr'>super</span> <span class='ocrx_word' id='word_1_196' title='bbox 628 2415 778 2475; x_wconf 82' lang='lat' dir='ltr'>infirmum</span> <span class='ocrx_word' id='word_1_197' title='bbox 802 2417 892 2477; x_wconf 86' lang='lat' dir='ltr'>orari.</span> <span class='ocrx_word' id='word_1_198' title='bbox 924 2415 984 2474; x_wconf 84' lang='lat' dir='ltr'>Vix</span> 
     </span>
     <span class='ocr_line' id='line_1_29' title="bbox 64 2497 985 2578; baseline 0.002 -24"><span class='ocrx_word' id='word_1_199' title='bbox 64 2515 135 2555; x_wconf 89' lang='lat' dir='ltr'>unus</span> <span class='ocrx_word' id='word_1_200' title='bbox 158 2497 371 2558; x_wconf 75' lang='lat' dir='ltr'>sacerdotulus</span> <span class='ocrx_word' id='word_1_201' title='bbox 390 2517 471 2558; x_wconf 87' lang='lat' dir='ltr'>nuno</span> <span class='ocrx_word' id='word_1_202' title='bbox 492 2500 626 2574; x_wconf 86' lang='lat' dir='ltr'>mittitur,</span> <span class='ocrx_word' id='word_1_203' title='bbox 650 2517 717 2558; x_wconf 88' lang='lat' dir='ltr'>oum</span> <span class='ocrx_word' id='word_1_204' title='bbox 741 2498 900 2578; x_wconf 89' lang='lat' dir='ltr'>apostolus</span> <span class='ocrx_word' id='word_1_205' title='bbox 913 2498 985 2557; x_wconf 85' lang='lat' dir='ltr'>vetit</span> 
     </span>
     <span class='ocr_line' id='line_1_30' title="bbox 65 2579 984 2661; baseline 0 -23"><span class='ocrx_word' id='word_1_206' title='bbox 65 2579 172 2640; x_wconf 87' lang='lat' dir='ltr'>multos</span> <span class='ocrx_word' id='word_1_207' title='bbox 195 2579 315 2655; x_wconf 86' lang='lat' dir='ltr'>adesse,</span> <span class='ocrx_word' id='word_1_208' title='bbox 338 2600 398 2642; x_wconf 93' lang='lat' dir='ltr'>non</span> <span class='ocrx_word' id='word_1_209' title='bbox 421 2589 545 2661; x_wconf 86' lang='lat' dir='ltr'>propter</span> <span class='ocrx_word' id='word_1_210' title='bbox 567 2583 760 2657; x_wconf 82' lang='lat' dir='ltr'>unctionem,</span> <span class='ocrx_word' id='word_1_211' title='bbox 783 2581 836 2640; x_wconf 84' lang='lat' dir='ltr'>sed</span> <span class='ocrx_word' id='word_1_212' title='bbox 860 2589 984 2660; x_wconf 88' lang='lat' dir='ltr'>propter</span> 
     </span>
     <span class='ocr_line' id='line_1_31' title="bbox 64 2662 983 2742; baseline 0 -20"><span class='ocrx_word' id='word_1_213' title='bbox 64 2663 243 2742; x_wconf 88' lang='lat' dir='ltr'>orationem,</span> <span class='ocrx_word' id='word_1_214' title='bbox 266 2663 346 2724; x_wconf 87' lang='lat' dir='ltr'>uude</span> <span class='ocrx_word' id='word_1_215' title='bbox 369 2665 454 2724; x_wconf 91' lang='lat' dir='ltr'>dioit:</span> <span class='ocrx_word' id='word_1_216' title='bbox 478 2664 584 2725; x_wconf 78' lang='lat' dir='ltr'>Oratio</span> <span class='ocrx_word' id='word_1_217' title='bbox 599 2663 668 2724; x_wconf 81' lang='lat' dir='ltr'>fidei</span> <span class='ocrx_word' id='word_1_218' title='bbox 688 2663 819 2724; x_wconf 86' lang='lat' dir='ltr'>salvabit</span> <span class='ocrx_word' id='word_1_219' title='bbox 831 2662 983 2722; x_wconf 86' lang='lat' dir='ltr'>infirmum</span> 
     </span>
     <span class='ocr_line' id='line_1_32' title="bbox 64 2745 984 2825; baseline 0.001 -21"><span class='ocrx_word' id='word_1_220' title='bbox 64 2754 115 2804; x_wconf 87' lang='lat' dir='ltr'>eto.</span> <span class='ocrx_word' id='word_1_221' title='bbox 160 2745 355 2825; x_wconf 80' lang='lat' dir='ltr'>Quamquam</span> <span class='ocrx_word' id='word_1_222' title='bbox 379 2749 525 2807; x_wconf 80' lang='lat' dir='ltr'>insertum</span> <span class='ocrx_word' id='word_1_223' title='bbox 558 2757 604 2806; x_wconf 92' lang='lat' dir='ltr'>est</span> <span class='ocrx_word' id='word_1_224' title='bbox 627 2747 713 2821; x_wconf 88' lang='lat' dir='ltr'>mihi,</span> <span class='ocrx_word' id='word_1_225' title='bbox 747 2767 785 2806; x_wconf 87' lang='lat' dir='ltr'>an</span> <span class='ocrx_word' id='word_1_226' title='bbox 808 2746 984 2807; x_wconf 76' lang='lat' dir='ltr'>sacerdotes</span> 
     </span>
     <span class='ocr_line' id='line_1_33' title="bbox 66 2829 984 2910; baseline 0 -22"><span class='ocrx_word' id='word_1_227' title='bbox 66 2829 134 2888; x_wconf 85' lang='lat' dir='ltr'>velit</span> <span class='ocrx_word' id='word_1_228' title='bbox 154 2829 294 2909; x_wconf 80' lang='lat' dir='ltr'>intelligi,</span> <span class='ocrx_word' id='word_1_229' title='bbox 317 2849 385 2890; x_wconf 90' lang='lat' dir='ltr'>oum</span> <span class='ocrx_word' id='word_1_230' title='bbox 410 2831 492 2890; x_wconf 83' lang='lat' dir='ltr'>dieat</span> <span class='ocrx_word' id='word_1_231' title='bbox 513 2830 726 2910; x_wconf 81' lang='lat' dir='ltr'>presbyteros,</span> <span class='ocrx_word' id='word_1_232' title='bbox 754 2829 784 2888; x_wconf 91' lang='lat' dir='ltr'>id</span> <span class='ocrx_word' id='word_1_233' title='bbox 808 2837 863 2904; x_wconf 83' lang='lat' dir='ltr'>est,</span> <span class='ocrx_word' id='word_1_234' title='bbox 886 2830 984 2889; x_wconf 88' lang='lat' dir='ltr'>senio·</span> 
     </span>
     <span class='ocr_line' id='line_1_34' title="bbox 66 2909 986 2990; baseline 0 -20"><span class='ocrx_word' id='word_1_235' title='bbox 66 2929 117 2973; x_wconf 86' lang='lat' dir='ltr'>res.</span> <span class='ocrx_word' id='word_1_236' title='bbox 161 2909 271 2990; x_wconf 87' lang='lat' dir='ltr'>Neque</span> <span class='ocrx_word' id='word_1_237' title='bbox 300 2915 380 2972; x_wconf 86' lang='lat' dir='ltr'>enirn</span> <span class='ocrx_word' id='word_1_238' title='bbox 411 2914 556 2973; x_wconf 75' lang='lat' dir='ltr'>continuo</span> <span class='ocrx_word' id='word_1_239' title='bbox 589 2912 734 2972; x_wconf 88' lang='lat' dir='ltr'>saoerdos</span> <span class='ocrx_word' id='word_1_240' title='bbox 764 2918 817 2972; x_wconf 89' lang='lat' dir='ltr'>aut</span> <span class='ocrx_word' id='word_1_241' title='bbox 849 2913 986 2972; x_wconf 82' lang='lat' dir='ltr'>minister</span> 
     </span>
     <span class='ocr_line' id='line_1_35' title="bbox 65 2993 983 3078; baseline -0.001 -24"><span class='ocrx_word' id='word_1_242' title='bbox 65 3003 118 3069; x_wconf 86' lang='lat' dir='ltr'>est,</span> <span class='ocrx_word' id='word_1_243' title='bbox 142 2997 193 3073; x_wconf 89' lang='lat' dir='ltr'>qui</span> <span class='ocrx_word' id='word_1_244' title='bbox 216 2997 318 3067; x_wconf 80' lang='lat' dir='ltr'>senior</span> <span class='ocrx_word' id='word_1_245' title='bbox 340 3003 395 3071; x_wconf 87' lang='lat' dir='ltr'>est,</span> <span class='ocrx_word' id='word_1_246' title='bbox 418 3015 479 3078; x_wconf 85' lang='lat' dir='ltr'>¹quo</span> <span class='ocrx_word' id='word_1_247' title='bbox 502 2997 650 3074; x_wconf 80' lang='lat' dir='ltr'>suspicari</span> <span class='ocrx_word' id='word_1_248' title='bbox 674 2996 784 3075; x_wconf 88' lang='lat' dir='ltr'>possis,</span> <span class='ocrx_word' id='word_1_249' title='bbox 807 2993 983 3074; x_wconf 90' lang='lat' dir='ltr'>apostolum</span> 
     </span>
     <span class='ocr_line' id='line_1_36' title="bbox 67 3077 986 3158; baseline 0 -22"><span class='ocrx_word' id='word_1_250' title='bbox 67 3077 214 3154; x_wconf 86' lang='lat' dir='ltr'>voluisse,</span> <span class='ocrx_word' id='word_1_251' title='bbox 235 3083 267 3138; x_wconf 92' lang='lat' dir='ltr'>ut</span> <span class='ocrx_word' id='word_1_252' title='bbox 288 3081 425 3140; x_wconf 89' lang='lat' dir='ltr'>seniores</span> <span class='ocrx_word' id='word_1_253' title='bbox 448 3085 479 3140; x_wconf 93' lang='lat' dir='ltr'>et</span> <span class='ocrx_word' id='word_1_254' title='bbox 500 3081 656 3158; x_wconf 87' lang='lat' dir='ltr'>graviores</span> <span class='ocrx_word' id='word_1_255' title='bbox 679 3079 709 3138; x_wconf 91' lang='lat' dir='ltr'>in</span> <span class='ocrx_word' id='word_1_256' title='bbox 732 3077 864 3138; x_wconf 78' lang='lat' dir='ltr'>ecelesia</span> <span class='ocrx_word' id='word_1_257' title='bbox 884 3077 986 3138; x_wconf 83' lang='lat' dir='ltr'>visita·</span> 
     </span>
     <span class='ocr_line' id='line_1_37' title="bbox 66 3159 985 3241; baseline -0.001 -22"><span class='ocrx_word' id='word_1_258' title='bbox 66 3167 131 3219; x_wconf 87' lang='lat' dir='ltr'>rent</span> <span class='ocrx_word' id='word_1_259' title='bbox 151 3159 312 3238; x_wconf 81' lang='lat' dir='ltr'>infirmum,</span> <span class='ocrx_word' id='word_1_260' title='bbox 334 3163 385 3241; x_wconf 87' lang='lat' dir='ltr'>qui</span> <span class='ocrx_word' id='word_1_261' title='bbox 407 3181 484 3241; x_wconf 87' lang='lat' dir='ltr'>opus</span> <span class='ocrx_word' id='word_1_262' title='bbox 496 3161 722 3222; x_wconf 79' lang='lat' dir='ltr'>misericordiae</span> <span class='ocrx_word' id='word_1_263' title='bbox 735 3161 882 3222; x_wconf 74' lang='lat' dir='ltr'>iacientes</span> <span class='ocrx_word' id='word_1_264' title='bbox 904 3169 935 3219; x_wconf 88' lang='lat' dir='ltr'>et</span> <span class='ocrx_word' id='word_1_265' title='bbox 955 3160 985 3218; x_wconf 93' lang='lat' dir='ltr'>in</span> 
     </span>
     <span class='ocr_line' id='line_1_38' title="bbox 67 3241 984 3324; baseline 0 -23"><span class='ocrx_word' id='word_1_266' title='bbox 67 3241 123 3302; x_wconf 83' lang='lat' dir='ltr'>tide</span> <span class='ocrx_word' id='word_1_267' title='bbox 147 3252 269 3304; x_wconf 87' lang='lat' dir='ltr'>orantes</span> <span class='ocrx_word' id='word_1_268' title='bbox 291 3263 359 3304; x_wconf 89' lang='lat' dir='ltr'>eum</span> <span class='ocrx_word' id='word_1_269' title='bbox 388 3252 546 3306; x_wconf 81' lang='lat' dir='ltr'>sonarent:</span> <span class='ocrx_word' id='word_1_270' title='bbox 581 3261 766 3323; x_wconf 83' lang='lat' dir='ltr'>quamquam</span> <span class='ocrx_word' id='word_1_271' title='bbox 796 3245 900 3324; x_wconf 86' lang='lat' dir='ltr'>negari</span> <span class='ocrx_word' id='word_1_272' title='bbox 923 3259 984 3302; x_wconf 93' lang='lat' dir='ltr'>non</span> 
     </span>
    </p>
   </div>
   <div class='ocr_carea' id='block_1_11' title="bbox 9 3326 985 3406">
    <p class='ocr_par' dir='ltr' id='par_1_11' title="bbox 9 3326 985 3406">
     <span class='ocr_line' id='line_1_39' title="bbox 9 3326 985 3406; baseline -0.003 -20"><span class='ocrx_word' id='word_1_273' title='bbox 9 3359 10 3364; x_wconf 19' lang='grc' dir='ltr'><strong>κ</strong></span> <span class='ocrx_word' id='word_1_274' title='bbox 68 3326 178 3405; x_wconf 85' lang='lat' dir='ltr'>possit,</span> <span class='ocrx_word' id='word_1_275' title='bbox 214 3327 363 3388; x_wconf 78' lang='lat' dir='ltr'>eeclesias</span> <span class='ocrx_word' id='word_1_276' title='bbox 395 3328 467 3388; x_wconf 89' lang='lat' dir='ltr'>olim</span> <span class='ocrx_word' id='word_1_277' title='bbox 493 3347 514 3388; x_wconf 86' lang='lat' dir='ltr'>n</span> <span class='ocrx_word' id='word_1_278' title='bbox 544 3327 715 3388; x_wconf 90' lang='lat' dir='ltr'>senioribus</span> <span class='ocrx_word' id='word_1_279' title='bbox 749 3327 842 3387; x_wconf 80' lang='lat' dir='ltr'>fuisse</span> <span class='ocrx_word' id='word_1_280' title='bbox 875 3331 985 3406; x_wconf 80' lang='lat' dir='ltr'>rentes,</span> 
     </span>
    </p>
   </div>
   <div class='ocr_carea' id='block_1_12' title="bbox 69 3407 986 3738">
    <p class='ocr_par' dir='ltr' id='par_1_12' title="bbox 69 3407 986 3572">
     <span class='ocr_line' id='line_1_40' title="bbox 69 3407 986 3487; baseline 0 -21"><span class='ocrx_word' id='word_1_281' title='bbox 69 3407 180 3487; x_wconf 88' lang='lat' dir='ltr'>absque</span> <span class='ocrx_word' id='word_1_282' title='bbox 202 3409 268 3470; x_wconf 88' lang='lat' dir='ltr'>istis</span> <span class='ocrx_word' id='word_1_283' title='bbox 282 3409 523 3470; x_wconf 89' lang='lat' dir='ltr'>ordinationibus</span> <span class='ocrx_word' id='word_1_284' title='bbox 537 3418 568 3469; x_wconf 89' lang='lat' dir='ltr'>et</span> <span class='ocrx_word' id='word_1_285' title='bbox 581 3409 873 3487; x_wconf 85' lang='lat' dir='ltr'>oonseorationibus,</span> <span class='ocrx_word' id='word_1_286' title='bbox 896 3424 986 3487; x_wconf 91' lang='lat' dir='ltr'>prop-</span> 
     </span>
     <span class='ocr_line' id='line_1_41' title="bbox 69 3490 963 3572; baseline -0.001 -22"><span class='ocrx_word' id='word_1_287' title='bbox 69 3497 111 3550; x_wconf 83' lang='lat' dir='ltr'>ter</span> <span class='ocrx_word' id='word_1_288' title='bbox 133 3499 263 3552; x_wconf 86' lang='lat' dir='ltr'>aetatem</span> <span class='ocrx_word' id='word_1_289' title='bbox 286 3499 317 3552; x_wconf 89' lang='lat' dir='ltr'>et</span> <span class='ocrx_word' id='word_1_290' title='bbox 338 3492 463 3572; x_wconf 86' lang='lat' dir='ltr'>longum</span> <span class='ocrx_word' id='word_1_291' title='bbox 486 3512 587 3554; x_wconf 88' lang='lat' dir='ltr'>rerum</span> <span class='ocrx_word' id='word_1_292' title='bbox 611 3511 697 3552; x_wconf 88' lang='lat' dir='ltr'>usum</span> <span class='ocrx_word' id='word_1_293' title='bbox 720 3493 750 3551; x_wconf 93' lang='lat' dir='ltr'>in</span> <span class='ocrx_word' id='word_1_294' title='bbox 773 3493 833 3553; x_wconf 85' lang='lat' dir='ltr'>hoo</span> <span class='ocrx_word' id='word_1_295' title='bbox 848 3490 963 3550; x_wconf 79' lang='lat' dir='ltr'>eiectis.</span> 
     </span>
    </p>

    <p class='ocr_par' dir='ltr' id='par_1_13' title="bbox 71 3570 985 3738">
     <span class='ocr_line' id='line_1_42' title="bbox 147 3570 985 3652; baseline -0.007 -18"><span class='ocrx_word' id='word_1_296' title='bbox 147 3573 249 3649; x_wconf 78' lang='lat' dir='ltr'>Quare</span> <span class='ocrx_word' id='word_1_297' title='bbox 279 3575 358 3635; x_wconf 84' lang='lat' dir='ltr'>hano</span> <span class='ocrx_word' id='word_1_298' title='bbox 386 3578 560 3636; x_wconf 80' lang='lat' dir='ltr'>unctionem</span> <span class='ocrx_word' id='word_1_299' title='bbox 584 3574 712 3635; x_wconf 85' lang='lat' dir='ltr'>eandem</span> <span class='ocrx_word' id='word_1_300' title='bbox 736 3590 794 3652; x_wconf 86' lang='lat' dir='ltr'>ego</span> <span class='ocrx_word' id='word_1_301' title='bbox 817 3591 886 3632; x_wconf 84' lang='lat' dir='ltr'>esso</span> <span class='ocrx_word' id='word_1_302' title='bbox 909 3570 985 3630; x_wconf 81' lang='lat' dir='ltr'>erbi-</span> 
     </span>
     <span class='ocr_line' id='line_1_43' title="bbox 71 3653 982 3738; baseline -0.005 -24"><span class='ocrx_word' id='word_1_303' title='bbox 71 3661 138 3732; x_wconf 87' lang='lat' dir='ltr'>tror,</span> <span class='ocrx_word' id='word_1_304' title='bbox 160 3675 239 3736; x_wconf 86' lang='lat' dir='ltr'>quae</span> <span class='ocrx_word' id='word_1_305' title='bbox 260 3657 335 3718; x_wconf 85' lang='lat' dir='ltr'>Mar.</span> <span class='ocrx_word' id='word_1_306' title='bbox 359 3659 386 3720; x_wconf 88' lang='lat'>6.</span> <span class='ocrx_word' id='word_1_307' title='bbox 410 3657 449 3718; x_wconf 89' lang='lat' dir='ltr'>de</span> <span class='ocrx_word' id='word_1_308' title='bbox 470 3657 618 3738; x_wconf 87' lang='lat' dir='ltr'>apostolis</span> <span class='ocrx_word' id='word_1_309' title='bbox 646 3654 801 3718; x_wconf 77' lang='lat' dir='ltr'>scribitur:</span> <span class='ocrx_word' id='word_1_310' title='bbox 830 3653 870 3714; x_wconf 81' lang='lat' dir='ltr'>Et</span> <span class='ocrx_word' id='word_1_311' title='bbox 891 3669 982 3729; x_wconf 85' lang='lat' dir='ltr'>ungo·</span> 
     </span>
    </p>
   </div>
   <div class='ocr_carea' id='block_1_13' title="bbox 95 3735 904 3824">
    <p class='ocr_par' dir='ltr' id='par_1_14' title="bbox 95 3735 904 3824">
     <span class='ocr_line' id='line_1_44' title="bbox 95 3735 904 3824; baseline 0.002 -12"><span class='ocrx_word' id='word_1_312' title='bbox 95 3773 184 3814; x_wconf 72' lang='lat' dir='ltr'>Lathon</span> <span class='ocrx_word' id='word_1_313' title='bbox 197 3785 248 3824; x_wconf 82' lang='lat' dir='ltr'>opp.</span> <span class='ocrx_word' id='word_1_314' title='bbox 261 3775 288 3816; x_wconf 81' lang='lat' dir='ltr'>V·</span> <span class='ocrx_word' id='word_1_315' title='bbox 302 3773 330 3813; x_wconf 82' lang='grc' dir='ltr'>Δ.</span> <span class='ocrx_word' id='word_1_316' title='bbox 345 3774 373 3812; x_wconf 79' lang='lat' dir='ltr'>nd</span> <span class='ocrx_word' id='word_1_317' title='bbox 387 3774 427 3813; x_wconf 75' lang='lat' dir='ltr'>rat.</span> <span class='ocrx_word' id='word_1_318' title='bbox 441 3773 491 3814; x_wconf 74' lang='lat' dir='ltr'>hist.</span> <span class='ocrx_word' id='word_1_319' title='bbox 504 3773 520 3816; x_wconf 82' lang='lat' dir='ltr'>t</span> <span class='ocrx_word' id='word_1_320' title='bbox 533 3785 556 3823; x_wconf 75' lang='lat' dir='ltr'>n·</span> <span class='ocrx_word' id='word_1_321' title='bbox 570 3774 618 3815; x_wconf 81' lang='lat' dir='ltr'><strong>Vol.</strong></span> <span class='ocrx_word' id='word_1_322' title='bbox 634 3773 660 3814; x_wconf 83' lang='lat' dir='ltr'>V·</span> <span class='ocrx_word' id='word_1_323' title='bbox 884 3735 904 3800; x_wconf 78' lang='grc'>8</span> 
     </span>
    </p>
   </div>
   <div class='ocr_carea' id='block_1_14' title="bbox 0 0 1135 4002">
    <p class='ocr_par' dir='ltr' id='par_1_15' title="bbox 0 0 1135 4002">
     <span class='ocr_line' id='line_1_45' title="bbox 0 0 1135 4002; baseline 0 0"><span class='ocrx_word' id='word_1_324' title='bbox 0 0 1135 4002; x_wconf 95' lang='lat' dir='ltr'> </span> 
     </span>
    </p>
   </div>
  </div>
 </body>
</html>
