2254 4008
326 175 359 230 D.
377 176 411 230 lt.
429 127 507 229 burh.
526 173 709 230 Prmndiunr.
937 169 978 236 31

82 337 148 408 sunt,
168 347 257 408 quam
280 329 424 390 dicendo:
453 329 520 390 Hoc
548 336 596 389 est
615 328 884 410 Viglepbistieum,
905 325 982 388 Hus-

18 479 19 486 ,
80 416 194 492 sitionm,
216 411 412 474 haereticum.
455 413 523 474 Hoc
550 413 631 473 enirn
659 411 779 472 elumbe
805 411 836 470 in
864 428 982 470 summe

80 515 185 574 semper
204 503 292 556 namt
312 496 419 573 saliva,
441 503 533 574 atque
556 494 637 555 aliud
660 495 744 575 nibil,
766 495 826 575 ubi,
848 495 873 553 si
895 499 982 573 petae
1048 537 1050 541 ,

78 580 261 659 scripturam,
295 578 413 639 dicunt:
447 578 512 639 Nos
544 580 589 638 sic
618 579 763 638 sentimus
794 585 824 636 et
851 576 983 637 eeclesia

80 665 197 739 (idest,
225 663 380 741 nosipsi)
411 663 455 720 sio
478 661 705 738 determinavit,
734 660 812 720 adeo
843 658 982 721 homines

77 743 184 824 reprobi
206 745 287 804 circe
308 744 398 805 fidem
422 751 452 804 et
479 743 670 804 incredibiles
693 744 781 804 uobis
811 761 867 802 sue
888 742 982 822 phan-

76 836 194 888 asmata
217 829 379 888 autoritate
394 828 544 888 ecciesiae
561 846 617 906 pro
641 826 774 886 articulis
786 824 856 886 fidei
869 825 983 887 audent

75 928 236 990 proponere
245 909 288 988 l).

145 992 201 1052 Est
223 1002 322 1054 autem
346 1012 434 1053 meae
455 993 624 1053 sententiae
646 993 723 1052 ratio
740 1009 862 1069 magna,
883 991 983 1070 impri-

75 1076 123 1135 mis
143 1074 213 1152 illa,
236 1078 317 1155 quod
348 1076 447 1136 verbis
468 1075 576 1136 divinis
608 1093 668 1135 non
693 1081 739 1134 est
760 1074 823 1134 ulla
843 1072 984 1134 faciende

74 1161 127 1235 vis,
147 1176 248 1237 neque
269 1178 324 1239 per
343 1157 511 1229 bominem,
539 1176 638 1237 neque
660 1177 719 1237 pen
736 1156 894 1237 angelum,
917 1155 981 1233 sed,

73 1248 210 1320 quantum
232 1240 297 1302 fieri
319 1248 436 1321 potest,
462 1243 493 1301 in
517 1241 741 1319 simplicissime
762 1239 984 1320 significatione

73 1323 306 1400 servandasunt,
328 1330 368 1402 et,
390 1324 448 1384 nisi
461 1323 621 1384 manifeste
643 1324 868 1384 circumstantia
881 1330 984 1403 cogat,

72 1415 148 1466 extra
184 1408 414 1487 grammaticam
451 1414 481 1467 et
519 1407 674 1487 propriam
710 1405 889 1486 accipienda
921 1423 982 1466 non

71 1497 146 1564 sunt,
173 1508 213 1549 ne
235 1488 323 1550 detur
343 1488 525 1550 adversariis
548 1489 672 1550 occasio
696 1491 865 1549 universam
889 1489 983 1568 scrip·

72 1580 160 1632 turam
183 1571 334 1633 eludendi.
381 1571 450 1648 Quo
479 1573 607 1633 consilio
634 1579 718 1632 recte
740 1573 888 1651 Origenes
910 1571 982 1632 olim

72 1654 239 1734 repudiatus
262 1665 319 1734 est,
341 1655 423 1733 qood
445 1656 528 1736 ligna
550 1663 581 1715 et
603 1656 715 1729 omnia,
737 1673 816 1734 quae
838 1655 876 1714 de
898 1673 984 1736 para-

73 1737 131 1798 diso
153 1737 336 1812 soribuntur,
358 1738 723 1817 grammaticelocutioue
746 1747 932 1817 conoemptu,
954 1739 984 1797 in

72 1821 227 1901 allegorias
249 1821 382 1898 venant,
405 1840 473 1882 cum
496 1822 566 1881 binc
589 1823 686 1902 possit
708 1820 787 1896 duci,
817 1821 900 1900 ligna
921 1839 983 1880 non

71 1922 132 1964 esee
154 1911 258 1964 creata
285 1924 303 1965 a
329 1903 404 1964 Dec.
448 1905 493 1965 lta
521 1911 552 1965 et
578 1903 642 1980 hic,
676 1923 744 1964 cum
776 1903 985 1983 evangelistae

14 2057 15 2064 ἵ
71 1987 144 2047 clara
166 1986 314 2064 scribant,
343 1986 495 2048 Christum
518 1988 676 2067 accepisse
697 2005 808 2066 panem
836 2005 873 2046 ac
895 1985 984 2046 bene·

14 2115 15 2128 ,
71 2068 187 2147 dixisse,
209 2078 240 2130 ct
251 2070 382 2130 Aetnam
406 2069 490 2147 liber,
513 2076 543 2132 et
557 2068 667 2130 Paulus
690 2068 848 2150 apostolus
872 2087 984 2149 panem

71 2153 206 2233 deinceps
235 2153 406 2234 appellent,
435 2172 539 2213 verum
571 2161 691 2234 oportet
713 2152 840 2232 intelligi
863 2171 983 2232 panem,

72 2254 229 2315 verumque
252 2237 365 2314 vinum,
387 2236 465 2296 sicut
492 2255 596 2296 verum
625 2237 762 2297 calicem.
806 2236 875 2296 Non
903 2237 984 2296 enim

72 2319 190 2379 calicem
212 2319 491 2380 transsubstantiari
514 2321 605 2380 etiarn
632 2320 687 2400 ipsi
717 2319 829 2380 dicunt
877 2319 985 2380 Trans-

70 2402 347 2463 substantiationem
377 2420 449 2462 vero
477 2409 629 2483 potestate
650 2401 751 2462 divina
772 2403 882 2462 lactem
915 2422 984 2463 cunr

72 2503 126 2545 nen
150 2486 189 2545 sit
209 2503 336 2547 necesse
357 2485 441 2565 poni,
463 2504 519 2566 pro
535 2485 681 2564 figmento
695 2488 845 2547 humanae
867 2487 985 2565 opinio·

70 2569 110 2628 nis
132 2567 252 2646 baberi,
279 2570 352 2647 quia
373 2569 455 2629 nulla
477 2570 641 2648 scriptura,
670 2569 753 2630 nulle
774 2569 892 2631 ratione
913 2570 984 2629 niti·

70 2659 120 2729 tur,
142 2658 175 2712 ut
195 2650 375 2713 videbimus.

145 2734 286 2796 Absurde
307 2742 354 2794 est
386 2753 459 2814 ergo
483 2741 515 2794 et
534 2752 616 2795 nova
639 2732 799 2794 verborum
820 2735 985 2815 impositio,

72 2836 175 2897 panem
207 2836 264 2898 pro
281 2811 396 2896 'specie
427 2816 478 2877 vel
507 2816 716 2879 accidentibus
746 2818 849 2896 panis,
882 2819 984 2878 vinum

72 2919 121 2979 pro
130 2899 288 2980 specievel
299 2899 505 2960 accidentibus
514 2901 688 2981 viniaecipi.
708 2900 987 2962 Curnonetomnia

70 2983 122 3043 elia
143 3001 198 3064 pro
220 2983 381 3063 speciebus
392 2992 423 3042 et
436 2982 648 3043 accidentibus
660 2983 833 3063 accipiunt?
856 2983 986 3060 Quodsi

70 3073 163 3128 cetera
185 3067 290 3128 omnia
303 3071 488 3143 constarent,
512 3075 686 3127 nontamen
701 3066 806 3128 liceret
823 3067 915 3128 verba
928 3067 984 3127 Dei

71 3151 110 3210 sic
130 3150 260 3226 elevare,
282 3155 313 3210 et
334 3167 403 3210 oum
426 3155 511 3212 tanta
530 3151 639 3210 iniuria
665 3150 727 3210 suis
756 3149 984 3230 significationi-

70 3232 119 3294 bus
139 3233 299 3296 exinaniri.
771 3279 772 3292 ,

145 3315 206 3376 Sed
228 3325 259 3375 et
273 3314 405 3376 ccclesia
428 3314 506 3375 ultre
528 3315 609 3376 mille
621 3314 769 3377 ducentos
791 3335 889 3378 annos
902 3322 985 3378 recte

73 3398 200 3476 credidit,
221 3417 280 3459 nec
302 3415 440 3476 usquam,
462 3415 674 3478 necunquam
697 3399 735 3460 de
757 3401 818 3462 ista
831 3399 986 3461 transsub-

72 3482 259 3543 stantiatione
283 3486 480 3560 (portentoso
494 3481 610 3542 scilicet
626 3481 779 3544 vocabulo
791 3490 822 3542 et
843 3483 982 3559 somnio)

74 3565 267 3626 meminerunt
288 3562 317 3626 S.
328 3563 443 3641 Patres,
466 3562 565 3626 donec
588 3567 690 3644 coepit
700 3565 871 3626 Aristotelis
892 3566 983 3626 simu·

121 3699 201 3770 illu
220 3699 263 3756 cd.
283 3703 357 3755 len:
378 3698 534 3754 obtrudere.
