2254 4008
312 175 351 233 na.
367 178 400 232 u.
422 176 730 244 transmutamus·
930 171 972 239 tt

7 275 9 320 t

7 321 9 430 j
62 332 174 395 verbum
197 339 227 393 et
243 335 411 394 unctionem
426 331 661 394 sanctificentur.
692 331 858 410 Postquam
870 336 972 392 autem

7 435 9 500 t
62 417 227 478 benedictus
250 425 281 478 et
303 423 499 478 consecratus
521 423 577 490 est,
599 417 660 476 iam
682 434 745 475 uon
762 415 896 492 offertur,
919 414 972 474 ssd

7 501 9 576 t
59 501 196 580 accipitur
224 500 307 561 dono
329 522 347 562 a
369 501 446 564 Deo.
490 500 529 559 Et
558 502 586 559 in
610 500 671 560 hoc
697 501 824 577 negotio
847 499 972 578 cogitet,

7 577 9 596 ¹
60 583 241 663 evangelium
274 604 349 644 esse.
372 583 603 663 praeferendum
635 581 776 642 omuibus
804 581 974 642 canonibus

7 599 9 730 i
60 677 84 728 et
104 667 257 744 collectis,
293 687 347 746 per
381 667 520 728 homines
554 667 748 745 compositis,
778 665 973 745 evangelium

59 758 150 811 autem
173 769 235 810 non
260 751 330 810 sinit
354 752 477 810 missam
502 769 571 810 esse
593 749 786 824 sacrificium,
808 748 975 810 utaudistit

130 833 251 893 Deinde
283 833 406 913 publice
437 835 561 894 missam
597 831 758 913 perficiens
795 832 975 912 praestituat

57 916 104 976 sibi
125 935 188 976 non
212 916 295 978 atiud
316 917 435 990 iacere,
465 935 557 994 qnam
586 937 620 977 ss
642 923 672 976 et
700 916 777 976 aiios
806 916 975 976 communi·-

57 1019 117 1060 care
138 1019 196 1078 per
222 1003 365 1072 missam,
396 1000 486 1060 simul
514 1007 616 1060 tamen
640 1000 794 1060 orationes
823 1017 896 1058 suas
916 1016 974 1078 pro

56 1103 82 1141 se
107 1087 136 1141 et
156 1083 226 1143 aliis
250 1083 359 1144 offerre
382 1103 510 1157 cavens,
542 1103 582 1142 ne
610 1085 734 1143 missam
757 1081 868 1142 offerre
889 1099 976 1161 prce·

56 1171 155 1225 sumet.
202 1165 262 1241 Qui
284 1186 357 1226 vero
380 1168 522 1246 privatim
544 1167 654 1227 missas
676 1171 774 1246 parat,
796 1166 976 1244 praestituot

55 1248 112 1326 sibi,
134 1255 169 1308 nt
195 1250 349 1330 seipsum
372 1251 585 1310 communicet.
629 1249 755 1309 Prorsus
778 1249 852 1309 nihil
875 1247 975 1308 differt

56 1351 106 1391 nso
127 1330 200 1409 ptus
222 1331 296 1393 tacit
319 1327 413 1394 missa
434 1335 570 1412 privato,
598 1351 689 1411 quam
717 1331 850 1412 simplex
877 1331 976 1400 ouius,-

7 1473 9 1488 ,
56 1434 107 1493 que
128 1415 202 1475 laici
216 1415 253 1476 dc
276 1436 367 1477 manu
381 1416 549 1477 sacerdotis
572 1421 695 1494 sumpta
716 1415 903 1491 communio,
924 1433 976 1474 ex·

7 1495 9 1522 *
55 1499 142 1578 ceptis
177 1499 382 1572 orationibus,
416 1507 446 1559 et
480 1499 562 1579 quod
592 1497 649 1560 sibi
676 1501 736 1578 ipsi
763 1503 925 1558 consecrat
944 1503 977 1556 et

55 1582 209 1658 ministrat,
231 1593 271 1642 re·
286 1583 354 1662 ipsa
368 1583 480 1643 missae
493 1590 523 1642 et
546 1582 729 1643 sacramenti
752 1600 860 1642 omnes
871 1598 976 1640 sumus

53 1664 203 1743 aequales,
226 1665 403 1726 sacerdotes
425 1673 456 1726 et
476 1666 554 1728 icici.
970 1702 972 1712 ·

126 1747 220 1823 Quod
242 1750 268 1807 si
290 1750 463 1828 postuletur
487 1749 525 1809 ab
548 1748 629 1825 aliis,
661 1748 783 1808 votivas
806 1751 901 1826 (quas
923 1764 976 1806 vo·

8 1831 24 1896 Γ
53 1833 132 1907 cant)
161 1831 318 1893 celebrare
340 1839 466 1912 caveat,
496 1851 535 1892 ne
562 1830 736 1891 mercedem
760 1830 899 1909 'accipiat
918 1847 976 1909 pro

54 1915 148 1990 missa,
173 1920 228 1976 aut
248 1923 426 1994 praesumat
447 1915 539 1976 ullam
557 1915 693 1974 votivam
716 1912 899 1990 socriiiccre,
921 1910 976 1972 sed
1064 1939 1066 1944 ·

7 2027 9 2064 ,
56 1996 172 2057 studeat
193 1998 256 2059 hoc
276 2006 373 2058 totum
403 1997 441 2058 ad
470 2000 625 2058 orationes
653 1997 780 2071 referre,
809 2015 885 2074 quas
913 1995 977 2054 sias

55 2099 103 2156 pro
125 2080 279 2141 defunctis
308 2083 372 2141 sive
402 2081 574 2142 viventibus
596 2080 719 2158 offerat,
753 2080 798 2139 sic
821 2079 975 2159 cogitansa

55 2163 130 2223 Eoos
161 2163 213 2224 ibo
241 2165 365 2224 etmihi
392 2165 450 2226 soli
473 2169 698 2225 sacramentnm
721 2163 901 2242 suscipiam,
923 2159 977 2221 scd

55 2248 126 2306 inter
149 2247 377 2326 suscipiendum
401 2267 456 2328 pro
478 2248 531 2307 illo
554 2254 585 2308 et
604 2246 658 2307 illo
672 2245 778 2324 orcbo,
801 2247 891 2306 siout
912 2263 978 2304 ora·

56 2329 159 2406 tionis,
191 2351 254 2391 non
283 2332 395 2390 missae
416 2330 588 2392 mercedem
616 2349 674 2410 pro
695 2330 778 2390 victu
809 2336 840 2389 et
866 2329 978 2389 amictu

56 2412 187 2492 recipiat.
230 2413 296 2474 Nec
318 2421 455 2490 moveat,
477 2415 559 2493 quod
582 2419 665 2474 totus
688 2411 778 2472 orbis
793 2411 978 2476 sonnatium

57 2502 82 2554 et
101 2514 228 2556 sensum
252 2504 282 2556 et
303 2516 390 2558 usum
404 2497 524 2558 habeat.
561 2495 765 2576 Evangelium
777 2495 978 2556 certissimum

58 2578 158 2651 habes,
184 2597 246 2658 quo
268 2579 361 2640 fretus
383 2580 472 2641 tacito
489 2586 668 2643 contemnes
691 2579 849 2640 hominnm
872 2593 980 2638 sensus

58 2669 83 2721 at
113 2662 286 2742 opiniones.
344 2662 433 2738 Quod
465 2665 491 2724 si
533 2680 583 2724 me
626 2669 826 2722 contemnens
869 2677 981 2740 pergas

7 2747 8 2802 i
59 2746 177 2805 nissam
217 2745 341 2822 offerre,
386 2766 448 2808 non
483 2745 570 2806 solas
606 2746 777 2820 orationes,
819 2744 903 2804 scito.
932 2760 981 2802 ms

58 2827 143 2888 insse
166 2829 350 2889 monitorem
378 2828 430 2889 tibi
452 2828 574 2888 fidelem
611 2836 642 2888 et
662 2830 692 2887 in
727 2828 776 2888 die
797 2826 899 2887 iudicii
928 2845 980 2884 ex·

60 2918 203 2985 casatum,
227 2917 309 2972 tuum
332 2911 470 2991 portabis
490 2914 558 2990 ipse
579 2918 750 2992 peccatum.
793 2910 879 2982 Dixi,
902 2921 1004 2987 quae*

59 2993 106 3053 tibi
128 2993 232 3054 dicere
255 2995 380 3054 tenebar
400 2995 493 3056 trater
514 2995 597 3056 tratri
619 2996 649 3054 in
673 2993 812 3069 salutem,
836 2992 889 3053 tibi
910 3009 980 3071 pro·

61 3075 164 3137 derunt
191 3083 329 3151 servata,
363 3077 417 3138 tibi
449 3077 605 3140 nocebunt
636 3076 788 3156 neglecta.
838 3073 928 3151 Quod
957 3075 983 3132 si

7 3223 8 3228 ,
61 3160 146 3238 atiqui
170 3161 262 3220 etism
284 3159 457 3220 damnarint
477 3161 566 3237 haec,
595 3159 669 3220 illud
692 3159 776 3219 Pauli
786 3157 822 3240 ἢ
853 3176 980 3236 respon·

62 3242 127 3302 deo:
151 3242 223 3304 Mati
246 3261 320 3304 vero
347 3244 487 3304 homines
510 3251 541 3304 et
568 3243 746 3304 seductores
767 3240 930 3322 proficient
949 3239 981 3299 in

62 3326 152 3403 peius,
175 3333 322 3404 errantes,
345 3333 376 3386 et
397 3327 427 3386 in
450 3345 584 3387 errorem
608 3328 771 3390 mittentes.
887 3325 894 3344 ⁴

137 3408 185 3468 Ex
207 3411 268 3469 isto
291 3429 373 3470 nuno
395 3410 485 3471 facilc
506 3409 579 3470 iilud
603 3410 703 3492 quivis
725 3407 876 3488 intelligit,
899 3403 982 3486 quod

114 3601 277 3733 'tillim
298 3663 323 3723 3·
351 3685 353 3692 ’
