2252 4006
248 168 358 223 Bullsm
377 162 463 224 Leon.
482 167 515 222 Χ.
533 167 656 225 dannan
674 178 698 220 a.
719 166 798 224 totto.
922 161 984 230 207
1024 251 1037 280 a

144 319 248 396 Quare
279 323 404 402 impiam
437 327 468 382 st
500 320 724 382 intolerabilem
763 320 984 401 blasphemiam

63 419 131 462 asse
154 403 240 482 dieo„
291 425 324 464 er
344 412 479 486 petram,
510 421 572 484 qua
593 404 678 465 solus
699 401 854 482 Christus,
875 403 906 464 id
928 409 984 483 est,

63 485 187 546 verbum
208 494 240 547 et
258 422 337 549 ddes
359 490 425 548 eins
446 487 659 568 insuperabilis
679 485 877 569 signifieatur,
898 483 985 548 intel-
1089 479 1091 490 ⁴

60 569 155 647 ligere
176 571 458 650 potestatemillem
470 571 698 632 monarehioam
717 578 843 631 satanae
865 585 984 630 servam

60 658 90 711 et
111 651 278 716 offioinam.
322 653 489 714 Solaeniur
511 653 588 714 fides
609 655 640 714 iu
653 653 804 714 Christum
828 660 884 732 est,
906 667 985 733 quae

59 733 152 796 nullis
173 736 262 796 inferi
283 739 379 817 portis
408 737 447 796 ed
475 736 569 797 ullum
601 745 761 818 pennatum
791 742 894 816 potest
916 736 984 796 sub-

60 818 147 881 rerli.
421 827 423 839 '

142 899 232 961 Petet
253 916 337 982 ergo,
361 917 452 983 quam
466 903 576 983 insigni
600 901 791 982 blasphemia
813 901 985 980 multipen-

60 981 157 1042 tilioes
180 984 212 1043 in
236 986 298 1045 suis
328 985 458 1046 decretis
479 993 597 1065 petram
621 985 815 1045 detorserunt
836 984 875 1043 ad
898 999 984 1043 auam

59 1067 250 1146 potentiam,
273 1075 303 1128 et
325 1068 469 1145 verbum3
491 1067 671 1146 aedilieere,
700 1067 738 1127 ad
762 1067 911 1126 ecelesiae
934 1083 985 1126 ex·

59 1159 179 1210 ternam
209 1150 444 1213 subiectionem.
487 1151 518 1214 Si
548 1151 627 1211 enim
660 1149 861 1210 aedificantur
893 1164 986 1229 snpra

46 1240 189 1312 petram,
214 1235 266 1312 qui
287 1253 388 1317 papae
409 1233 620 1294 monarchiam
643 1234 759 1310 nolunt,
782 1246 910 1293 neeesse
928 1239 986 1310 est,

59 1321 90 1375 ut
111 1323 225 1395 portae
256 1317 344 1377 inferi
372 1317 446 1377 nihil
474 1319 506 1377 in
534 1333 588 1377 eos
615 1317 743 1398 possint.
796 1315 873 1376 Cum
911 1333 985 1376 vero

59 1403 172 1478 portae
193 1398 280 1460 inleri
301 1402 332 1460 in
360 1400 462 1460 nullos
483 1400 623 1460 homines
651 1399 720 1480 plus
747 1400 865 1478 possint
893 1415 985 1477 quam

58 1485 85 1540 in
109 1496 180 1560 eos,
203 1483 254 1561 qui
275 1482 504 1562 religiosissima
526 1496 625 1565 papas
653 1481 782 1542 rabiemi
804 1489 874 1541 sunt
897 1483 987 1564 (snut

58 1566 139 1624 enim
166 1566 313 1644 omnium,
335 1565 453 1645 quosl)
478 1566 626 1643 videmus,
650 1564 986 1644 seeleratissimletirn·

58 1648 204 1728 piissimi,
222 1648 363 1708 omnium
387 1648 571 1709 daemonum
593 1655 625 1709 et
647 1648 789 1708 vitiorum
812 1649 909 1724 servi)
933 1661 986 1728 pa·

59 1737 115 1808 tet,
139 1729 226 1808 qnod
254 1731 327 1791 nihil
357 1733 456 1791 minus
484 1739 621 1811 potestas
645 1731 758 1791 illasii
785 1745 876 1810 quam
898 1737 986 1810 petra

57 1807 131 1892 isla,
166 1820 197 1873 et
217 1813 262 1873 illi
282 1813 356 1874 nihil
380 1816 478 1877 miuus
506 1816 567 1874 sint
596 1829 687 1894 quam
711 1813 863 1874 aedificati
894 1829 986 1894 super

58 1897 138 1956 hano
162 1903 292 1976 petram.

140 1979 261 2039 Adeste
288 1997 362 2060 ergo
390 1979 450 2039 hne
482 1997 564 2061 papa
589 1985 620 2040 et
651 1997 757 2041 omnes
785 1981 926 2060 papistae
955 1980 986 2038 in

58 2079 166 2142 unum,
190 2061 324 2123 eonllate
344 2059 445 2123 studia
457 2070 559 2124 vestra
582 2065 685 2123 omnia
699 2063 729 2121 in
741 2080 845 2141 unum,
868 2064 893 2122 si
905 2063 985 2122 iorle

9 2153 10 2158 ’
58 2147 187 2225 possitis
210 2145 273 2206 hoo
296 2147 450 2206 viueulnm
473 2146 651 2207 dissolvere.
694 2145 810 2206 Saltem
833 2147 911 2206 haee
932 2163 986 2205 an-

59 2231 168 2289 toritas
190 2236 299 2288 eontra
320 2247 376 2290 vos
400 2230 500 2289 evieta
516 2229 762 2310 triumphansque
775 2236 833 2290 est.
876 2228 986 2289 Nonne

60 2311 137 2372 haee
162 2312 310 2372 autoritas
330 2311 481 2372 haetenus
504 2312 559 2372 init
586 2319 720 2373 vestrum
748 2313 869 2371 uninum
899 2327 986 2392 pree

59 2394 193 2455 sidium?
214 2391 327 2456 Nonne
339 2413 394 2475 per
415 2397 521 2456 omnia
542 2395 667 2456 deoreta
687 2397 801 2455 laetata
814 2413 872 2455 eeu
893 2409 985 2474 rupee

59 2479 176 2538 inviota
198 2477 286 2538 huius
308 2478 490 2559 potestatis?
512 2479 640 2540 Prorsus
662 2479 693 2537 in
715 2478 799 2539 nullo
812 2477 873 2538 alio
892 2477 984 2538 verbo

60 2560 152 2622 vohis
174 2560 336 2640 eredimus,
360 2560 461 2623 donee
477 2562 739 2622 hoomeudaoium
763 2561 890 2621 sthene
907 2561 986 2622 hine
1072 2599 1074 2604 ι

60 2644 216 2725 phemiam
238 2643 394 2708 dilueritis.
438 2643 588 2725 suspecti,
610 2645 747 2724 iuquam,
769 2645 851 2704 eritis
870 2645 898 2703 in
923 2663 985 2704 om-

60 2727 150 2788 nibus
172 2727 256 2806 aliis,
291 2727 385 2788 semel
416 2727 598 2807 deprehensi
629 2729 658 2787 in
682 2736 744 2788 tam
766 2743 871 2787 orasse
893 2733 986 2788 teme·

60 2812 150 2872 ritate
172 2809 362 2890 depravandi
383 2810 467 2872 verbi
490 2811 556 2875 Dei.
599 2811 699 2871 Mitius
721 2827 796 2870 sane
818 2811 986 2888 errassetia,

62 2895 85 2953 ai
108 2899 304 2974 perpetrem
327 2893 556 2955 intellexissetis
578 2900 716 2954 sanetum
739 2891 872 2968 Petrum,
894 2911 985 2972 quem

63 2976 180 3056 aliquot
201 2978 300 3037 saneti
319 2977 424 3038 Patres
446 2977 675 3037 fundamentum
699 2976 909 3054 eeclesiarum,
932 2975 986 3036 sed

62 3069 187 3140 propter
207 3058 299 3120 fidem
328 3075 430 3135 suam,
459 3080 521 3121 non
549 3067 675 3140 propter
695 3061 865 3139 potentiam
888 3067 987 3119 exter·

63 3157 133 3203 nam
156 3144 306 3206 dixerunt.
350 3143 420 3206 Non
443 3145 522 3204 enirn
545 3145 625 3204 idem
647 3151 696 3203 sat
726 3149 851 3204 sanetus
880 3143 986 3212 Petrus

63 3233 187 3308 propter
207 3226 300 3288 fldem
321 3228 406 3288 verbi
428 3227 554 3306 Christi,
582 3234 613 3288 et
633 3231 770 3307 potestas
792 3243 892 3306 papae
918 3227 987 3285 sine

64 3312 123 3374 ilde
144 3321 175 3376 et
194 3311 300 3392 verbo,
322 3311 501 3394 superabilis
524 3329 578 3392 per
598 3317 703 3391 portes
724 3308 822 3372 interi.

146 3395 236 3474 Quod
259 3397 286 3456 si
307 3396 399 3456 etiam
418 3396 647 3476 aliquotPatrea
667 3395 863 3454 insentantia
885 3398 987 3455 uestra

117 3663 149 3733 1)
170 3659 202 3716 ln
221 3663 264 3718 ad.
282 3665 365 3740 orig.:
385 3661 467 3733 'quod
508 3638 510 3648 ¹
