2250 4008
139 197 203 266 434
430 201 593 284 contutatus
611 201 780 261 [athericus

140 359 266 419 invocet
297 377 408 420 nomen
436 367 521 421 tuam
549 352 735 444 pronubis,
774 363 845 442 quia
867 377 928 428 nec
961 357 1062 436 andet3

141 461 205 502 non
228 443 277 502 hic
298 451 345 502 est
367 443 493 504 iaudare
515 453 546 504 te
566 464 622 526 pro
645 444 817 520 beneficiis,
857 444 913 504 sed
944 442 1061 522 plorare

140 533 259 586 mntem
282 527 311 584 in
335 528 446 586 nostris
468 528 565 593 maiis.
603 527 643 587 lat
663 529 742 587 sicut
762 535 904 607 tempure
927 525 1062 586 florentis

137 609 273 668 iustitiae
295 610 386 669 etiarn
419 617 548 690 peccata
568 611 698 672 aliorum
721 611 802 672 iacta
824 617 898 670 eunt
920 608 994 669 alba
1014 609 1065 668 sic·

140 700 173 751 ut
194 693 264 772 nix,
301 711 359 752 nec
377 695 505 774 puniisti
527 712 579 769 ea,
602 696 674 773 quin
696 712 751 774 pro
774 712 836 755 non
860 693 1003 774 peccatis
1024 709 1064 749 re

140 776 268 854 prusti,
291 777 333 835 ita
353 777 413 836 istc
435 777 499 836 irae
521 786 550 837 et
573 779 687 838 ruentis
714 778 847 836 iustitiae
879 771 1064 855 tempore⁸)

138 859 230 917 etiam
253 858 382 918 iustitias
404 867 525 919 nostres
549 861 705 919 universae
727 860 862 940 pollutas
887 859 996 934 dacis,
1017 875 1065 936 pu·

140 942 247 1020 nisque
270 941 360 1001 simul
390 961 458 1000 cum
480 945 617 1022 peccatis
637 943 786 1018 alierum,
822 952 854 1002 et
883 959 956 1001 eum
987 939 1065 999 mein

138 1023 283 1098 involvis,
318 1024 448 1085 allidens
477 1045 533 1088 nos
562 1027 591 1084 in
623 1045 712 1085 manu
735 1025 908 1105 iniquitatis
932 1031 1065 1096 nostrae,

138 1108 241 1166 sinens
263 1107 353 1167 nohis
367 1106 441 1185 fleri,
465 1108 546 1187 quod
569 1117 699 1188 pecenta
719 1117 906 1183 meruerunt,
929 1117 964 1167 ut
982 1107 1065 1185 quasi

138 1189 285 1250 immundi
314 1193 408 1251 simus
444 1209 552 1254 omnes
584 1208 652 1252 nos.
696 1191 747 1252 Sic
774 1189 996 1251 misericordia
1018 1187 1065 1249 ah

137 1272 198 1331 iata
235 1274 411 1352 iniquitates
441 1283 563 1334 nostrae
587 1277 672 1333 'sieut
700 1281 806 1334 ventus
830 1274 981 1335 auferunt
1002 1291 1066 1345 nos,

137 1354 211 1414 nihil
233 1356 403 1416 valentibus
426 1359 572 1418 adversus
595 1377 663 1418 eum
688 1359 836 1418 universis
864 1357 997 1417 iustitiis
1018 1373 1066 1415 nu

136 1440 216 1501 stris.
1010 1470 1013 1476 ·

219 1520 271 1582 Sic
300 1529 331 1580 et
361 1521 400 1582 de
426 1525 563 1603 principe
595 1525 673 1583 irato
702 1523 775 1582 dicit
797 1522 930 1602 vulgus:
965 1521 1064 1581 Nemo

137 1604 229 1666 audet
248 1606 277 1664 ei
299 1603 338 1664 de
359 1605 418 1664 hnc
439 1625 472 1665 re
494 1606 610 1683 dicere,
637 1625 697 1665 nec
718 1623 774 1686 pro
797 1623 835 1666 ea
856 1604 1064 1679 intercedere,

137 1687 266 1762 petilii,
295 1707 334 1748 ne
356 1708 450 1766 uxor,
481 1709 519 1749 ne
547 1690 635 1748 aurici
660 1691 780 1768 quidem
804 1695 861 1750 etc.
910 1687 965 1748 Sic
990 1689 1064 1747 iram

137 1770 193 1831 Dei
216 1779 277 1831 tam
299 1789 443 1851 magnam
467 1773 611 1851 queritur,
634 1781 666 1832 ut
688 1779 719 1832 et
739 1774 899 1832 universas
921 1772 1063 1832 omnium

136 1855 255 1934 piorum
279 1855 410 1914 iustitias
431 1856 477 1915 sic
498 1861 622 1931 tractet,
657 1857 743 1934 quasi
782 1862 914 1934 peccata
948 1862 982 1914 et
1011 1855 1062 1912 im·

136 1937 304 1998 munditiae
324 1939 394 2016 sint,
415 1957 474 1998 nec
495 1938 638 2014 sedeant,
657 1957 714 1997 nac
736 1939 859 2018 possint
880 1956 955 1997 eum
980 1938 1063 1996 invo-

136 2038 221 2095 care,
245 2026 297 2082 eut
317 2019 450 2084 flectere.
495 2022 702 2101 Frigidissime
729 2028 831 2082 autern
861 2029 911 2081 eet
939 2027 1063 2080 senten·

137 2102 240 2164 riade
261 2104 423 2184 impiorum
446 2106 596 2186 sacrilega
612 2106 737 2184 iustitia,
758 2103 797 2164 ad
811 2103 1062 2164 ardentissimam

136 2194 168 2247 et
204 2188 502 2247 vehementissimam
543 2190 623 2250 hnnc
661 2189 831 2248 cretionem
867 2195 1062 2267 comparate,

136 2272 264 2350 quaesi
286 2287 419 2349 unqusm
442 2279 513 2350 apte
536 2272 615 2334 omri
639 2271 754 2350 potuit,
786 2269 878 2330 hodie
902 2271 985 2330 orari
1007 2288 1062 2350 po·

135 2358 211 2434 test,
243 2352 294 2413 ubi
316 2353 401 2413 mulsi
429 2356 488 2433 pii,
522 2355 576 2415 sed
605 2357 646 2414 ita
675 2353 833 2433 praevalet
860 2353 1061 2413 antichristus

135 2453 237 2517 pape,
270 2442 303 2496 ut
323 2437 414 2497 etiem
438 2454 498 2497 non
523 2438 617 2498 modo
638 2438 668 2496 in
691 2437 772 2497 mala
793 2454 982 2517 poenarum,
1004 2435 1061 2495 sed

137 2521 219 2579 etin
242 2537 362 2579 errores
384 2519 485 2580 trahat
507 2521 634 2595 electos,
656 2537 714 2579 nec
729 2527 776 2580 eat
797 2519 846 2579 hic
867 2521 918 2598 qui
940 2526 1060 2599 surgat,

136 2609 248 2682 teneat,
272 2603 397 2662 invocet
418 2621 530 2664 nomen
554 2605 610 2666 Dei
633 2622 688 2683 pro
711 2604 829 2662 miseris
851 2602 950 2664 nohis.

162 2721 164 2728 ν
218 2685 307 2746 Hunc
329 2703 451 2746 sensnm
470 2687 596 2766 pulchre
619 2687 769 2767 quadrare
792 2685 990 2764 sequentihus
1012 2702 1059 2744 ar·

137 2765 231 2828 bitror
263 2770 337 2828 satis
370 2778 491 2849 patere,
524 2779 554 2831 et
575 2771 709 2831 Latomis
744 2771 818 2829 meis
850 2769 910 2828 hoc
937 2768 1058 2844 deesse,
1117 2795 1118 2798 ¹

136 2850 217 2930 qued
240 2850 383 2932 Spiritum
415 2860 554 2913 sanctum
583 2853 711 2914 credunt
739 2871 799 2912 non
824 2871 862 2912 ex
884 2853 989 2912 enimc
1012 2852 1057 2912 lc·

136 2935 197 3012 qni,
219 2935 273 2993 sed
296 2933 384 2994 iictas
407 2936 554 3014 quasdem
577 2938 707 2997 iustitias
729 2935 872 3018 allegere.
901 2934 960 2996 Sed
987 2935 1055 2995 ilius

135 3033 196 3078 nun
219 3024 397 3096 quereretur
416 3021 589 3080 immundas
613 3019 687 3098 fieri,
710 3037 780 3079 cum
801 3021 861 3079 iem
878 3024 982 3079 essent
1001 3019 1056 3078 im·

136 3099 277 3161 mundae.
322 3099 379 3160 Hic
400 3102 530 3162 iustitias
553 3105 687 3163 sinceres
721 3100 883 3162 confltetur
905 3119 991 3177 ense,
1026 3109 1056 3161 et

135 3184 275 3264 queeetio
299 3191 347 3244 est
380 3203 433 3244 eas
461 3186 597 3264 pollutae
620 3195 651 3246 et
671 3185 844 3246 immundos
866 3183 947 3262 fieri,
982 3183 1054 3243 dnm

134 3287 195 3328 nun
230 3268 379 3347 contingit
411 3268 486 3347 iiiia,
522 3270 605 3348 quod
641 3270 762 3329 iustitiis
797 3270 922 3328 sinceris
964 3267 1053 3344 solet„

135 3352 189 3410 aed
213 3354 368 3411 conuarin
389 3353 590 3430 contingunt,
625 3354 696 3430 quia
728 3369 789 3411 non
813 3358 940 3431 surgunt
960 3358 994 3410 et
1015 3357 1054 3409 te·

135 3441 210 3492 nent
230 3434 340 3492 iratum
363 3434 472 3505 Deum,
496 3437 527 3494 in
550 3435 600 3495 die
622 3436 742 3511 furoris,
763 3433 846 3514 apud
869 3452 958 3512 quern
982 3432 1053 3492 nihii

475 3602 570 3609 -———-

209 3695 237 3758 ⁸)
258 3697 352 3752 Esaiae
372 3700 395 3753 1.
