<?xml version="1.0" encoding="UTF-8"?>
<!DOCTYPE html PUBLIC "-//W3C//DTD XHTML 1.0 Transitional//EN"
    "http://www.w3.org/TR/xhtml1/DTD/xhtml1-transitional.dtd">
<html xmlns="http://www.w3.org/1999/xhtml" xml:lang="en" lang="en">
 <head>
  <title>
</title>
<meta http-equiv="Content-Type" content="text/html;charset=utf-8" />
  <meta name='ocr-system' content='tesseract 3.04.00' />
  <meta name='ocr-capabilities' content='ocr_page ocr_carea ocr_par ocr_line ocrx_word'/>
</head>
<body>
  <div class='ocr_page' id='page_1' title='image "./operalatinavari03schmgoog_0139.png"; bbox 0 0 2258 4002; ppageno 0'>
   <div class='ocr_carea' id='block_1_1' title="bbox 130 183 850 260">
    <p class='ocr_par' dir='ltr' id='par_1_1' title="bbox 130 183 850 260">
     <span class='ocr_line' id='line_1_1' title="bbox 130 183 850 260; baseline -0.011 -8"><span class='ocrx_word' id='word_1_1' title='bbox 130 183 204 252; x_wconf 72' lang='lat'><strong>128‘</strong></span> <span class='ocrx_word' id='word_1_2' title='bbox 410 187 571 260; x_wconf 62' lang='lat' dir='ltr'><strong>Appetitur,</strong></span> <span class='ocrx_word' id='word_1_3' title='bbox 590 189 624 244; x_wconf 88' lang='lat' dir='ltr'><strong>n.</strong></span> <span class='ocrx_word' id='word_1_4' title='bbox 643 189 722 247; x_wconf 73' lang='lat' dir='ltr'><strong>rut</strong></span> <span class='ocrx_word' id='word_1_5' title='bbox 738 189 850 244; x_wconf 70' lang='lat' dir='ltr'><strong>nauus</strong></span> 
     </span>
    </p>
   </div>
   <div class='ocr_carea' id='block_1_2' title="bbox 58 348 1120 2840">
    <p class='ocr_par' dir='ltr' id='par_1_2' title="bbox 58 348 1120 2840">
     <span class='ocr_line' id='line_1_2' title="bbox 68 348 1060 431; baseline -0.003 -20"><span class='ocrx_word' id='word_1_6' title='bbox 68 392 72 411; x_wconf 81' lang='grc'>.</span> <span class='ocrx_word' id='word_1_7' title='bbox 130 351 330 429; x_wconf 76' lang='lat' dir='ltr'><strong>imperatore,</strong></span> <span class='ocrx_word' id='word_1_8' title='bbox 352 348 428 409; x_wconf 86' lang='lat' dir='ltr'><strong>hora</strong></span> <span class='ocrx_word' id='word_1_9' title='bbox 450 351 606 410; x_wconf 81' lang='lat' dir='ltr'><strong>tertiarum</strong></span> <span class='ocrx_word' id='word_1_10' title='bbox 630 351 681 411; x_wconf 85' lang='lat' dir='ltr'><strong>vei</strong></span> <span class='ocrx_word' id='word_1_11' title='bbox 696 351 794 428; x_wconf 85' lang='lat' dir='ltr'><strong>quusi,</strong></span> <span class='ocrx_word' id='word_1_12' title='bbox 816 352 846 410; x_wconf 92' lang='lat' dir='ltr'><strong>in</strong></span> <span class='ocrx_word' id='word_1_13' title='bbox 861 349 981 431; x_wconf 85' lang='lat' dir='ltr'><strong>capelia</strong></span> <span class='ocrx_word' id='word_1_14' title='bbox 995 368 1060 408; x_wconf 86' lang='lat' dir='ltr'><strong>eor-</strong></span> 
     </span>
     <span class='ocr_line' id='line_1_3' title="bbox 130 432 1060 512; baseline -0.002 -19"><span class='ocrx_word' id='word_1_15' title='bbox 130 434 214 512; x_wconf 82' lang='lat' dir='ltr'>poris</span> <span class='ocrx_word' id='word_1_16' title='bbox 237 432 363 508; x_wconf 80' lang='lat' dir='ltr'>Christi,</span> <span class='ocrx_word' id='word_1_17' title='bbox 385 435 414 491; x_wconf 91' lang='lat' dir='ltr'><strong>in</strong></span> <span class='ocrx_word' id='word_1_18' title='bbox 433 434 618 512; x_wconf 79' lang='lat' dir='ltr'><strong>parochialis</strong></span> <span class='ocrx_word' id='word_1_19' title='bbox 640 435 752 494; x_wconf 78' lang='lat' dir='ltr'><strong>ibidem</strong></span> <span class='ocrx_word' id='word_1_20' title='bbox 765 435 922 493; x_wconf 86' lang='lat' dir='ltr'><strong>cimeterio</strong></span> <span class='ocrx_word' id='word_1_21' title='bbox 938 435 1060 512; x_wconf 78' lang='lat' dir='ltr'><strong>situata,</strong></span> 
     </span>
     <span class='ocr_line' id='line_1_4' title="bbox 131 514 1060 595; baseline -0.002 -19"><span class='ocrx_word' id='word_1_22' title='bbox 131 514 343 595; x_wconf 80' lang='lat' dir='ltr'><strong>praesentibus</strong></span> <span class='ocrx_word' id='word_1_23' title='bbox 366 514 476 575; x_wconf 82' lang='lat' dir='ltr'><strong>ibidem</strong></span> <span class='ocrx_word' id='word_1_24' title='bbox 512 517 703 577; x_wconf 70' lang='lat' dir='ltr'><strong>christoforo</strong></span> <span class='ocrx_word' id='word_1_25' title='bbox 726 516 839 594; x_wconf 88' lang='lat' dir='ltr'><strong>Beehr,</strong></span> <span class='ocrx_word' id='word_1_26' title='bbox 862 519 957 577; x_wconf 88' lang='lat' dir='ltr'><strong>sacris</strong></span> <span class='ocrx_word' id='word_1_27' title='bbox 987 534 1060 595; x_wconf 87' lang='lat' dir='ltr'><strong>epo-</strong></span> 
     </span>
     <span class='ocr_line' id='line_1_5' title="bbox 131 599 1061 677; baseline 0 -20"><span class='ocrx_word' id='word_1_28' title='bbox 131 599 240 658; x_wconf 84' lang='lat' dir='ltr'><strong>stolicu</strong></span> <span class='ocrx_word' id='word_1_29' title='bbox 262 606 292 657; x_wconf 91' lang='lat' dir='ltr'><strong>et</strong></span> <span class='ocrx_word' id='word_1_30' title='bbox 319 600 466 677; x_wconf 83' lang='lat' dir='ltr'><strong>imperiali</strong></span> <span class='ocrx_word' id='word_1_31' title='bbox 495 603 677 660; x_wconf 77' lang='lat' dir='ltr'><strong>anctoritate</strong></span> <span class='ocrx_word' id='word_1_32' title='bbox 706 602 888 659; x_wconf 67' lang='lat' dir='ltr'><strong>vicecomite</strong></span> <span class='ocrx_word' id='word_1_33' title='bbox 911 599 1061 658; x_wconf 85' lang='lat' dir='ltr'><strong>Constan-</strong></span> 
     </span>
     <span class='ocr_line' id='line_1_6' title="bbox 133 681 1060 762; baseline 0.001 -22"><span class='ocrx_word' id='word_1_34' title='bbox 133 683 231 760; x_wconf 88' lang='lat' dir='ltr'><strong>tiensi,</strong></span> <span class='ocrx_word' id='word_1_35' title='bbox 254 690 284 740; x_wconf 89' lang='lat' dir='ltr'><strong>et</strong></span> <span class='ocrx_word' id='word_1_36' title='bbox 297 681 488 761; x_wconf 87' lang='lat' dir='ltr'><strong>Hieronymo</strong></span> <span class='ocrx_word' id='word_1_37' title='bbox 509 682 633 762; x_wconf 86' lang='lat' dir='ltr'><strong>Pupiss,</strong></span> <span class='ocrx_word' id='word_1_38' title='bbox 657 683 812 742; x_wconf 77' lang='lat' dir='ltr'><strong>eur-tensis</strong></span> <span class='ocrx_word' id='word_1_39' title='bbox 835 683 968 743; x_wconf 88' lang='lat' dir='ltr'><strong>diocesis</strong></span> <span class='ocrx_word' id='word_1_40' title='bbox 993 683 1060 742; x_wconf 84' lang='lat' dir='ltr'><strong>Gie-</strong></span> 
     </span>
     <span class='ocr_line' id='line_1_7' title="bbox 132 764 1060 845; baseline -0.001 -21"><span class='ocrx_word' id='word_1_41' title='bbox 132 769 197 842; x_wconf 86' lang='lat' dir='ltr'><strong>ric.,</strong></span> <span class='ocrx_word' id='word_1_42' title='bbox 222 764 349 824; x_wconf 88' lang='lat' dir='ltr'><strong>testibus</strong></span> <span class='ocrx_word' id='word_1_43' title='bbox 371 764 410 823; x_wconf 88' lang='lat' dir='ltr'><strong>ad</strong></span> <span class='ocrx_word' id='word_1_44' title='bbox 432 769 602 844; x_wconf 84' lang='lat' dir='ltr'><strong>praemisse</strong></span> <span class='ocrx_word' id='word_1_45' title='bbox 624 767 761 844; x_wconf 87' lang='lat' dir='ltr'><strong>vocatis,</strong></span> <span class='ocrx_word' id='word_1_46' title='bbox 781 767 959 845; x_wconf 85' lang='lat' dir='ltr'><strong>rugatisque</strong></span> <span class='ocrx_word' id='word_1_47' title='bbox 980 766 1060 845; x_wconf 83' lang='lat' dir='ltr'><strong>pori-</strong></span> 
     </span>
     <span class='ocr_line' id='line_1_8' title="bbox 132 849 1089 925; baseline 0 -19"><span class='ocrx_word' id='word_1_48' title='bbox 132 857 177 907; x_wconf 87' lang='lat' dir='ltr'><strong>tsr</strong></span> <span class='ocrx_word' id='word_1_49' title='bbox 198 855 227 906; x_wconf 88' lang='lat' dir='ltr'><strong>et</strong></span> <span class='ocrx_word' id='word_1_50' title='bbox 248 849 409 925; x_wconf 81' lang='lat' dir='ltr'><strong>requisitis.</strong></span> <span class='ocrx_word' id='word_1_51' title='bbox 1085 851 1089 860; x_wconf 84' lang='grc'><strong>“</strong></span> 
     </span>
     <span class='ocr_line' id='line_1_9' title="bbox 216 931 1060 1010; baseline 0.001 -22"><span class='ocrx_word' id='word_1_52' title='bbox 216 931 381 1008; x_wconf 89' lang='lat' dir='ltr'><strong>Postquum</strong></span> <span class='ocrx_word' id='word_1_53' title='bbox 403 937 504 989; x_wconf 87' lang='lat' dir='ltr'><strong>autem</strong></span> <span class='ocrx_word' id='word_1_54' title='bbox 528 932 705 1010; x_wconf 89' lang='lat' dir='ltr'><strong>praedictus</strong></span> <span class='ocrx_word' id='word_1_55' title='bbox 727 931 789 990; x_wconf 90' lang='lat' dir='ltr'><strong>Leo</strong></span> <span class='ocrx_word' id='word_1_56' title='bbox 804 931 940 990; x_wconf 87' lang='lat' dir='ltr'><strong>decimus</strong></span> <span class='ocrx_word' id='word_1_57' title='bbox 963 933 992 989; x_wconf 92' lang='lat' dir='ltr'><strong>in</strong></span> <span class='ocrx_word' id='word_1_58' title='bbox 1005 932 1060 989; x_wconf 89' lang='lat' dir='ltr'><strong>im-</strong></span> 
     </span>
     <span class='ocr_line' id='line_1_10' title="bbox 133 1014 1058 1095; baseline -0.001 -23"><span class='ocrx_word' id='word_1_59' title='bbox 133 1017 183 1095; x_wconf 84' lang='lat' dir='ltr'><strong>pis</strong></span> <span class='ocrx_word' id='word_1_60' title='bbox 198 1033 254 1073; x_wconf 89' lang='lat' dir='ltr'><strong>sua</strong></span> <span class='ocrx_word' id='word_1_61' title='bbox 268 1015 429 1092; x_wconf 78' lang='lat' dir='ltr'><strong>tyrannide</strong></span> <span class='ocrx_word' id='word_1_62' title='bbox 445 1014 602 1072; x_wconf 88' lang='lat' dir='ltr'><strong>induratus</strong></span> <span class='ocrx_word' id='word_1_63' title='bbox 626 1023 813 1094; x_wconf 88' lang='lat' dir='ltr'><strong>perseverat,</strong></span> <span class='ocrx_word' id='word_1_64' title='bbox 837 1021 867 1073; x_wconf 87' lang='lat' dir='ltr'><strong>et</strong></span> <span class='ocrx_word' id='word_1_65' title='bbox 888 1015 919 1072; x_wconf 90' lang='lat' dir='ltr'><strong>in</strong></span> <span class='ocrx_word' id='word_1_66' title='bbox 940 1021 1058 1072; x_wconf 89' lang='lat' dir='ltr'><strong>tantum</strong></span> 
     </span>
     <span class='ocr_line' id='line_1_11' title="bbox 134 1095 1059 1178; baseline -0.002 -22"><span class='ocrx_word' id='word_1_67' title='bbox 134 1099 252 1173; x_wconf 87' lang='lat' dir='ltr'><strong>crescit,</strong></span> <span class='ocrx_word' id='word_1_68' title='bbox 276 1105 308 1155; x_wconf 92' lang='lat' dir='ltr'><strong>ut</strong></span> <span class='ocrx_word' id='word_1_69' title='bbox 330 1115 378 1155; x_wconf 88' lang='lat' dir='ltr'><strong>me</strong></span> <span class='ocrx_word' id='word_1_70' title='bbox 399 1096 532 1175; x_wconf 81' lang='lat' dir='ltr'><strong>quodam</strong></span> <span class='ocrx_word' id='word_1_71' title='bbox 549 1095 645 1174; x_wconf 80' lang='lat' dir='ltr'><strong>Rullo,</strong></span> <span class='ocrx_word' id='word_1_72' title='bbox 669 1104 700 1157; x_wconf 90' lang='lat' dir='ltr'><strong>ut</strong></span> <span class='ocrx_word' id='word_1_73' title='bbox 722 1097 823 1178; x_wconf 84' lang='lat' dir='ltr'><strong>fertur,</strong></span> <span class='ocrx_word' id='word_1_74' title='bbox 847 1115 948 1175; x_wconf 87' lang='lat' dir='ltr'><strong>neque</strong></span> <span class='ocrx_word' id='word_1_75' title='bbox 968 1114 1059 1157; x_wconf 88' lang='lat' dir='ltr'><strong>voca·</strong></span> 
     </span>
     <span class='ocr_line' id='line_1_12' title="bbox 134 1179 1059 1258; baseline -0.001 -19"><span class='ocrx_word' id='word_1_76' title='bbox 134 1189 196 1239; x_wconf 90' lang='lat' dir='ltr'><strong>turn</strong></span> <span class='ocrx_word' id='word_1_77' title='bbox 220 1197 320 1257; x_wconf 89' lang='lat' dir='ltr'><strong>neque</strong></span> <span class='ocrx_word' id='word_1_78' title='bbox 342 1179 488 1256; x_wconf 89' lang='lat' dir='ltr'><strong>auditum,</strong></span> <span class='ocrx_word' id='word_1_79' title='bbox 510 1197 609 1258; x_wconf 87' lang='lat' dir='ltr'><strong>neque</strong></span> <span class='ocrx_word' id='word_1_80' title='bbox 627 1182 801 1239; x_wconf 86' lang='lat' dir='ltr'><strong>convictum</strong></span> <span class='ocrx_word' id='word_1_81' title='bbox 814 1184 842 1238; x_wconf 89' lang='lat' dir='ltr'><strong>in</strong></span> <span class='ocrx_word' id='word_1_82' title='bbox 859 1180 967 1239; x_wconf 80' lang='lat' dir='ltr'><strong>libellis</strong></span> <span class='ocrx_word' id='word_1_83' title='bbox 984 1182 1059 1238; x_wconf 85' lang='lat' dir='ltr'><strong>ineis</strong></span> 
     </span>
     <span class='ocr_line' id='line_1_13' title="bbox 134 1261 1060 1339; baseline -0.002 -17"><span class='ocrx_word' id='word_1_84' title='bbox 134 1263 299 1339; x_wconf 84' lang='lat' dir='ltr'><strong>damnarit,</strong></span> <span class='ocrx_word' id='word_1_85' title='bbox 315 1261 354 1322; x_wconf 91' lang='lat' dir='ltr'><strong>ad</strong></span> <span class='ocrx_word' id='word_1_86' title='bbox 376 1263 453 1321; x_wconf 89' lang='lat' dir='ltr'><strong>haec</strong></span> <span class='ocrx_word' id='word_1_87' title='bbox 471 1264 633 1322; x_wconf 89' lang='lat' dir='ltr'><strong>concilium</strong></span> <span class='ocrx_word' id='word_1_88' title='bbox 664 1263 906 1322; x_wconf 83' lang='lat' dir='ltr'><strong>ecclesiasticum</strong></span> <span class='ocrx_word' id='word_1_89' title='bbox 937 1281 1006 1322; x_wconf 89' lang='lat' dir='ltr'><strong>esse</strong></span> <span class='ocrx_word' id='word_1_90' title='bbox 1030 1265 1060 1322; x_wconf 91' lang='lat' dir='ltr'><strong>in</strong></span> 
     </span>
     <span class='ocr_line' id='line_1_14' title="bbox 133 1347 1062 1424; baseline -0.004 -16"><span class='ocrx_word' id='word_1_91' title='bbox 133 1365 232 1408; x_wconf 81' lang='lat' dir='ltr'><strong>serum</strong></span> <span class='ocrx_word' id='word_1_92' title='bbox 255 1355 364 1405; x_wconf 88' lang='lat' dir='ltr'><strong>natura</strong></span> <span class='ocrx_word' id='word_1_93' title='bbox 386 1356 486 1424; x_wconf 86' lang='lat' dir='ltr'><strong>neget,</strong></span> <span class='ocrx_word' id='word_1_94' title='bbox 508 1347 604 1424; x_wconf 85' lang='lat' dir='ltr'><strong>fugiat</strong></span> <span class='ocrx_word' id='word_1_95' title='bbox 626 1354 656 1405; x_wconf 92' lang='lat' dir='ltr'><strong>et</strong></span> <span class='ocrx_word' id='word_1_96' title='bbox 673 1349 840 1424; x_wconf 86' lang='lat' dir='ltr'><strong>vituperet,</strong></span> <span class='ocrx_word' id='word_1_97' title='bbox 860 1354 1004 1424; x_wconf 79' lang='lat' dir='ltr'><strong>tanquam</strong></span> <span class='ocrx_word' id='word_1_98' title='bbox 1018 1347 1062 1404; x_wconf 92' lang='lat' dir='ltr'><strong>in·</strong></span> 
     </span>
     <span class='ocr_line' id='line_1_15' title="bbox 134 1428 1060 1508; baseline -0.003 -19"><span class='ocrx_word' id='word_1_99' title='bbox 134 1428 231 1489; x_wconf 85' lang='lat' dir='ltr'><strong>fidelis</strong></span> <span class='ocrx_word' id='word_1_100' title='bbox 254 1437 284 1487; x_wconf 90' lang='lat' dir='ltr'><strong>et</strong></span> <span class='ocrx_word' id='word_1_101' title='bbox 304 1435 462 1508; x_wconf 82' lang='lat' dir='ltr'><strong>opostnta,</strong></span> <span class='ocrx_word' id='word_1_102' title='bbox 484 1447 633 1508; x_wconf 85' lang='lat' dir='ltr'><strong>suumque</strong></span> <span class='ocrx_word' id='word_1_103' title='bbox 657 1430 846 1507; x_wconf 83' lang='lat' dir='ltr'><strong>tyrannidem</strong></span> <span class='ocrx_word' id='word_1_104' title='bbox 873 1430 952 1488; x_wconf 84' lang='lat' dir='ltr'><strong>iilius</strong></span> <span class='ocrx_word' id='word_1_105' title='bbox 976 1437 1060 1508; x_wconf 78' lang='lat' dir='ltr'><strong>pote</strong></span> 
     </span>
     <span class='ocr_line' id='line_1_16' title="bbox 135 1512 1062 1591; baseline -0.002 -19"><span class='ocrx_word' id='word_1_106' title='bbox 135 1514 205 1572; x_wconf 82' lang='lat' dir='ltr'><strong>steti</strong></span> <span class='ocrx_word' id='word_1_107' title='bbox 227 1513 405 1591; x_wconf 88' lang='lat' dir='ltr'><strong>impiissime</strong></span> <span class='ocrx_word' id='word_1_108' title='bbox 426 1513 587 1591; x_wconf 79' lang='lat' dir='ltr'><strong>praeierat,</strong></span> <span class='ocrx_word' id='word_1_109' title='bbox 609 1512 772 1590; x_wconf 80' lang='lat' dir='ltr'><strong>iubeatque</strong></span> <span class='ocrx_word' id='word_1_110' title='bbox 787 1513 1062 1590; x_wconf 87' lang='lat' dir='ltr'><strong>impudentissime,</strong></span> 
     </span>
     <span class='ocr_line' id='line_1_17' title="bbox 135 1594 1061 1675; baseline -0.004 -20"><span class='ocrx_word' id='word_1_111' title='bbox 135 1604 168 1655; x_wconf 89' lang='lat' dir='ltr'><strong>ut</strong></span> <span class='ocrx_word' id='word_1_112' title='bbox 190 1595 340 1675; x_wconf 85' lang='lat' dir='ltr'><strong>abnegem</strong></span> <span class='ocrx_word' id='word_1_113' title='bbox 363 1594 455 1654; x_wconf 88' lang='lat' dir='ltr'><strong>fidem</strong></span> <span class='ocrx_word' id='word_1_114' title='bbox 472 1594 623 1655; x_wconf 74' lang='lat' dir='ltr'><strong>christiin</strong></span> <span class='ocrx_word' id='word_1_115' title='bbox 639 1598 837 1655; x_wconf 79' lang='lat' dir='ltr'><strong>sacrementis</strong></span> <span class='ocrx_word' id='word_1_116' title='bbox 856 1595 1061 1675; x_wconf 83' lang='lat' dir='ltr'><strong>percipiendis</strong></span> 
     </span>
     <span class='ocr_line' id='line_1_18' title="bbox 135 1678 1060 1757; baseline -0.002 -19"><span class='ocrx_word' id='word_1_117' title='bbox 135 1682 357 1755; x_wconf 81' lang='lat' dir='ltr'><strong>necessariam,</strong></span> <span class='ocrx_word' id='word_1_118' title='bbox 382 1689 483 1757; x_wconf 81' lang='lat' dir='ltr'><strong>atque,</strong></span> <span class='ocrx_word' id='word_1_119' title='bbox 509 1689 540 1737; x_wconf 90' lang='lat' dir='ltr'><strong>nt</strong></span> <span class='ocrx_word' id='word_1_120' title='bbox 562 1678 634 1736; x_wconf 88' lang='lat' dir='ltr'><strong>nibil</strong></span> <span class='ocrx_word' id='word_1_121' title='bbox 657 1680 786 1756; x_wconf 84' lang='lat' dir='ltr'><strong>omittat,</strong></span> <span class='ocrx_word' id='word_1_122' title='bbox 811 1679 892 1757; x_wconf 93' lang='lat' dir='ltr'><strong>quod</strong></span> <span class='ocrx_word' id='word_1_123' title='bbox 917 1679 1060 1736; x_wconf 87' lang='lat' dir='ltr'><strong>antichri-</strong></span> 
     </span>
     <span class='ocr_line' id='line_1_19' title="bbox 137 1761 1120 1840; baseline -0.007 -19"><span class='ocrx_word' id='word_1_124' title='bbox 137 1771 216 1822; x_wconf 84' lang='lat' dir='ltr'><strong>stum</strong></span> <span class='ocrx_word' id='word_1_125' title='bbox 232 1762 358 1836; x_wconf 84' lang='lat' dir='ltr'><strong>referat,</strong></span> <span class='ocrx_word' id='word_1_126' title='bbox 371 1779 490 1820; x_wconf 87' lang='lat' dir='ltr'><strong>sacram</strong></span> <span class='ocrx_word' id='word_1_127' title='bbox 513 1761 698 1840; x_wconf 79' lang='lat' dir='ltr'><strong>Scriptorum</strong></span> <span class='ocrx_word' id='word_1_128' title='bbox 713 1761 768 1820; x_wconf 90' lang='lat' dir='ltr'><strong>sibi</strong></span> <span class='ocrx_word' id='word_1_129' title='bbox 779 1763 931 1836; x_wconf 85' lang='lat' dir='ltr'><strong>subiiciat,</strong></span> <span class='ocrx_word' id='word_1_130' title='bbox 948 1773 978 1820; x_wconf 89' lang='lat' dir='ltr'><strong>et</strong></span> <span class='ocrx_word' id='word_1_131' title='bbox 990 1778 1061 1821; x_wconf 89' lang='lat' dir='ltr'><strong>cou-</strong></span> <span class='ocrx_word' id='word_1_132' title='bbox 1119 1811 1120 1814; x_wconf 74' lang='grc'>,</span> 
     </span>
     <span class='ocr_line' id='line_1_20' title="bbox 136 1844 1120 1924; baseline -0.002 -20"><span class='ocrx_word' id='word_1_133' title='bbox 136 1846 235 1904; x_wconf 87' lang='lat' dir='ltr'><strong>cuioet</strong></span> <span class='ocrx_word' id='word_1_134' title='bbox 256 1844 424 1904; x_wconf 88' lang='lat' dir='ltr'><strong>incredibili</strong></span> <span class='ocrx_word' id='word_1_135' title='bbox 448 1844 653 1923; x_wconf 80' lang='lat' dir='ltr'><strong>blasphemia,</strong></span> <span class='ocrx_word' id='word_1_136' title='bbox 676 1847 794 1923; x_wconf 87' lang='lat' dir='ltr'><strong>simque</strong></span> <span class='ocrx_word' id='word_1_137' title='bbox 815 1845 861 1903; x_wconf 92' lang='lat' dir='ltr'><strong>his</strong></span> <span class='ocrx_word' id='word_1_138' title='bbox 882 1844 1062 1924; x_wconf 77' lang='lat' dir='ltr'><strong>intolerabi·</strong></span> <span class='ocrx_word' id='word_1_139' title='bbox 1119 1915 1120 1920; x_wconf 8' lang='grc' dir='ltr'>γ</span> 
     </span>
     <span class='ocr_line' id='line_1_21' title="bbox 136 1925 1120 2007; baseline -0.002 -19"><span class='ocrx_word' id='word_1_140' title='bbox 136 1928 213 1990; x_wconf 82' lang='lat' dir='ltr'><strong>libus</strong></span> <span class='ocrx_word' id='word_1_141' title='bbox 235 1927 463 2007; x_wconf 79' lang='lat' dir='ltr'><strong>gravaminibus</strong></span> <span class='ocrx_word' id='word_1_142' title='bbox 485 1929 664 2006; x_wconf 88' lang='lat' dir='ltr'><strong>gravissime</strong></span> <span class='ocrx_word' id='word_1_143' title='bbox 686 1929 796 1988; x_wconf 87' lang='lat' dir='ltr'><strong>laesus.</strong></span> <span class='ocrx_word' id='word_1_144' title='bbox 1119 1925 1120 1942; x_wconf 19' lang='lat' dir='ltr'><strong>i</strong></span> 
     </span>
     <span class='ocr_line' id='line_1_22' title="bbox 217 2010 1061 2090; baseline -0.002 -20"><span class='ocrx_word' id='word_1_145' title='bbox 217 2010 286 2089; x_wconf 83' lang='lat' dir='ltr'><strong>Ego</strong></span> <span class='ocrx_word' id='word_1_146' title='bbox 309 2010 483 2090; x_wconf 75' lang='lat' dir='ltr'><strong>praedictus</strong></span> <span class='ocrx_word' id='word_1_147' title='bbox 506 2011 651 2069; x_wconf 86' lang='lat' dir='ltr'><strong>Martinus</strong></span> <span class='ocrx_word' id='word_1_148' title='bbox 675 2011 816 2071; x_wconf 89' lang='lat' dir='ltr'><strong>omnibns</strong></span> <span class='ocrx_word' id='word_1_149' title='bbox 838 2020 869 2070; x_wconf 89' lang='lat' dir='ltr'><strong>et</strong></span> <span class='ocrx_word' id='word_1_150' title='bbox 888 2010 1017 2090; x_wconf 87' lang='lat' dir='ltr'><strong>singuiis</strong></span> <span class='ocrx_word' id='word_1_151' title='bbox 1032 2013 1061 2068; x_wconf 91' lang='lat' dir='ltr'><strong>in</strong></span> 
     </span>
     <span class='ocr_line' id='line_1_23' title="bbox 134 2093 1061 2173; baseline -0.001 -19"><span class='ocrx_word' id='word_1_152' title='bbox 134 2095 267 2154; x_wconf 89' lang='lat' dir='ltr'><strong>Domino</strong></span> <span class='ocrx_word' id='word_1_153' title='bbox 291 2103 396 2152; x_wconf 90' lang='lat' dir='ltr'><strong>uotum</strong></span> <span class='ocrx_word' id='word_1_154' title='bbox 416 2093 507 2170; x_wconf 84' lang='lat' dir='ltr'><strong>focio,</strong></span> <span class='ocrx_word' id='word_1_155' title='bbox 531 2113 580 2152; x_wconf 90' lang='lat' dir='ltr'><strong>me</strong></span> <span class='ocrx_word' id='word_1_156' title='bbox 602 2095 703 2153; x_wconf 87' lang='lat' dir='ltr'><strong>adhuc</strong></span> <span class='ocrx_word' id='word_1_157' title='bbox 714 2098 768 2153; x_wconf 91' lang='lat' dir='ltr'><strong>niti</strong></span> <span class='ocrx_word' id='word_1_158' title='bbox 782 2101 813 2153; x_wconf 88' lang='lat' dir='ltr'><strong>st</strong></span> <span class='ocrx_word' id='word_1_159' title='bbox 829 2095 988 2153; x_wconf 81' lang='lat' dir='ltr'><strong>inhaerere</strong></span> <span class='ocrx_word' id='word_1_160' title='bbox 1000 2095 1061 2173; x_wconf 81' lang='lat' dir='ltr'><strong>Ap-</strong></span> 
     </span>
     <span class='ocr_line' id='line_1_24' title="bbox 135 2176 1062 2257; baseline 0 -21"><span class='ocrx_word' id='word_1_161' title='bbox 135 2177 294 2257; x_wconf 82' lang='lat' dir='ltr'><strong>peilatiuni</strong></span> <span class='ocrx_word' id='word_1_162' title='bbox 316 2176 416 2236; x_wconf 83' lang='lat' dir='ltr'><strong>factae</strong></span> <span class='ocrx_word' id='word_1_163' title='bbox 440 2188 470 2235; x_wconf 89' lang='lat' dir='ltr'><strong>et</strong></span> <span class='ocrx_word' id='word_1_164' title='bbox 492 2177 679 2257; x_wconf 83' lang='lat' dir='ltr'><strong>praedictae,</strong></span> <span class='ocrx_word' id='word_1_165' title='bbox 700 2196 831 2256; x_wconf 81' lang='lat' dir='ltr'><strong>eumque</strong></span> <span class='ocrx_word' id='word_1_166' title='bbox 852 2177 988 2257; x_wconf 86' lang='lat' dir='ltr'><strong>legitime</strong></span> <span class='ocrx_word' id='word_1_167' title='bbox 1011 2195 1062 2236; x_wconf 91' lang='lat' dir='ltr'><strong>oo·</strong></span> 
     </span>
     <span class='ocr_line' id='line_1_25' title="bbox 133 2259 1119 2343; baseline -0.002 -23"><span class='ocrx_word' id='word_1_168' title='bbox 133 2280 198 2320; x_wconf 88' lang='lat' dir='ltr'><strong>ram</strong></span> <span class='ocrx_word' id='word_1_169' title='bbox 221 2260 348 2319; x_wconf 86' lang='lat' dir='ltr'><strong>Notario</strong></span> <span class='ocrx_word' id='word_1_170' title='bbox 371 2271 400 2319; x_wconf 90' lang='lat' dir='ltr'><strong>et</strong></span> <span class='ocrx_word' id='word_1_171' title='bbox 422 2259 482 2318; x_wconf 86' lang='lat' dir='ltr'><strong>tide</strong></span> <span class='ocrx_word' id='word_1_172' title='bbox 505 2260 604 2339; x_wconf 86' lang='lat' dir='ltr'><strong>dignis</strong></span> <span class='ocrx_word' id='word_1_173' title='bbox 627 2260 755 2320; x_wconf 89' lang='lat' dir='ltr'><strong>testibus</strong></span> <span class='ocrx_word' id='word_1_174' title='bbox 777 2263 938 2338; x_wconf 82' lang='lat' dir='ltr'><strong>innovavi,</strong></span> <span class='ocrx_word' id='word_1_175' title='bbox 962 2269 993 2319; x_wconf 88' lang='lat' dir='ltr'><strong>et</strong></span> <span class='ocrx_word' id='word_1_176' title='bbox 1015 2261 1061 2320; x_wconf 88' lang='lat' dir='ltr'><strong>his</strong></span> <span class='ocrx_word' id='word_1_177' title='bbox 1118 2279 1119 2343; x_wconf 46' lang='lat'><strong>,</strong></span> 
     </span>
     <span class='ocr_line' id='line_1_26' title="bbox 135 2339 1062 2424; baseline 0 -22"><span class='ocrx_word' id='word_1_178' title='bbox 135 2339 434 2423; x_wconf 76' lang='lat' dir='ltr'><strong>scriptisinnov0¹¹t</strong></span> <span class='ocrx_word' id='word_1_179' title='bbox 452 2345 671 2404; x_wconf 80' lang='lat' dir='ltr'><strong>etinnovatsm</strong></span> <span class='ocrx_word' id='word_1_180' title='bbox 695 2345 878 2424; x_wconf 88' lang='lat' dir='ltr'><strong>pronuncio,</strong></span> <span class='ocrx_word' id='word_1_181' title='bbox 900 2354 931 2403; x_wconf 90' lang='lat' dir='ltr'><strong>et</strong></span> <span class='ocrx_word' id='word_1_182' title='bbox 952 2345 982 2402; x_wconf 88' lang='lat' dir='ltr'><strong>io</strong></span> <span class='ocrx_word' id='word_1_183' title='bbox 1005 2345 1062 2402; x_wconf 90' lang='lat' dir='ltr'><strong>vir-</strong></span> 
     </span>
     <span class='ocr_line' id='line_1_27' title="bbox 138 2427 1062 2507; baseline 0 -21"><span class='ocrx_word' id='word_1_184' title='bbox 138 2435 201 2486; x_wconf 87' lang='lat' dir='ltr'><strong>tute</strong></span> <span class='ocrx_word' id='word_1_185' title='bbox 223 2427 358 2488; x_wconf 89' lang='lat' dir='ltr'><strong>eiusdem</strong></span> <span class='ocrx_word' id='word_1_186' title='bbox 384 2427 485 2486; x_wconf 85' lang='lat' dir='ltr'><strong>adhuc</strong></span> <span class='ocrx_word' id='word_1_187' title='bbox 505 2445 680 2507; x_wconf 89' lang='lat' dir='ltr'><strong>persevero,</strong></span> <span class='ocrx_word' id='word_1_188' title='bbox 703 2428 862 2507; x_wconf 78' lang='lat' dir='ltr'><strong>appellans</strong></span> <span class='ocrx_word' id='word_1_189' title='bbox 884 2433 916 2486; x_wconf 90' lang='lat' dir='ltr'><strong>et</strong></span> <span class='ocrx_word' id='word_1_190' title='bbox 939 2435 1062 2505; x_wconf 87' lang='lat' dir='ltr'><strong>aposto-</strong></span> 
     </span>
     <span class='ocr_line' id='line_1_28' title="bbox 135 2509 1060 2590; baseline 0 -20"><span class='ocrx_word' id='word_1_191' title='bbox 135 2509 184 2572; x_wconf 91' lang='lat' dir='ltr'><strong>los</strong></span> <span class='ocrx_word' id='word_1_192' title='bbox 205 2519 314 2589; x_wconf 87' lang='lat' dir='ltr'><strong>petens</strong></span> <span class='ocrx_word' id='word_1_193' title='bbox 336 2511 400 2569; x_wconf 86' lang='lat' dir='ltr'><strong>iure</strong></span> <span class='ocrx_word' id='word_1_194' title='bbox 422 2518 454 2570; x_wconf 91' lang='lat' dir='ltr'><strong>et</strong></span> <span class='ocrx_word' id='word_1_195' title='bbox 476 2512 585 2587; x_wconf 88' lang='lat' dir='ltr'><strong>modo,</strong></span> <span class='ocrx_word' id='word_1_196' title='bbox 613 2512 723 2589; x_wconf 91' lang='lat' dir='ltr'><strong>quibus</strong></span> <span class='ocrx_word' id='word_1_197' title='bbox 745 2510 809 2570; x_wconf 87' lang='lat' dir='ltr'><strong>fieri</strong></span> <span class='ocrx_word' id='word_1_198' title='bbox 832 2520 936 2590; x_wconf 90' lang='lat' dir='ltr'><strong>potest</strong></span> <span class='ocrx_word' id='word_1_199' title='bbox 958 2521 989 2568; x_wconf 86' lang='lat' dir='ltr'><strong>et</strong></span> <span class='ocrx_word' id='word_1_200' title='bbox 1011 2510 1060 2570; x_wconf 86' lang='lat' dir='ltr'><strong>de·</strong></span> 
     </span>
     <span class='ocr_line' id='line_1_29' title="bbox 135 2592 1062 2674; baseline 0 -20"><span class='ocrx_word' id='word_1_201' title='bbox 135 2593 196 2672; x_wconf 90' lang='lat' dir='ltr'><strong>bet,</strong></span> <span class='ocrx_word' id='word_1_202' title='bbox 213 2592 399 2672; x_wconf 89' lang='lat' dir='ltr'><strong>melioribus,</strong></span> <span class='ocrx_word' id='word_1_203' title='bbox 421 2612 525 2654; x_wconf 80' lang='lat' dir='ltr'><strong>coram</strong></span> <span class='ocrx_word' id='word_1_204' title='bbox 539 2595 627 2654; x_wconf 90' lang='lat' dir='ltr'><strong>vobis</strong></span> <span class='ocrx_word' id='word_1_205' title='bbox 641 2594 774 2653; x_wconf 89' lang='lat' dir='ltr'><strong>Domino</strong></span> <span class='ocrx_word' id='word_1_206' title='bbox 787 2593 914 2654; x_wconf 84' lang='lat' dir='ltr'><strong>Notario</strong></span> <span class='ocrx_word' id='word_1_207' title='bbox 927 2593 1062 2674; x_wconf 82' lang='lat' dir='ltr'><strong>publico,</strong></span> 
     </span>
     <span class='ocr_line' id='line_1_30' title="bbox 58 2677 1060 2760; baseline 0.002 -24"><span class='ocrx_word' id='word_1_208' title='bbox 58 2753 61 2760; x_wconf 30' lang='grc' dir='ltr'><strong><em>Ι</em></strong></span> <span class='ocrx_word' id='word_1_209' title='bbox 135 2686 167 2746; x_wconf 87' lang='lat' dir='ltr'><strong>et</strong></span> <span class='ocrx_word' id='word_1_210' title='bbox 194 2678 369 2737; x_wconf 81' lang='lat' dir='ltr'><strong>authentico</strong></span> <span class='ocrx_word' id='word_1_211' title='bbox 398 2695 549 2757; x_wconf 81' lang='lat' dir='ltr'><strong>persono,</strong></span> <span class='ocrx_word' id='word_1_212' title='bbox 577 2685 607 2737; x_wconf 87' lang='lat' dir='ltr'><strong>et</strong></span> <span class='ocrx_word' id='word_1_213' title='bbox 628 2679 674 2736; x_wconf 87' lang='lat' dir='ltr'><strong>hir</strong></span> <span class='ocrx_word' id='word_1_214' title='bbox 704 2681 831 2738; x_wconf 89' lang='lat' dir='ltr'><strong>testibus</strong></span> <span class='ocrx_word' id='word_1_215' title='bbox 861 2677 899 2737; x_wconf 87' lang='lat' dir='ltr'><strong>ad</strong></span> <span class='ocrx_word' id='word_1_216' title='bbox 928 2678 1060 2738; x_wconf 87' lang='lat' dir='ltr'><strong>futurum</strong></span> 
     </span>
     <span class='ocr_line' id='line_1_31' title="bbox 139 2757 896 2840; baseline 0.005 -20"><span class='ocrx_word' id='word_1_217' title='bbox 139 2759 309 2820; x_wconf 75' lang='lat' dir='ltr'><strong>Concilium</strong></span> <span class='ocrx_word' id='word_1_218' title='bbox 333 2781 351 2820; x_wconf 90' lang='lat' dir='ltr'><strong>a</strong></span> <span class='ocrx_word' id='word_1_219' title='bbox 374 2761 531 2840; x_wconf 76' lang='lat' dir='ltr'><strong>praedicto</strong></span> <span class='ocrx_word' id='word_1_220' title='bbox 552 2761 666 2824; x_wconf 82' lang='lat' dir='ltr'><strong>Leone.</strong></span> <span class='ocrx_word' id='word_1_221' title='bbox 892 2757 896 2770; x_wconf 83' lang='lat'>&#39;</span> 
     </span>
    </p>
   </div>
   <div class='ocr_carea' id='block_1_3' title="bbox 221 2861 1059 2943">
    <p class='ocr_par' dir='ltr' id='par_1_3' title="bbox 221 2861 1059 2943">
     <span class='ocr_line' id='line_1_32' title="bbox 221 2861 1059 2943; baseline 0.001 -23"><span class='ocrx_word' id='word_1_222' title='bbox 221 2861 352 2921; x_wconf 88' lang='lat' dir='ltr'><strong>Primum</strong></span> <span class='ocrx_word' id='word_1_223' title='bbox 376 2871 520 2940; x_wconf 86' lang='lat' dir='ltr'><strong>tanquam</strong></span> <span class='ocrx_word' id='word_1_224' title='bbox 543 2864 582 2923; x_wconf 84' lang='lat' dir='ltr'><strong>ab</strong></span> <span class='ocrx_word' id='word_1_225' title='bbox 604 2863 725 2942; x_wconf 86' lang='lat' dir='ltr'><strong>iniquo,</strong></span> <span class='ocrx_word' id='word_1_226' title='bbox 755 2867 936 2943; x_wconf 86' lang='lat' dir='ltr'><strong>temerario,</strong></span> <span class='ocrx_word' id='word_1_227' title='bbox 959 2874 1059 2943; x_wconf 81' lang='lat' dir='ltr'><strong>tyrun-</strong></span> 
     </span>
    </p>
   </div>
   <div class='ocr_carea' id='block_1_4' title="bbox 137 2944 1062 3110">
    <p class='ocr_par' dir='ltr' id='par_1_4' title="bbox 137 2944 1062 3110">
     <span class='ocr_line' id='line_1_33' title="bbox 137 2944 1062 3026; baseline 0 -22"><span class='ocrx_word' id='word_1_228' title='bbox 137 2944 270 3024; x_wconf 87' lang='lat' dir='ltr'><strong>nicoque</strong></span> <span class='ocrx_word' id='word_1_229' title='bbox 290 2945 401 3024; x_wconf 87' lang='lat' dir='ltr'><strong>iudice,</strong></span> <span class='ocrx_word' id='word_1_230' title='bbox 422 2948 452 3004; x_wconf 92' lang='lat' dir='ltr'><strong>in</strong></span> <span class='ocrx_word' id='word_1_231' title='bbox 475 2946 545 3024; x_wconf 88' lang='lat' dir='ltr'><strong>boc,</strong></span> <span class='ocrx_word' id='word_1_232' title='bbox 561 2947 643 3026; x_wconf 92' lang='lat' dir='ltr'><strong>qnod</strong></span> <span class='ocrx_word' id='word_1_233' title='bbox 667 2965 715 3006; x_wconf 88' lang='lat' dir='ltr'><strong>me</strong></span> <span class='ocrx_word' id='word_1_234' title='bbox 737 2964 798 3005; x_wconf 91' lang='lat' dir='ltr'><strong>non</strong></span> <span class='ocrx_word' id='word_1_235' title='bbox 817 2949 992 3007; x_wconf 90' lang='lat' dir='ltr'><strong>convictum</strong></span> <span class='ocrx_word' id='word_1_236' title='bbox 1006 2965 1062 3004; x_wconf 87' lang='lat' dir='ltr'><strong>neo</strong></span> 
     </span>
     <span class='ocr_line' id='line_1_34' title="bbox 138 3029 1061 3110; baseline 0.001 -23"><span class='ocrx_word' id='word_1_237' title='bbox 138 3030 270 3087; x_wconf 88' lang='lat' dir='ltr'><strong>ostensis</strong></span> <span class='ocrx_word' id='word_1_238' title='bbox 293 3031 394 3088; x_wconf 83' lang='lat' dir='ltr'><strong>causis</strong></span> <span class='ocrx_word' id='word_1_239' title='bbox 422 3037 476 3089; x_wconf 90' lang='lat' dir='ltr'><strong>aut</strong></span> <span class='ocrx_word' id='word_1_240' title='bbox 497 3029 761 3090; x_wconf 82' lang='lat' dir='ltr'><strong>informationibus</strong></span> <span class='ocrx_word' id='word_1_241' title='bbox 795 3051 880 3092; x_wconf 76' lang='lat' dir='ltr'><strong>mere</strong></span> <span class='ocrx_word' id='word_1_242' title='bbox 909 3039 1061 3110; x_wconf 87' lang='lat' dir='ltr'><strong>potestate</strong></span> 
     </span>
    </p>
   </div>
   <div class='ocr_carea' id='block_1_5' title="bbox 136 3109 1116 3446">
    <p class='ocr_par' dir='ltr' id='par_1_5' title="bbox 136 3109 1116 3446">
     <span class='ocr_line' id='line_1_35' title="bbox 136 3109 1061 3193; baseline 0.003 -24"><span class='ocrx_word' id='word_1_243' title='bbox 136 3109 263 3172; x_wconf 83' lang='lat' dir='ltr'><strong>indicat.</strong></span> <span class='ocrx_word' id='word_1_244' title='bbox 306 3109 465 3192; x_wconf 82' lang='lat' dir='ltr'><strong>Secundo,</strong></span> <span class='ocrx_word' id='word_1_245' title='bbox 496 3111 639 3193; x_wconf 88' lang='lat' dir='ltr'><strong>tanquam</strong></span> <span class='ocrx_word' id='word_1_246' title='bbox 670 3116 708 3173; x_wconf 86' lang='lat' dir='ltr'><strong>ab</strong></span> <span class='ocrx_word' id='word_1_247' title='bbox 734 3132 883 3191; x_wconf 87' lang='lat' dir='ltr'><strong>erroneo,</strong></span> <span class='ocrx_word' id='word_1_248' title='bbox 912 3113 1061 3189; x_wconf 78' lang='lat' dir='ltr'><strong>indurato,</strong></span> 
     </span>
     <span class='ocr_line' id='line_1_36' title="bbox 138 3193 1059 3277; baseline 0.003 -24"><span class='ocrx_word' id='word_1_249' title='bbox 138 3213 193 3274; x_wconf 91' lang='lat' dir='ltr'><strong>per</strong></span> <span class='ocrx_word' id='word_1_250' title='bbox 215 3193 386 3276; x_wconf 81' lang='lat' dir='ltr'><strong>Scripturas</strong></span> <span class='ocrx_word' id='word_1_251' title='bbox 405 3203 527 3257; x_wconf 87' lang='lat' dir='ltr'><strong>sanctas</strong></span> <span class='ocrx_word' id='word_1_252' title='bbox 541 3198 685 3257; x_wconf 86' lang='lat' dir='ltr'><strong>damnato</strong></span> <span class='ocrx_word' id='word_1_253' title='bbox 700 3198 853 3258; x_wconf 86' lang='lat' dir='ltr'><strong>haeretico</strong></span> <span class='ocrx_word' id='word_1_254' title='bbox 866 3206 897 3258; x_wconf 90' lang='lat' dir='ltr'><strong>et</strong></span> <span class='ocrx_word' id='word_1_255' title='bbox 910 3204 1059 3277; x_wconf 86' lang='lat' dir='ltr'><strong>apostata,</strong></span> 
     </span>
     <span class='ocr_line' id='line_1_37' title="bbox 139 3279 1058 3358; baseline 0.002 -22"><span class='ocrx_word' id='word_1_256' title='bbox 139 3281 168 3336; x_wconf 95' lang='lat' dir='ltr'><strong>in</strong></span> <span class='ocrx_word' id='word_1_257' title='bbox 191 3279 262 3355; x_wconf 88' lang='lat' dir='ltr'><strong>hoc,</strong></span> <span class='ocrx_word' id='word_1_258' title='bbox 284 3280 366 3358; x_wconf 92' lang='lat' dir='ltr'><strong>qnod</strong></span> <span class='ocrx_word' id='word_1_259' title='bbox 390 3281 461 3338; x_wconf 89' lang='lat' dir='ltr'><strong>mibi</strong></span> <span class='ocrx_word' id='word_1_260' title='bbox 485 3281 610 3341; x_wconf 82' lang='lat' dir='ltr'><strong>mandat</strong></span> <span class='ocrx_word' id='word_1_261' title='bbox 635 3282 726 3342; x_wconf 89' lang='lat' dir='ltr'><strong>fidem</strong></span> <span class='ocrx_word' id='word_1_262' title='bbox 755 3281 942 3342; x_wconf 81' lang='lat' dir='ltr'><strong>catholicam</strong></span> <span class='ocrx_word' id='word_1_263' title='bbox 965 3283 995 3339; x_wconf 94' lang='lat' dir='ltr'><strong>in</strong></span> <span class='ocrx_word' id='word_1_264' title='bbox 1018 3299 1058 3339; x_wconf 89' lang='lat' dir='ltr'><strong>sa·</strong></span> 
     </span>
     <span class='ocr_line' id='line_1_38' title="bbox 139 3363 1116 3446; baseline 0.003 -26"><span class='ocrx_word' id='word_1_265' title='bbox 139 3363 302 3422; x_wconf 84' lang='lat' dir='ltr'><strong>oramentis</strong></span> <span class='ocrx_word' id='word_1_266' title='bbox 324 3365 527 3425; x_wconf 84' lang='lat' dir='ltr'><strong>necessariam</strong></span> <span class='ocrx_word' id='word_1_267' title='bbox 559 3365 722 3446; x_wconf 84' lang='lat' dir='ltr'><strong>abnegare.</strong></span> <span class='ocrx_word' id='word_1_268' title='bbox 765 3365 889 3446; x_wconf 81' lang='lat' dir='ltr'><strong>Tertio,</strong></span> <span class='ocrx_word' id='word_1_269' title='bbox 919 3377 1057 3443; x_wconf 79' lang='lat' dir='ltr'><strong>tanquam</strong></span> <span class='ocrx_word' id='word_1_270' title='bbox 1115 3367 1116 3444; x_wconf 46' lang='grc' dir='ltr'>ζ</span> 
     </span>
    </p>
   </div>
   <div class='ocr_carea' id='block_1_6' title="bbox 149 3529 567 3544">
    <p class='ocr_par' dir='ltr' id='par_1_6' title="bbox 149 3529 567 3544">
     <span class='ocr_line' id='line_1_39' title="bbox 149 3529 567 3544; baseline 0 -8"><span class='ocrx_word' id='word_1_271' title='bbox 149 3529 567 3544; x_wconf 66' lang='lat'>--—-—--...-...-.-..—.-..-.</span> 
     </span>
    </p>
   </div>
   <div class='ocr_carea' id='block_1_7' title="bbox 199 3628 600 3704">
    <p class='ocr_par' dir='ltr' id='par_1_7' title="bbox 199 3628 600 3704">
     <span class='ocr_line' id='line_1_40' title="bbox 199 3628 600 3704; baseline 0.03 -26"><span class='ocrx_word' id='word_1_272' title='bbox 199 3628 247 3696; x_wconf 87' lang='lat'><strong>11)</strong></span> <span class='ocrx_word' id='word_1_273' title='bbox 285 3629 315 3682; x_wconf 91' lang='lat' dir='ltr'><strong>In</strong></span> <span class='ocrx_word' id='word_1_274' title='bbox 335 3633 378 3685; x_wconf 88' lang='lat' dir='ltr'><strong>ed.</strong></span> <span class='ocrx_word' id='word_1_275' title='bbox 396 3638 478 3704; x_wconf 65' lang='lat' dir='ltr'><strong>orig:</strong></span> <span class='ocrx_word' id='word_1_276' title='bbox 498 3642 600 3692; x_wconf 85' lang='lat' dir='ltr'><strong>munio.</strong></span> 
     </span>
    </p>
   </div>
   <div class='ocr_carea' id='block_1_8' title="bbox 0 0 1142 4002">
    <p class='ocr_par' dir='ltr' id='par_1_8' title="bbox 0 0 1142 4002">
     <span class='ocr_line' id='line_1_41' title="bbox 0 0 1142 4002; baseline 0 0"><span class='ocrx_word' id='word_1_277' title='bbox 0 0 1142 4002; x_wconf 95' lang='lat' dir='ltr'><strong> </strong></span> 
     </span>
    </p>
   </div>
  </div>
 </body>
</html>
