2250 4008
338 193 460 248 muana
480 193 656 248 Latomianae
674 196 724 247 ato.
925 181 1007 258 475,
1061 150 1065 158 Ι

68 345 125 424 sit,
148 348 197 408 oui
221 347 246 408 sl
269 351 462 431 sententias,
494 352 585 411 etiam
609 361 738 430 regnare
759 347 856 408 leoisti
877 354 909 407 st
928 361 989 406 seo

68 431 144 490 visi·
158 431 196 508 ei,
219 449 256 491 so
278 433 445 494 mortaliter
466 434 612 514 peooasti.
655 433 688 493 lu
709 432 771 494 hoo
791 431 890 491 habeo
910 427 988 491 Pau·

67 513 130 573 lum
153 513 240 576 Rom.
263 518 291 579 6.
314 518 388 577 setis
409 518 469 576 iam
491 523 704 594 memoratum,
726 534 744 575 a
767 531 828 594 quo
850 531 912 575 non
936 529 988 593 pa

66 597 126 656 liar
148 617 197 658 me
218 598 318 663 avelli.

153 679 222 740 Non
244 682 401 763 (inquam)
426 699 539 764 negare
562 691 720 765 potarunt,
750 683 810 743 duo
839 679 921 740 mala
942 697 989 739 su·

65 773 195 843 perosae
229 763 396 846 baptismo,
436 775 595 848 peooatum
640 775 672 828 et
708 765 988 846 oonoupisoentiem

66 846 145 906 eius.
190 846 293 909 Verba
314 841 399 910 lauti
421 860 527 932 aperta
561 857 646 927 sunt,
680 857 855 932 peecatum,
889 846 988 907 lomes

64 931 136 1010 ipse
159 932 296 992 naturale
319 934 449 1010 malum,
481 936 746 1014 ooooupisoeutia‚
781 939 881 993 motus
913 931 987 990 sias.

65 1011 152 1072 Huio·
173 1032 234 1074 noo
259 1015 478 1091 obediendum,
500 1018 573 1078 illud
597 1017 813 1078 destruendum
836 1014 925 1088 dicit,
957 1019 989 1073 ut

66 1094 259 1175 destruatur,
294 1101 406 1178 inquit,
444 1119 555 1182 eorpus
579 1102 708 1182 peooati.
750 1097 916 1180 Appelleot
936 1095 989 1157 ille

65 1178 141 1258 duo,
164 1179 302 1260 utlibet,
325 1181 379 1242 sed
403 1199 464 1243 non
487 1184 635 1265 repellant
649 1203 718 1244 esse
741 1182 823 1243 diota
844 1199 863 1241 a
881 1178 988 1240 Paulo.

64 1260 284 1324 Mortifloanda
306 1285 343 1325 ea
365 1272 397 1350 et
418 1266 602 1328 destruenda
625 1267 689 1327 vult
709 1266 831 1342 Paulus,
854 1271 888 1324 ut
909 1278 989 1342 quoe

65 1343 216 1405 damnata
238 1347 299 1407 siut
320 1347 359 1408 ad
383 1350 641 1428 mortificandum,
665 1352 744 1410 mala
768 1367 842 1428 ergo
865 1347 937 1405 vilia
959 1351 991 1404 et

65 1435 200 1506 peecata
224 1436 301 1492 suut.
346 1431 538 1494 infirmitates
574 1435 653 1494 enim
685 1440 715 1494 et
737 1431 936 1492 mortalitates
959 1435 989 1488 et

65 1527 192 1589 poenas
214 1531 275 1573 oon
299 1515 413 1576 eadunt
433 1517 488 1576 sub
515 1526 697 1597 praesepto,
731 1533 789 1574 neo
810 1515 839 1573 iu
863 1511 987 1572 arbitrio

66 1601 179 1654 nostro
202 1598 276 1674 poni
300 1605 436 1677 possunt.
481 1598 556 1674 Quis
579 1601 657 1660 enlm
677 1605 806 1658 mortem
820 1603 850 1655 et
870 1608 988 1675 poenas

66 1674 245 1756 monilium,
267 1682 324 1740 nisi
347 1682 432 1742 solus
455 1682 536 1742 Deus
560 1683 625 1744 siue
648 1681 758 1745 uobis?
802 1678 899 1758 Super
919 1693 989 1757 pee-

66 1767 139 1820 oata
163 1779 236 1822 vero
260 1768 291 1824 et
312 1781 365 1841 ea,
394 1783 473 1844 quae
496 1783 553 1825 nos
575 1783 644 1826 reos
666 1765 794 1840 feoiunt,
824 1766 988 1842 praesepto

65 1843 217 1906 letantur.
271 1845 347 1907 Cum
378 1864 452 1927 ergo
481 1847 569 1908 uobis
597 1849 766 1929 praecipiat
794 1845 987 1922 mortificare,

65 1945 131 1987 non
158 1926 283 1989 obedire
305 1929 380 2005 illis,
403 1949 464 1991 uon
487 1932 590 2010 utique
612 1949 745 2012 poenas,
768 1948 829 1990 non
854 1925 987 1987 mortali·

66 2015 161 2083 tates,
185 2028 246 2070 oon
268 2011 468 2092 infirmitates,
492 2013 545 2074 sed
565 2021 692 2093 peooata
708 2013 856 2090 intelligit.
900 2008 987 2084 Quae
1104 2009 1109 2016 ’

66 2101 152 2153 esset
174 2094 254 2153 euim
279 2095 343 2155 lex:
386 2096 457 2157 Noli
480 2097 605 2158 obedire
635 2097 743 2174 ulosri,
778 2094 841 2155 noli
864 2092 988 2154 obedire

66 2175 155 2253 febri,
178 2176 240 2236 noli
264 2177 389 2239 obedire
406 2180 477 2240 lami
502 2189 532 2241 et
554 2181 612 2257 siti,
634 2181 695 2242 noli
711 2178 837 2240 obedire
860 2175 987 2236 nuditati

66 2266 100 2318 et
121 2259 251 2320 vineolis
274 2269 328 2322 aut
349 2264 618 2343 oonoupisoentiae
634 2265 721 2324 unius
743 2259 885 2323 illorum?
906 2258 988 2318 Non·

66 2356 108 2401 ue
132 2350 163 2402 et
183 2343 262 2404 istae
282 2352 351 2404 sunt
372 2345 579 2425 infirmitates,
608 2365 743 2428 poenae,
766 2340 988 2405 mortalitates?

67 2424 123 2485 sed
153 2433 303 2506 peooeto‚
338 2430 495 2507 peoostori
529 2443 560 2490 et
589 2427 836 2510 suggestionibus
871 2441 986 2501 eorum,

68 2527 152 2588 quae
176 2515 207 2569 el
228 2509 295 2589 ipsa
318 2519 447 2590 peooeta
470 2518 554 2590 suut,
577 2532 640 2574 uon
663 2519 710 2573 est
731 2509 946 2573 obediendum.

154 2591 335 2671 Quanquam
359 2593 484 2654 stultum
506 2596 559 2676 sit,
593 2615 650 2657 nos
672 2596 701 2655 in
725 2613 758 2655 re
779 2601 840 2654 tam
865 2590 987 2651 manile·

66 2672 210 2753 staria¹)
234 2681 281 2735 tot
304 2674 403 2736 verbis
427 2675 577 2755 laborare,
600 2697 669 2739 oum
693 2675 876 2758 Apostolum
899 2673 988 2733 elaris

66 2757 286 2839 expressisque
315 2759 417 2819 verbis
446 2759 613 2821 habeamus
643 2768 802 2858 ppooatum
826 2771 856 2820 et
876 2773 986 2818 oonou-

66 2841 233 2921 pisoentias
261 2849 459 2903 asserentem.
508 2842 567 2918 Qui
595 2843 682 2906 Pauli
710 2842 811 2903 verbis
844 2860 905 2902 non
936 2858 987 2900 ao·

67 2925 215 3003 quiesoit‚
250 2925 361 2984 nostris
384 2924 507 3004 quaudo
531 2927 689 3007 sapietur?
711 2919 881 3002 'Obseero‚
917 2922 987 3004 quid

65 3007 176 3067 laetari
197 3005 342 3085 fuissent,
378 3009 403 3068 si
425 3007 538 3068 Paulus
577 3007 707 3071 obsouue
729 3009 836 3069 luisset
856 3008 989 3082 loeutus,

66 3095 99 3150 et
120 3107 177 3169 pro
198 3096 328 3169 peooato
352 3090 463 3151 malum
487 3089 696 3152 velinflrmum
719 3090 895 3172 posuisset?
916 3091 988 3151 item

67 3190 126 3252 pro
148 3171 273 3233 obedire
295 3179 325 3233 st
346 3192 408 3233 non
429 3192 559 3254 regnare
600 3173 727 3255 vigilare
755 3174 803 3234 vel
836 3172 989 3233 abstinere

65 3255 215 3315 dixisset?
237 3257 315 3314 siout
327 3256 433 3317 Petrus
448 3258 485 3334 ⁸)
499 3255 585 3317 dioit:
609 3257 769 3319 Abstinete
782 3254 983 3316 aoarnelibus

67 3336 237 3415 desidetiis,
260 3355 351 3416 quam
369 3357 505 3419 seouros,
528 3357 619 3418 quam
637 3340 735 3402 laetos
759 3339 808 3400 hie
821 3337 988 3420 triumphos

140 3605 171 3668 1)
191 3603 223 3658 In
245 3603 288 3659 sd.
306 3603 385 3659 lem:
405 3607 560 3663 manifesta.

141 3677 170 3741 ’t
189 3675 214 3731 2.
234 3677 305 3731 Petri
325 3676 350 3734 2.
