<?xml version="1.0" encoding="UTF-8"?>
<!DOCTYPE html PUBLIC "-//W3C//DTD XHTML 1.0 Transitional//EN"
    "http://www.w3.org/TR/xhtml1/DTD/xhtml1-transitional.dtd">
<html xmlns="http://www.w3.org/1999/xhtml" xml:lang="en" lang="en">
 <head>
  <title>
</title>
<meta http-equiv="Content-Type" content="text/html;charset=utf-8" />
  <meta name='ocr-system' content='tesseract 3.04.00' />
  <meta name='ocr-capabilities' content='ocr_page ocr_carea ocr_par ocr_line ocrx_word'/>
</head>
<body>
  <div class='ocr_page' id='page_1' title='image "./operalatinavari03schmgoog_0058.png"; bbox 0 0 2254 4008; ppageno 0'>
   <div class='ocr_carea' id='block_1_1' title="bbox 309 185 971 253">
    <p class='ocr_par' dir='ltr' id='par_1_1' title="bbox 309 185 971 253">
     <span class='ocr_line' id='line_1_1' title="bbox 309 185 971 253; baseline 0.014 -9"><span class='ocrx_word' id='word_1_1' title='bbox 309 188 344 244; x_wconf 85' lang='lat' dir='ltr'>D.</span> <span class='ocrx_word' id='word_1_2' title='bbox 363 187 397 246; x_wconf 76' lang='lat' dir='ltr'>tl.</span> <span class='ocrx_word' id='word_1_3' title='bbox 416 189 495 247; x_wconf 79' lang='lat' dir='ltr'>Luth.</span> <span class='ocrx_word' id='word_1_4' title='bbox 515 188 701 247; x_wconf 79' lang='lat' dir='ltr'>Proelndinm.</span> <span class='ocrx_word' id='word_1_5' title='bbox 929 185 971 253; x_wconf 80' lang='grc'>47</span> 
     </span>
    </p>
   </div>
   <div class='ocr_carea' id='block_1_2' title="bbox 18 343 1059 3750">
    <p class='ocr_par' dir='ltr' id='par_1_2' title="bbox 18 343 974 1254">
     <span class='ocr_line' id='line_1_2' title="bbox 55 343 972 426; baseline -0.002 -21"><span class='ocrx_word' id='word_1_6' title='bbox 55 344 140 406; x_wconf 87' lang='lat' dir='ltr'>menti</span> <span class='ocrx_word' id='word_1_7' title='bbox 165 362 235 404; x_wconf 91' lang='lat' dir='ltr'>oum</span> <span class='ocrx_word' id='word_1_8' title='bbox 254 343 421 406; x_wconf 70' lang='lat' dir='ltr'>hereditate</span> <span class='ocrx_word' id='word_1_9' title='bbox 442 351 555 407; x_wconf 79' lang='lat' dir='ltr'>testata</span> <span class='ocrx_word' id='word_1_10' title='bbox 575 343 708 426; x_wconf 81' lang='lat' dir='ltr'>noeipit?</span> <span class='ocrx_word' id='word_1_11' title='bbox 730 344 817 420; x_wconf 79' lang='lat' dir='ltr'>Quos</span> <span class='ocrx_word' id='word_1_12' title='bbox 829 350 876 404; x_wconf 84' lang='lat' dir='ltr'>est</span> <span class='ocrx_word' id='word_1_13' title='bbox 897 362 972 424; x_wconf 83' lang='lat' dir='ltr'>ergo</span> 
     </span>
     <span class='ocr_line' id='line_1_3' title="bbox 53 428 973 508; baseline -0.001 -21"><span class='ocrx_word' id='word_1_14' title='bbox 53 428 140 508; x_wconf 84' lang='lat' dir='ltr'>impin</span> <span class='ocrx_word' id='word_1_15' title='bbox 162 428 319 488; x_wconf 82' lang='lat' dir='ltr'>temeritas</span> <span class='ocrx_word' id='word_1_16' title='bbox 340 436 456 508; x_wconf 82' lang='lat' dir='ltr'>nostru,</span> <span class='ocrx_word' id='word_1_17' title='bbox 478 435 512 490; x_wconf 93' lang='lat' dir='ltr'>ut</span> <span class='ocrx_word' id='word_1_18' title='bbox 533 428 668 489; x_wconf 88' lang='lat' dir='ltr'>divinum</span> <span class='ocrx_word' id='word_1_19' title='bbox 686 431 900 488; x_wconf 75' lang='lat' dir='ltr'>teststmentum</span> <span class='ocrx_word' id='word_1_20' title='bbox 924 445 973 487; x_wconf 84' lang='lat' dir='ltr'>so·</span> 
     </span>
     <span class='ocr_line' id='line_1_4' title="bbox 18 511 972 592; baseline -0.002 -20"><span class='ocrx_word' id='word_1_21' title='bbox 18 563 28 572; x_wconf 78' lang='lat'><em>.</em></span> <span class='ocrx_word' id='word_1_22' title='bbox 53 511 163 590; x_wconf 78' lang='lat' dir='ltr'>cepturi</span> <span class='ocrx_word' id='word_1_23' title='bbox 186 511 356 590; x_wconf 79' lang='lat' dir='ltr'>veniamus,</span> <span class='ocrx_word' id='word_1_24' title='bbox 379 518 411 572; x_wconf 92' lang='lat' dir='ltr'>ut</span> <span class='ocrx_word' id='word_1_25' title='bbox 431 511 546 573; x_wconf 92' lang='lat' dir='ltr'>bonum</span> <span class='ocrx_word' id='word_1_26' title='bbox 569 531 647 592; x_wconf 90' lang='lat' dir='ltr'>opus</span> <span class='ocrx_word' id='word_1_27' title='bbox 669 512 697 571; x_wconf 91' lang='grc' dir='ltr'>ει</span> <span class='ocrx_word' id='word_1_28' title='bbox 723 511 854 572; x_wconf 80' lang='lat' dir='ltr'>facturi?</span> <span class='ocrx_word' id='word_1_29' title='bbox 877 511 972 570; x_wconf 80' lang='lat' dir='ltr'>Estne</span> 
     </span>
     <span class='ocr_line' id='line_1_5' title="bbox 52 595 972 676; baseline -0.001 -23"><span class='ocrx_word' id='word_1_30' title='bbox 52 596 104 653; x_wconf 85' lang='lat' dir='ltr'>ists</span> <span class='ocrx_word' id='word_1_31' title='bbox 125 595 301 674; x_wconf 78' lang='lat' dir='ltr'><strong>ignorantia</strong></span> <span class='ocrx_word' id='word_1_32' title='bbox 323 596 496 655; x_wconf 74' lang='lat' dir='ltr'><strong>testamenti</strong></span> <span class='ocrx_word' id='word_1_33' title='bbox 527 603 557 655; x_wconf 88' lang='lat' dir='ltr'>et</span> <span class='ocrx_word' id='word_1_34' title='bbox 586 595 748 676; x_wconf 81' lang='lat' dir='ltr'>eaptivitas</span> <span class='ocrx_word' id='word_1_35' title='bbox 773 595 849 654; x_wconf 82' lang='lat' dir='ltr'>tanti</span> <span class='ocrx_word' id='word_1_36' title='bbox 872 611 972 654; x_wconf 82' lang='lat' dir='ltr'>ssoru-</span> 
     </span>
     <span class='ocr_line' id='line_1_6' title="bbox 52 675 971 759; baseline -0.001 -22"><span class='ocrx_word' id='word_1_37' title='bbox 52 677 137 737; x_wconf 87' lang='lat' dir='ltr'>menti</span> <span class='ocrx_word' id='word_1_38' title='bbox 160 675 305 739; x_wconf 88' lang='lat' dir='ltr'>omnibus</span> <span class='ocrx_word' id='word_1_39' title='bbox 326 677 458 738; x_wconf 82' lang='lat' dir='ltr'>lumimis</span> <span class='ocrx_word' id='word_1_40' title='bbox 482 677 642 759; x_wconf 80' lang='lat' dir='ltr'>superior?</span> <span class='ocrx_word' id='word_1_41' title='bbox 681 676 732 737; x_wconf 90' lang='lat' dir='ltr'>ubi</span> <span class='ocrx_word' id='word_1_42' title='bbox 765 676 803 738; x_wconf 86' lang='lat' dir='ltr'>ds</span> <span class='ocrx_word' id='word_1_43' title='bbox 837 677 971 756; x_wconf 83' lang='lat' dir='ltr'>soueptis</span> 
     </span>
     <span class='ocr_line' id='line_1_7' title="bbox 53 758 972 841; baseline 0 -22"><span class='ocrx_word' id='word_1_44' title='bbox 53 760 122 839; x_wconf 74' lang='lat' dir='ltr'>greti</span> <span class='ocrx_word' id='word_1_45' title='bbox 153 778 225 820; x_wconf 85' lang='lat' dir='ltr'>esse</span> <span class='ocrx_word' id='word_1_46' title='bbox 254 758 418 841; x_wconf 85' lang='lat' dir='ltr'>debemus,</span> <span class='ocrx_word' id='word_1_47' title='bbox 452 763 590 822; x_wconf 82' lang='lat' dir='ltr'>venimus</span> <span class='ocrx_word' id='word_1_48' title='bbox 618 759 740 841; x_wconf 81' lang='lat' dir='ltr'>superbi</span> <span class='ocrx_word' id='word_1_49' title='bbox 769 759 866 820; x_wconf 81' lang='lat' dir='ltr'>daturi</span> <span class='ocrx_word' id='word_1_50' title='bbox 894 759 972 819; x_wconf 85' lang='lat' dir='ltr'>suoi·</span> 
     </span>
     <span class='ocr_line' id='line_1_8' title="bbox 52 808 972 924; baseline 0.001 -23"><span class='ocrx_word' id='word_1_51' title='bbox 52 841 174 922; x_wconf 83' lang='lat' dir='ltr'>piends,</span> <span class='ocrx_word' id='word_1_52' title='bbox 214 842 373 904; x_wconf 86' lang='lat' dir='ltr'>irridentes</span> <span class='ocrx_word' id='word_1_53' title='bbox 408 808 545 904; x_wconf 80' lang='lat' dir='ltr'>inaudita</span> <span class='ocrx_word' id='word_1_54' title='bbox 582 845 782 924; x_wconf 80' lang='lat' dir='ltr'>perversitate</span> <span class='ocrx_word' id='word_1_55' title='bbox 816 842 972 903; x_wconf 78' lang='lat' dir='ltr'>donatoris</span> 
     </span>
     <span class='ocr_line' id='line_1_9' title="bbox 53 924 972 1007; baseline -0.001 -21"><span class='ocrx_word' id='word_1_56' title='bbox 53 924 298 1004; x_wconf 76' lang='lat' dir='ltr'>misericordiam,</span> <span class='ocrx_word' id='word_1_57' title='bbox 321 926 393 990; x_wconf 90' lang='lat' dir='ltr'>dum</span> <span class='ocrx_word' id='word_1_58' title='bbox 415 927 474 986; x_wconf 89' lang='lat' dir='ltr'>bon</span> <span class='ocrx_word' id='word_1_59' title='bbox 497 926 692 988; x_wconf 82' lang='lat' dir='ltr'>donemusut</span> <span class='ocrx_word' id='word_1_60' title='bbox 714 945 802 1007; x_wconf 91' lang='lat' dir='ltr'>opus,</span> <span class='ocrx_word' id='word_1_61' title='bbox 824 925 907 1004; x_wconf 91' lang='lat' dir='ltr'>quod</span> <span class='ocrx_word' id='word_1_62' title='bbox 923 944 972 986; x_wconf 86' lang='lat' dir='ltr'>no·</span> 
     </span>
     <span class='ocr_line' id='line_1_10' title="bbox 52 1009 973 1088; baseline 0 -20"><span class='ocrx_word' id='word_1_63' title='bbox 52 1010 174 1088; x_wconf 87' lang='lat' dir='ltr'>oipimus</span> <span class='ocrx_word' id='word_1_64' title='bbox 198 1016 232 1069; x_wconf 91' lang='lat' dir='ltr'>ut</span> <span class='ocrx_word' id='word_1_65' title='bbox 254 1009 378 1085; x_wconf 89' lang='lat' dir='ltr'>donum,</span> <span class='ocrx_word' id='word_1_66' title='bbox 400 1019 433 1068; x_wconf 90' lang='lat' dir='ltr'>ut</span> <span class='ocrx_word' id='word_1_67' title='bbox 454 1015 582 1070; x_wconf 80' lang='lat' dir='ltr'>testator</span> <span class='ocrx_word' id='word_1_68' title='bbox 602 1011 662 1070; x_wconf 85' lang='lat' dir='ltr'>ium</span> <span class='ocrx_word' id='word_1_69' title='bbox 686 1027 747 1069; x_wconf 91' lang='lat' dir='ltr'>non</span> <span class='ocrx_word' id='word_1_70' title='bbox 770 1027 893 1069; x_wconf 89' lang='lat' dir='ltr'>suorum</span> <span class='ocrx_word' id='word_1_71' title='bbox 916 1009 973 1068; x_wconf 82' lang='lat' dir='ltr'>ler-</span> 
     </span>
     <span class='ocr_line' id='line_1_11' title="bbox 53 1090 974 1172; baseline 0 -22"><span class='ocrx_word' id='word_1_72' title='bbox 53 1093 124 1172; x_wconf 84' lang='lat' dir='ltr'>gitor</span> <span class='ocrx_word' id='word_1_73' title='bbox 147 1090 311 1170; x_wconf 88' lang='lat' dir='ltr'>bonorum,</span> <span class='ocrx_word' id='word_1_74' title='bbox 334 1091 389 1152; x_wconf 85' lang='lat' dir='ltr'>sed</span> <span class='ocrx_word' id='word_1_75' title='bbox 411 1099 587 1154; x_wconf 88' lang='lat' dir='ltr'>nostrorum</span> <span class='ocrx_word' id='word_1_76' title='bbox 600 1094 640 1153; x_wconf 85' lang='lat' dir='ltr'>sit</span> <span class='ocrx_word' id='word_1_77' title='bbox 654 1099 809 1172; x_wconf 86' lang='lat' dir='ltr'>noosptor.</span> <span class='ocrx_word' id='word_1_78' title='bbox 843 1092 974 1152; x_wconf 87' lang='lat' dir='ltr'>Vesim·</span> 
     </span>
     <span class='ocr_line' id='line_1_12' title="bbox 53 1175 236 1254; baseline 0.016 -20"><span class='ocrx_word' id='word_1_79' title='bbox 53 1175 151 1254; x_wconf 85' lang='lat' dir='ltr'>pietoti</span> <span class='ocrx_word' id='word_1_80' title='bbox 174 1175 236 1237; x_wconf 86' lang='lat' dir='ltr'>isti.</span> 
     </span>
    </p>

    <p class='ocr_par' dir='ltr' id='par_1_3' title="bbox 53 1255 1059 3750">
     <span class='ocr_line' id='line_1_13' title="bbox 107 1255 971 1338; baseline 0 -22"><span class='ocrx_word' id='word_1_81' title='bbox 107 1255 183 1332; x_wconf 82' lang='lat' dir='ltr'>Quis</span> <span class='ocrx_word' id='word_1_82' title='bbox 206 1275 281 1317; x_wconf 83' lang='lat' dir='ltr'>vero</span> <span class='ocrx_word' id='word_1_83' title='bbox 293 1277 425 1336; x_wconf 78' lang='lat' dir='ltr'>unquam</span> <span class='ocrx_word' id='word_1_84' title='bbox 438 1257 493 1318; x_wconf 87' lang='lat' dir='ltr'>fuit</span> <span class='ocrx_word' id='word_1_85' title='bbox 509 1266 571 1320; x_wconf 83' lang='grc' dir='ltr'><strong>ιειιι</strong></span> <span class='ocrx_word' id='word_1_86' title='bbox 586 1257 721 1335; x_wconf 86' lang='lat' dir='ltr'>demens,</span> <span class='ocrx_word' id='word_1_87' title='bbox 745 1264 777 1317; x_wconf 90' lang='grc' dir='ltr'>ιιι</span> <span class='ocrx_word' id='word_1_88' title='bbox 788 1258 971 1338; x_wconf 82' lang='lat' dir='ltr'>baptismum</span> 
     </span>
     <span class='ocr_line' id='line_1_14' title="bbox 53 1339 972 1422; baseline 0 -22"><span class='ocrx_word' id='word_1_89' title='bbox 53 1339 170 1400; x_wconf 84' lang='lat' dir='ltr'>dunerst</span> <span class='ocrx_word' id='word_1_90' title='bbox 191 1359 261 1400; x_wconf 83' lang='lat' dir='ltr'>esse</span> <span class='ocrx_word' id='word_1_91' title='bbox 282 1339 396 1400; x_wconf 90' lang='lat' dir='ltr'>bonurn</span> <span class='ocrx_word' id='word_1_92' title='bbox 419 1339 518 1422; x_wconf 82' lang='lat' dir='ltr'>opus?</span> <span class='ocrx_word' id='word_1_93' title='bbox 540 1347 593 1402; x_wconf 82' lang='lat' dir='ltr'>sut</span> <span class='ocrx_word' id='word_1_94' title='bbox 607 1340 805 1421; x_wconf 86' lang='lat' dir='ltr'>bsptissndus</span> <span class='ocrx_word' id='word_1_95' title='bbox 823 1340 972 1419; x_wconf 87' lang='lat' dir='ltr'>erederet,</span> 
     </span>
     <span class='ocr_line' id='line_1_15' title="bbox 53 1423 974 1504; baseline 0 -22"><span class='ocrx_word' id='word_1_96' title='bbox 53 1442 113 1483; x_wconf 86' lang='lat' dir='ltr'>sese</span> <span class='ocrx_word' id='word_1_97' title='bbox 136 1441 217 1502; x_wconf 88' lang='lat' dir='ltr'>opus</span> <span class='ocrx_word' id='word_1_98' title='bbox 238 1423 356 1502; x_wconf 81' lang='lat' dir='ltr'>fouere,</span> <span class='ocrx_word' id='word_1_99' title='bbox 386 1423 469 1503; x_wconf 90' lang='lat' dir='ltr'>quod</span> <span class='ocrx_word' id='word_1_100' title='bbox 490 1443 546 1504; x_wconf 88' lang='lat' dir='ltr'>pro</span> <span class='ocrx_word' id='word_1_101' title='bbox 569 1443 603 1485; x_wconf 87' lang='lat' dir='ltr'>se</span> <span class='ocrx_word' id='word_1_102' title='bbox 621 1431 651 1484; x_wconf 88' lang='lat' dir='ltr'>st</span> <span class='ocrx_word' id='word_1_103' title='bbox 672 1423 739 1483; x_wconf 86' lang='lat' dir='ltr'>etiis</span> <span class='ocrx_word' id='word_1_104' title='bbox 762 1424 829 1484; x_wconf 87' lang='lat' dir='ltr'>Deo</span> <span class='ocrx_word' id='word_1_105' title='bbox 852 1423 974 1484; x_wconf 84' lang='lat' dir='ltr'>offerret</span> 
     </span>
     <span class='ocr_line' id='line_1_16' title="bbox 54 1505 973 1588; baseline 0 -22"><span class='ocrx_word' id='word_1_106' title='bbox 54 1513 80 1566; x_wconf 87' lang='lat' dir='ltr'>st</span> <span class='ocrx_word' id='word_1_107' title='bbox 107 1507 370 1567; x_wconf 84' lang='lat' dir='ltr'>uommnninsret?</span> <span class='ocrx_word' id='word_1_108' title='bbox 413 1505 445 1568; x_wconf 83' lang='lat' dir='ltr'>Si</span> <span class='ocrx_word' id='word_1_109' title='bbox 477 1526 552 1588; x_wconf 83' lang='lat' dir='ltr'>orgo</span> <span class='ocrx_word' id='word_1_110' title='bbox 584 1508 615 1566; x_wconf 91' lang='grc' dir='ltr'>ιιι</span> <span class='ocrx_word' id='word_1_111' title='bbox 646 1524 707 1566; x_wconf 92' lang='lat' dir='ltr'>uno</span> <span class='ocrx_word' id='word_1_112' title='bbox 740 1507 842 1586; x_wconf 84' lang='lat' dir='ltr'>aliquo</span> <span class='ocrx_word' id='word_1_113' title='bbox 873 1525 973 1566; x_wconf 81' lang='lat' dir='ltr'>snoru-</span> 
     </span>
     <span class='ocr_line' id='line_1_17' title="bbox 55 1589 973 1670; baseline 0.002 -23"><span class='ocrx_word' id='word_1_114' title='bbox 55 1596 149 1648; x_wconf 91' lang='lat' dir='ltr'>mento</span> <span class='ocrx_word' id='word_1_115' title='bbox 194 1596 227 1649; x_wconf 88' lang='lat' dir='ltr'>et</span> <span class='ocrx_word' id='word_1_116' title='bbox 263 1595 446 1650; x_wconf 79' lang='lat' dir='ltr'>testamento</span> <span class='ocrx_word' id='word_1_117' title='bbox 490 1589 605 1650; x_wconf 85' lang='lat' dir='ltr'>nullum</span> <span class='ocrx_word' id='word_1_118' title='bbox 648 1597 695 1650; x_wconf 86' lang='lat' dir='ltr'>est</span> <span class='ocrx_word' id='word_1_119' title='bbox 738 1589 851 1654; x_wconf 87' lang='lat' dir='ltr'>bonum</span> <span class='ocrx_word' id='word_1_120' title='bbox 895 1609 973 1670; x_wconf 92' lang='lat' dir='ltr'>opus</span> 
     </span>
     <span class='ocr_line' id='line_1_18' title="bbox 54 1670 973 1750; baseline -0.001 -18"><span class='ocrx_word' id='word_1_121' title='bbox 54 1670 304 1733; x_wconf 71' lang='lat' dir='ltr'>communionbils</span> <span class='ocrx_word' id='word_1_122' title='bbox 345 1672 434 1748; x_wconf 76' lang='lat' dir='ltr'>aliis,</span> <span class='ocrx_word' id='word_1_123' title='bbox 476 1691 534 1734; x_wconf 89' lang='lat' dir='ltr'>neo</span> <span class='ocrx_word' id='word_1_124' title='bbox 573 1675 604 1733; x_wconf 89' lang='lat' dir='ltr'>in</span> <span class='ocrx_word' id='word_1_125' title='bbox 649 1674 741 1734; x_wconf 80' lang='lat' dir='ltr'>missu</span> <span class='ocrx_word' id='word_1_126' title='bbox 784 1673 859 1750; x_wconf 84' lang='lat' dir='ltr'>erit,</span> <span class='ocrx_word' id='word_1_127' title='bbox 904 1691 973 1732; x_wconf 88' lang='lat' dir='ltr'>oum</span> 
     </span>
     <span class='ocr_line' id='line_1_19' title="bbox 54 1755 974 1834; baseline 0 -20"><span class='ocrx_word' id='word_1_128' title='bbox 54 1762 80 1814; x_wconf 88' lang='lat' dir='ltr'>et</span> <span class='ocrx_word' id='word_1_129' title='bbox 110 1755 178 1834; x_wconf 80' lang='lat' dir='ltr'>ipss</span> <span class='ocrx_word' id='word_1_130' title='bbox 212 1773 275 1816; x_wconf 88' lang='lat' dir='ltr'>non</span> <span class='ocrx_word' id='word_1_131' title='bbox 309 1756 349 1816; x_wconf 88' lang='lat' dir='ltr'>sit</span> <span class='ocrx_word' id='word_1_132' title='bbox 380 1757 436 1815; x_wconf 90' lang='lat' dir='ltr'>nisi</span> <span class='ocrx_word' id='word_1_133' title='bbox 471 1762 687 1816; x_wconf 78' lang='lat' dir='ltr'>testamentum</span> <span class='ocrx_word' id='word_1_134' title='bbox 731 1765 761 1815; x_wconf 89' lang='grc' dir='ltr'>ει</span> <span class='ocrx_word' id='word_1_135' title='bbox 803 1775 974 1816; x_wconf 81' lang='lat' dir='ltr'>suorsmen·</span> 
     </span>
     <span class='ocr_line' id='line_1_20' title="bbox 54 1837 974 1919; baseline 0.001 -22"><span class='ocrx_word' id='word_1_136' title='bbox 54 1847 117 1899; x_wconf 87' lang='lat' dir='ltr'>tum.</span> <span class='ocrx_word' id='word_1_137' title='bbox 170 1837 261 1898; x_wconf 83' lang='lat' dir='ltr'>Unde</span> <span class='ocrx_word' id='word_1_138' title='bbox 289 1839 467 1898; x_wconf 83' lang='lat' dir='ltr'>manifestus</span> <span class='ocrx_word' id='word_1_139' title='bbox 500 1845 530 1899; x_wconf 87' lang='lat' dir='ltr'>st</span> <span class='ocrx_word' id='word_1_140' title='bbox 556 1841 667 1919; x_wconf 90' lang='lat' dir='ltr'>impius</span> <span class='ocrx_word' id='word_1_141' title='bbox 696 1857 780 1898; x_wconf 87' lang='lat' dir='ltr'>error</span> <span class='ocrx_word' id='word_1_142' title='bbox 812 1847 872 1916; x_wconf 85' lang='lat' dir='ltr'>est,</span> <span class='ocrx_word' id='word_1_143' title='bbox 907 1840 974 1898; x_wconf 92' lang='lat' dir='ltr'>mis·</span> 
     </span>
     <span class='ocr_line' id='line_1_21' title="bbox 55 1921 974 2001; baseline 0 -21"><span class='ocrx_word' id='word_1_144' title='bbox 55 1939 111 1980; x_wconf 80' lang='lat' dir='ltr'>snm</span> <span class='ocrx_word' id='word_1_145' title='bbox 150 1939 209 1999; x_wconf 91' lang='lat' dir='ltr'>pro</span> <span class='ocrx_word' id='word_1_146' title='bbox 246 1921 398 2001; x_wconf 80' lang='lat' dir='ltr'>pennatis,</span> <span class='ocrx_word' id='word_1_147' title='bbox 434 1939 489 2001; x_wconf 88' lang='lat' dir='ltr'>pro</span> <span class='ocrx_word' id='word_1_148' title='bbox 519 1921 794 2001; x_wconf 79' lang='lat' dir='ltr'>satisfactionibus,</span> <span class='ocrx_word' id='word_1_149' title='bbox 829 1940 886 2001; x_wconf 89' lang='lat' dir='ltr'>pro</span> <span class='ocrx_word' id='word_1_150' title='bbox 924 1921 974 1981; x_wconf 85' lang='lat' dir='ltr'>de-</span> 
     </span>
     <span class='ocr_line' id='line_1_22' title="bbox 56 2003 975 2084; baseline 0.002 -22"><span class='ocrx_word' id='word_1_151' title='bbox 56 2003 174 2080; x_wconf 78' lang='lat' dir='ltr'>functis,</span> <span class='ocrx_word' id='word_1_152' title='bbox 211 2011 264 2064; x_wconf 83' lang='lat' dir='ltr'>sut</span> <span class='ocrx_word' id='word_1_153' title='bbox 297 2003 528 2084; x_wconf 77' lang='lat' dir='ltr'>quibuscunque</span> <span class='ocrx_word' id='word_1_154' title='bbox 559 2005 791 2066; x_wconf 80' lang='lat' dir='ltr'>necessitatibus</span> <span class='ocrx_word' id='word_1_155' title='bbox 827 2006 892 2064; x_wconf 87' lang='lat' dir='ltr'>suis</span> <span class='ocrx_word' id='word_1_156' title='bbox 923 2013 975 2065; x_wconf 85' lang='lat' dir='ltr'>eut</span> 
     </span>
     <span class='ocr_line' id='line_1_23' title="bbox 57 2085 975 2184; baseline 0.001 -39"><span class='ocrx_word' id='word_1_157' title='bbox 57 2086 176 2148; x_wconf 78' lang='lat' dir='ltr'>aliorum</span> <span class='ocrx_word' id='word_1_158' title='bbox 210 2085 319 2148; x_wconf 80' lang='lat' dir='ltr'>offerro</span> <span class='ocrx_word' id='word_1_159' title='bbox 345 2106 400 2148; x_wconf 88' lang='lat' dir='ltr'>ssu</span> <span class='ocrx_word' id='word_1_160' title='bbox 432 2087 596 2169; x_wconf 80' lang='lat' dir='ltr'>applicare.</span> <span class='ocrx_word' id='word_1_161' title='bbox 646 2086 736 2184; x_wconf 75' lang='lat' dir='ltr'>Quod</span> <span class='ocrx_word' id='word_1_162' title='bbox 765 2088 940 2147; x_wconf 78' lang='lat' dir='ltr'>facillime</span> <span class='ocrx_word' id='word_1_163' title='bbox 933 2106 975 2147; x_wconf 88' lang='grc' dir='ltr'><strong>ιιι-</strong></span> 
     </span>
     <span class='ocr_line' id='line_1_24' title="bbox 56 2168 976 2250; baseline 0.004 -23"><span class='ocrx_word' id='word_1_164' title='bbox 56 2169 156 2248; x_wconf 82' lang='lat' dir='ltr'>telligis</span> <span class='ocrx_word' id='word_1_165' title='bbox 179 2187 250 2230; x_wconf 83' lang='lat' dir='ltr'>esse</span> <span class='ocrx_word' id='word_1_166' title='bbox 271 2168 498 2231; x_wconf 83' lang='lat' dir='ltr'>evidentissime</span> <span class='ocrx_word' id='word_1_167' title='bbox 521 2191 641 2250; x_wconf 87' lang='lat' dir='ltr'>verum,</span> <span class='ocrx_word' id='word_1_168' title='bbox 664 2173 690 2230; x_wconf 89' lang='lat' dir='ltr'>si</span> <span class='ocrx_word' id='word_1_169' title='bbox 712 2170 836 2231; x_wconf 87' lang='lat' dir='ltr'>firmiter</span> <span class='ocrx_word' id='word_1_170' title='bbox 859 2179 976 2247; x_wconf 83' lang='lat' dir='ltr'>teneas,</span> 
     </span>
     <span class='ocr_line' id='line_1_25' title="bbox 58 2253 976 2334; baseline 0.002 -23"><span class='ocrx_word' id='word_1_171' title='bbox 58 2254 172 2312; x_wconf 79' lang='lat' dir='ltr'>missam</span> <span class='ocrx_word' id='word_1_172' title='bbox 198 2271 267 2314; x_wconf 87' lang='lat' dir='ltr'>esse</span> <span class='ocrx_word' id='word_1_173' title='bbox 288 2255 524 2333; x_wconf 86' lang='lat' dir='ltr'>promissionem</span> <span class='ocrx_word' id='word_1_174' title='bbox 547 2255 691 2333; x_wconf 79' lang='lat' dir='ltr'>divinum,</span> <span class='ocrx_word' id='word_1_175' title='bbox 716 2271 795 2332; x_wconf 83' lang='lat' dir='ltr'>quse</span> <span class='ocrx_word' id='word_1_176' title='bbox 818 2253 890 2314; x_wconf 84' lang='lat' dir='ltr'>nulli</span> <span class='ocrx_word' id='word_1_177' title='bbox 908 2273 976 2334; x_wconf 85' lang='lat' dir='ltr'>pro</span> 
     </span>
     <span class='ocr_line' id='line_1_26' title="bbox 58 2335 975 2434; baseline 0.003 -40.057"><span class='ocrx_word' id='word_1_178' title='bbox 58 2335 146 2432; x_wconf 86' lang='lat' dir='ltr'>desse,</span> <span class='ocrx_word' id='word_1_179' title='bbox 169 2336 246 2397; x_wconf 88' lang='lat' dir='ltr'>nulli</span> <span class='ocrx_word' id='word_1_180' title='bbox 267 2336 425 2434; x_wconf 81' lang='lat' dir='ltr'>uppliouri,</span> <span class='ocrx_word' id='word_1_181' title='bbox 447 2337 520 2398; x_wconf 84' lang='lat' dir='ltr'>nulli</span> <span class='ocrx_word' id='word_1_182' title='bbox 542 2337 717 2417; x_wconf 79' lang='lat' dir='ltr'>suffragari,</span> <span class='ocrx_word' id='word_1_183' title='bbox 745 2337 818 2396; x_wconf 87' lang='lat' dir='ltr'>nuili</span> <span class='ocrx_word' id='word_1_184' title='bbox 842 2357 975 2398; x_wconf 87' lang='lat' dir='ltr'>eommu-</span> 
     </span>
     <span class='ocr_line' id='line_1_27' title="bbox 59 2420 975 2516; baseline 0.004 -40"><span class='ocrx_word' id='word_1_185' title='bbox 59 2420 143 2478; x_wconf 83' lang='lat' dir='ltr'>niunri</span> <span class='ocrx_word' id='word_1_186' title='bbox 166 2425 288 2516; x_wconf 81' lang='lat' dir='ltr'>potest,</span> <span class='ocrx_word' id='word_1_187' title='bbox 320 2421 378 2480; x_wconf 92' lang='lat' dir='ltr'>nisi</span> <span class='ocrx_word' id='word_1_188' title='bbox 409 2420 468 2500; x_wconf 92' lang='lat' dir='ltr'>ipsi</span> <span class='ocrx_word' id='word_1_189' title='bbox 500 2420 635 2482; x_wconf 83' lang='lat' dir='ltr'>eredenti</span> <span class='ocrx_word' id='word_1_190' title='bbox 662 2420 720 2480; x_wconf 91' lang='lat' dir='ltr'>soli</span> <span class='ocrx_word' id='word_1_191' title='bbox 748 2423 872 2500; x_wconf 86' lang='lat' dir='ltr'>propris</span> <span class='ocrx_word' id='word_1_192' title='bbox 904 2420 975 2481; x_wconf 85' lang='lat' dir='ltr'>fide.</span> 
     </span>
     <span class='ocr_line' id='line_1_28' title="bbox 60 2501 976 2601; baseline 0.002 -41"><span class='ocrx_word' id='word_1_193' title='bbox 60 2501 125 2576; x_wconf 73' lang='lat' dir='ltr'>Quis</span> <span class='ocrx_word' id='word_1_194' title='bbox 154 2503 237 2562; x_wconf 84' lang='lat' dir='ltr'>enim</span> <span class='ocrx_word' id='word_1_195' title='bbox 267 2503 503 2601; x_wconf 76' lang='lat' dir='ltr'>promissionem</span> <span class='ocrx_word' id='word_1_196' title='bbox 533 2504 605 2584; x_wconf 87' lang='lat' dir='ltr'>Dei,</span> <span class='ocrx_word' id='word_1_197' title='bbox 633 2521 713 2582; x_wconf 84' lang='lat' dir='ltr'>quse</span> <span class='ocrx_word' id='word_1_198' title='bbox 739 2504 976 2582; x_wconf 79' lang='lat' dir='ltr'>uniuscuiusque</span> 
     </span>
     <span class='ocr_line' id='line_1_29' title="bbox 61 2585 976 2683; baseline 0.004 -41"><span class='ocrx_word' id='word_1_199' title='bbox 61 2585 225 2664; x_wconf 79' lang='lat' dir='ltr'>singulatim</span> <span class='ocrx_word' id='word_1_200' title='bbox 254 2587 351 2667; x_wconf 84' lang='lat' dir='ltr'>exigit</span> <span class='ocrx_word' id='word_1_201' title='bbox 371 2585 480 2665; x_wconf 88' lang='lat' dir='ltr'>fidem,</span> <span class='ocrx_word' id='word_1_202' title='bbox 510 2593 615 2666; x_wconf 87' lang='lat' dir='ltr'>potest</span> <span class='ocrx_word' id='word_1_203' title='bbox 639 2605 695 2668; x_wconf 90' lang='lat' dir='ltr'>pro</span> <span class='ocrx_word' id='word_1_204' title='bbox 725 2588 785 2647; x_wconf 81' lang='lat' dir='ltr'>etio</span> <span class='ocrx_word' id='word_1_205' title='bbox 814 2597 976 2683; x_wconf 78' lang='lat' dir='ltr'>nooeptere</span> 
     </span>
     <span class='ocr_line' id='line_1_30' title="bbox 62 2669 975 2750; baseline 0.003 -24"><span class='ocrx_word' id='word_1_206' title='bbox 62 2675 105 2726; x_wconf 84' lang='lat' dir='ltr'>sut</span> <span class='ocrx_word' id='word_1_207' title='bbox 124 2669 302 2749; x_wconf 81' lang='lat' dir='ltr'>npplionrs?</span> <span class='ocrx_word' id='word_1_208' title='bbox 324 2669 467 2749; x_wconf 86' lang='lat' dir='ltr'>Nunquid</span> <span class='ocrx_word' id='word_1_209' title='bbox 489 2687 615 2750; x_wconf 89' lang='lat' dir='ltr'>possum</span> <span class='ocrx_word' id='word_1_210' title='bbox 632 2670 718 2730; x_wconf 84' lang='lat' dir='ltr'>alteri</span> <span class='ocrx_word' id='word_1_211' title='bbox 740 2671 975 2750; x_wconf 87' lang='lat' dir='ltr'>promissionem</span> 
     </span>
     <span class='ocr_line' id='line_1_31' title="bbox 63 2751 975 2833; baseline 0.002 -23"><span class='ocrx_word' id='word_1_212' title='bbox 63 2751 109 2811; x_wconf 86' lang='lat' dir='ltr'>Dei</span> <span class='ocrx_word' id='word_1_213' title='bbox 130 2753 220 2832; x_wconf 83' lang='lat' dir='ltr'>dare,</span> <span class='ocrx_word' id='word_1_214' title='bbox 250 2753 342 2814; x_wconf 82' lang='lat' dir='ltr'>etium</span> <span class='ocrx_word' id='word_1_215' title='bbox 374 2771 436 2814; x_wconf 92' lang='lat' dir='ltr'>non</span> <span class='ocrx_word' id='word_1_216' title='bbox 471 2753 631 2814; x_wconf 80' lang='lat' dir='ltr'>eredenti?</span> <span class='ocrx_word' id='word_1_217' title='bbox 673 2759 726 2813; x_wconf 82' lang='lat' dir='ltr'>sut</span> <span class='ocrx_word' id='word_1_218' title='bbox 761 2771 886 2832; x_wconf 90' lang='lat' dir='ltr'>possum</span> <span class='ocrx_word' id='word_1_219' title='bbox 919 2771 975 2833; x_wconf 93' lang='lat' dir='ltr'>pro</span> 
     </span>
     <span class='ocr_line' id='line_1_32' title="bbox 63 2833 978 2916; baseline 0.004 -24"><span class='ocrx_word' id='word_1_220' title='bbox 63 2833 114 2894; x_wconf 84' lang='lat' dir='ltr'>ulio</span> <span class='ocrx_word' id='word_1_221' title='bbox 136 2835 286 2896; x_wconf 80' lang='lat' dir='ltr'>eredens?</span> <span class='ocrx_word' id='word_1_222' title='bbox 318 2842 371 2898; x_wconf 84' lang='lat' dir='ltr'>nut</span> <span class='ocrx_word' id='word_1_223' title='bbox 400 2853 526 2916; x_wconf 80' lang='lat' dir='ltr'>possum</span> <span class='ocrx_word' id='word_1_224' title='bbox 549 2837 660 2914; x_wconf 83' lang='lat' dir='ltr'>fauere,</span> <span class='ocrx_word' id='word_1_225' title='bbox 690 2843 724 2895; x_wconf 92' lang='grc' dir='ltr'>ιιι</span> <span class='ocrx_word' id='word_1_226' title='bbox 744 2837 819 2896; x_wconf 81' lang='lat' dir='ltr'>nlius</span> <span class='ocrx_word' id='word_1_227' title='bbox 849 2835 978 2897; x_wconf 82' lang='lat' dir='ltr'>oredntt</span> 
     </span>
     <span class='ocr_line' id='line_1_33' title="bbox 64 2917 976 3001; baseline 0.003 -26"><span class='ocrx_word' id='word_1_228' title='bbox 64 2917 97 2976; x_wconf 81' lang='lat' dir='ltr'>At</span> <span class='ocrx_word' id='word_1_229' title='bbox 116 2917 191 2978; x_wconf 79' lang='lat' dir='ltr'>bueo</span> <span class='ocrx_word' id='word_1_230' title='bbox 212 2917 278 2980; x_wconf 83' lang='lat' dir='ltr'>tisri</span> <span class='ocrx_word' id='word_1_231' title='bbox 300 2925 431 3000; x_wconf 85' lang='lat' dir='ltr'>oportet,</span> <span class='ocrx_word' id='word_1_232' title='bbox 454 2921 479 2980; x_wconf 88' lang='lat' dir='ltr'>si</span> <span class='ocrx_word' id='word_1_233' title='bbox 502 2921 625 2980; x_wconf 81' lang='lat' dir='ltr'>missam</span> <span class='ocrx_word' id='word_1_234' title='bbox 648 2937 773 2999; x_wconf 89' lang='lat' dir='ltr'>possum</span> <span class='ocrx_word' id='word_1_235' title='bbox 796 2920 862 2980; x_wconf 84' lang='lat' dir='ltr'>eliis</span> <span class='ocrx_word' id='word_1_236' title='bbox 878 2920 976 3001; x_wconf 83' lang='lat' dir='ltr'>sppli-</span> 
     </span>
     <span class='ocr_line' id='line_1_34' title="bbox 64 3003 977 3081; baseline 0.004 -23"><span class='ocrx_word' id='word_1_237' title='bbox 64 3017 125 3060; x_wconf 87' lang='lat' dir='ltr'>osre</span> <span class='ocrx_word' id='word_1_238' title='bbox 144 3007 175 3062; x_wconf 87' lang='lat' dir='ltr'>st</span> <span class='ocrx_word' id='word_1_239' title='bbox 196 3003 440 3081; x_wconf 83' lang='lat' dir='ltr'>eommuniosre,</span> <span class='ocrx_word' id='word_1_240' title='bbox 469 3021 538 3064; x_wconf 88' lang='lat' dir='ltr'>oum</span> <span class='ocrx_word' id='word_1_241' title='bbox 568 3005 598 3063; x_wconf 90' lang='lat' dir='ltr'>in</span> <span class='ocrx_word' id='word_1_242' title='bbox 628 3004 722 3062; x_wconf 82' lang='lat' dir='ltr'>misse</span> <span class='ocrx_word' id='word_1_243' title='bbox 743 3021 803 3063; x_wconf 90' lang='lat' dir='ltr'>non</span> <span class='ocrx_word' id='word_1_244' title='bbox 835 3005 894 3063; x_wconf 87' lang='lat' dir='ltr'>sint</span> <span class='ocrx_word' id='word_1_245' title='bbox 919 3003 977 3062; x_wconf 90' lang='lat' dir='ltr'>nisi</span> 
     </span>
     <span class='ocr_line' id='line_1_35' title="bbox 65 3084 978 3166; baseline 0.007 -26"><span class='ocrx_word' id='word_1_246' title='bbox 65 3084 113 3143; x_wconf 82' lang='lat' dir='ltr'>istu</span> <span class='ocrx_word' id='word_1_247' title='bbox 133 3084 213 3164; x_wconf 89' lang='lat' dir='ltr'>duo,</span> <span class='ocrx_word' id='word_1_248' title='bbox 235 3087 399 3166; x_wconf 88' lang='lat' dir='ltr'>promissio</span> <span class='ocrx_word' id='word_1_249' title='bbox 422 3087 539 3162; x_wconf 81' lang='lat' dir='ltr'>divine,</span> <span class='ocrx_word' id='word_1_250' title='bbox 570 3094 600 3146; x_wconf 87' lang='lat' dir='ltr'>st</span> <span class='ocrx_word' id='word_1_251' title='bbox 621 3085 697 3146; x_wconf 84' lang='lat' dir='ltr'>fides</span> <span class='ocrx_word' id='word_1_252' title='bbox 718 3085 870 3164; x_wconf 81' lang='lat' dir='ltr'>humans,</span> <span class='ocrx_word' id='word_1_253' title='bbox 898 3103 978 3164; x_wconf 83' lang='lat' dir='ltr'>quse</span> 
     </span>
     <span class='ocr_line' id='line_1_36' title="bbox 65 3167 976 3250; baseline 0.001 -23"><span class='ocrx_word' id='word_1_254' title='bbox 65 3169 197 3248; x_wconf 79' lang='lat' dir='ltr'>anoipiut,</span> <span class='ocrx_word' id='word_1_255' title='bbox 226 3169 309 3247; x_wconf 91' lang='lat' dir='ltr'>quod</span> <span class='ocrx_word' id='word_1_256' title='bbox 335 3169 387 3230; x_wconf 84' lang='lat' dir='ltr'>illu</span> <span class='ocrx_word' id='word_1_257' title='bbox 408 3171 566 3250; x_wconf 85' lang='lat' dir='ltr'>promittit.</span> <span class='ocrx_word' id='word_1_258' title='bbox 610 3167 701 3243; x_wconf 80' lang='lat' dir='ltr'>Quod</span> <span class='ocrx_word' id='word_1_259' title='bbox 723 3171 749 3229; x_wconf 94' lang='lat' dir='ltr'>si</span> <span class='ocrx_word' id='word_1_260' title='bbox 782 3188 885 3230; x_wconf 84' lang='lat' dir='ltr'>verum</span> <span class='ocrx_word' id='word_1_261' title='bbox 919 3173 976 3248; x_wconf 87' lang='lat' dir='ltr'>est,</span> 
     </span>
     <span class='ocr_line' id='line_1_37' title="bbox 68 3252 978 3334; baseline 0.003 -25"><span class='ocrx_word' id='word_1_262' title='bbox 68 3257 161 3328; x_wconf 82' lang='lat' dir='ltr'>potero</span> <span class='ocrx_word' id='word_1_263' title='bbox 185 3253 277 3313; x_wconf 82' lang='lat' dir='ltr'>etium</span> <span class='ocrx_word' id='word_1_264' title='bbox 300 3269 357 3334; x_wconf 93' lang='lat' dir='ltr'>pro</span> <span class='ocrx_word' id='word_1_265' title='bbox 380 3252 446 3312; x_wconf 86' lang='lat' dir='ltr'>eliis</span> <span class='ocrx_word' id='word_1_266' title='bbox 460 3252 565 3313; x_wconf 77' lang='lat' dir='ltr'>audire</span> <span class='ocrx_word' id='word_1_267' title='bbox 586 3252 778 3332; x_wconf 78' lang='lat' dir='ltr'>evangelium</span> <span class='ocrx_word' id='word_1_268' title='bbox 801 3253 978 3327; x_wconf 82' lang='lat' dir='ltr'>etoredere,</span> 
     </span>
     <span class='ocr_line' id='line_1_38' title="bbox 67 3331 1059 3432; baseline 0.004 -41"><span class='ocrx_word' id='word_1_269' title='bbox 67 3340 160 3410; x_wconf 87' lang='lat' dir='ltr'>potero</span> <span class='ocrx_word' id='word_1_270' title='bbox 182 3353 239 3415; x_wconf 91' lang='lat' dir='ltr'>pro</span> <span class='ocrx_word' id='word_1_271' title='bbox 259 3335 320 3396; x_wconf 86' lang='lat' dir='ltr'>slto</span> <span class='ocrx_word' id='word_1_272' title='bbox 343 3335 505 3416; x_wconf 76' lang='lat' dir='ltr'>baptisari,</span> <span class='ocrx_word' id='word_1_273' title='bbox 527 3345 635 3416; x_wconf 85' lang='lat' dir='ltr'>potero</span> <span class='ocrx_word' id='word_1_274' title='bbox 659 3336 798 3432; x_wconf 80' lang='lat' dir='ltr'>proelio</span> <span class='ocrx_word' id='word_1_275' title='bbox 821 3337 976 3397; x_wconf 81' lang='lat' dir='ltr'>absolvis</span> <span class='ocrx_word' id='word_1_276' title='bbox 1056 3331 1059 3334; x_wconf 73' lang='grc'><strong>’</strong></span> 
     </span>
     <span class='ocr_line' id='line_1_39' title="bbox 69 3419 976 3498; baseline 0.004 -24"><span class='ocrx_word' id='word_1_277' title='bbox 69 3419 198 3496; x_wconf 83' lang='lat' dir='ltr'>pensetis,</span> <span class='ocrx_word' id='word_1_278' title='bbox 221 3427 329 3498; x_wconf 86' lang='lat' dir='ltr'>potero</span> <span class='ocrx_word' id='word_1_279' title='bbox 346 3426 384 3480; x_wconf 91' lang='grc' dir='ltr'>ει</span> <span class='ocrx_word' id='word_1_280' title='bbox 405 3438 461 3498; x_wconf 89' lang='lat' dir='ltr'>pro</span> <span class='ocrx_word' id='word_1_281' title='bbox 484 3420 544 3479; x_wconf 87' lang='lat' dir='ltr'>utio</span> <span class='ocrx_word' id='word_1_282' title='bbox 567 3420 794 3480; x_wconf 79' lang='lat' dir='ltr'>communicare</span> <span class='ocrx_word' id='word_1_283' title='bbox 817 3419 855 3480; x_wconf 86' lang='lat' dir='ltr'>ds</span> <span class='ocrx_word' id='word_1_284' title='bbox 873 3420 976 3479; x_wconf 81' lang='lat' dir='ltr'>altoris</span> 
     </span>
     <span class='ocr_line' id='line_1_40' title="bbox 70 3501 974 3586; baseline 0.007 -31"><span class='ocrx_word' id='word_1_285' title='bbox 70 3509 262 3578; x_wconf 81' lang='lat' dir='ltr'>ssorument03</span> <span class='ocrx_word' id='word_1_286' title='bbox 290 3510 414 3586; x_wconf 90' lang='lat' dir='ltr'>potero,</span> <span class='ocrx_word' id='word_1_287' title='bbox 442 3509 475 3562; x_wconf 92' lang='lat' dir='ltr'>ut</span> <span class='ocrx_word' id='word_1_288' title='bbox 497 3501 667 3562; x_wconf 78' lang='lat' dir='ltr'>utiliorum</span> <span class='ocrx_word' id='word_1_289' title='bbox 691 3510 882 3563; x_wconf 74' lang='lat' dir='ltr'>sacramente</span> <span class='ocrx_word' id='word_1_290' title='bbox 907 3521 974 3582; x_wconf 89' lang='lat' dir='ltr'>per·</span> 
     </span>
     <span class='ocr_line' id='line_1_41' title="bbox 71 3585 974 3682; baseline 0.008 -44"><span class='ocrx_word' id='word_1_291' title='bbox 71 3599 214 3663; x_wconf 72' lang='lat' dir='ltr'>perseam,</span> <span class='ocrx_word' id='word_1_292' title='bbox 251 3603 307 3664; x_wconf 83' lang='lat' dir='ltr'>pro</span> <span class='ocrx_word' id='word_1_293' title='bbox 336 3586 396 3647; x_wconf 84' lang='lat' dir='ltr'>ulio</span> <span class='ocrx_word' id='word_1_294' title='bbox 430 3585 542 3646; x_wconf 87' lang='lat' dir='ltr'>duoere</span> <span class='ocrx_word' id='word_1_295' title='bbox 570 3603 715 3663; x_wconf 87' lang='lat' dir='ltr'>uxorem,</span> <span class='ocrx_word' id='word_1_296' title='bbox 747 3605 804 3682; x_wconf 89' lang='lat' dir='ltr'>pro</span> <span class='ocrx_word' id='word_1_297' title='bbox 826 3587 887 3647; x_wconf 85' lang='lat' dir='ltr'>alio</span> <span class='ocrx_word' id='word_1_298' title='bbox 909 3585 974 3647; x_wconf 86' lang='lat' dir='ltr'>fieri</span> 
     </span>
     <span class='ocr_line' id='line_1_42' title="bbox 72 3631 869 3750; baseline 0.008 -28"><span class='ocrx_word' id='word_1_299' title='bbox 72 3668 209 3749; x_wconf 78' lang='lat' dir='ltr'>smerdes,</span> <span class='ocrx_word' id='word_1_300' title='bbox 228 3687 284 3749; x_wconf 92' lang='lat' dir='ltr'>pro</span> <span class='ocrx_word' id='word_1_301' title='bbox 305 3669 365 3730; x_wconf 83' lang='lat' dir='ltr'>otio</span> <span class='ocrx_word' id='word_1_302' title='bbox 388 3668 572 3748; x_wconf 76' lang='lat' dir='ltr'>confirmari,</span> <span class='ocrx_word' id='word_1_303' title='bbox 593 3687 650 3749; x_wconf 92' lang='lat' dir='ltr'>pro</span> <span class='ocrx_word' id='word_1_304' title='bbox 672 3631 761 3728; x_wconf 83' lang='lat' dir='ltr'>elio&#39;</span> <span class='ocrx_word' id='word_1_305' title='bbox 755 3671 869 3750; x_wconf 85' lang='lat' dir='ltr'>inungi.</span> 
     </span>
    </p>
   </div>
   <div class='ocr_carea' id='block_1_3' title="bbox 0 0 1150 4008">
    <p class='ocr_par' dir='ltr' id='par_1_4' title="bbox 0 0 1150 4008">
     <span class='ocr_line' id='line_1_43' title="bbox 0 0 1150 4008; baseline 0 0"><span class='ocrx_word' id='word_1_306' title='bbox 0 0 1150 4008; x_wconf 95' lang='lat' dir='ltr'> </span> 
     </span>
    </p>
   </div>
  </div>
 </body>
</html>
