2262 4006
139 182 203 250 324
373 184 528 253 &sponsio
548 184 576 238 D.
597 182 630 238 bi.
649 183 679 237 L.
698 183 732 236 ad
751 183 852 238 librum

220 337 416 417 Perspicuum
440 355 515 416 ergo
531 344 587 414 est,
610 337 691 398 buno
711 356 814 418 regem
834 338 901 398 iore
919 335 1054 396 autichri-

136 428 231 497 stum,
260 418 291 479 id
319 429 382 496 eat,
412 420 619 480 adversarium
643 419 763 480 Christo
797 427 827 479 et
855 437 952 500 regno
984 419 1054 481 eiua.

135 502 272 574 Christus
297 504 376 562 enim
398 522 454 562 rex
476 513 538 579 est,
560 511 670 581 potens
692 504 835 581 veritate,
859 502 1053 562 vehementer

137 586 329 646 adversarius
362 583 498 645 iaciabus
533 596 564 644 et
591 584 768 664 speciebus,
799 594 832 645 ut.
854 585 995 645 videmus
1026 585 1053 644 in

136 667 318 750 Evangelio.
362 667 477 728 Rursus
500 668 557 727 iste
578 685 646 746 rex,
667 675 777 747 potans
799 667 946 742 faciebus,
971 666 1055 726 vebe

137 762 254 813 menter
275 750 470 826 adversarius
484 751 611 810 veritati.
655 750 786 810 Proinde
798 769 860 810 non
883 751 951 810 sins
967 767 1057 810 causa
1079 777 1086 788 ,

136 833 268 914 apostoli
303 832 408 893 Petrus
441 839 472 892 et
502 832 613 893 Paulus
649 833 737 892 nobis
771 833 830 894 boc
863 831 1057 910 vocabulum,

136 917 266 995 Veritas,
289 917 378 978 toties
392 915 557 989 inculcant,
580 925 608 974 et
627 915 775 994 aiaoiel)
801 914 967 976 deterrent.
1009 913 1058 977 sic

136 1000 216 1060 enim
245 998 396 1079 praedixit
425 997 536 1058 Paulus
564 1001 593 1061 2.
619 998 751 1059 Timotb.
775 1001 803 1062 3.
837 999 920 1059 bunc
959 997 1058 1058 locum

136 1099 309 1162 exponens:
333 1081 430 1141 Erunt
450 1081 590 1141 homines
612 1083 742 1160 seipsos
764 1089 903 1142 amantes
917 1085 977 1141 etc.
1010 1079 1059 1140 Se

137 1167 251 1244 quitur:
274 1163 430 1224 Habentes
452 1163 574 1242 quidem
596 1167 730 1244 speciem
753 1164 893 1244 pietatis,
918 1165 1059 1223 virtutem

136 1255 237 1308 antem
260 1248 326 1307 eius
349 1247 546 1325 abnegantes.

219 1329 386 1390 Videamus
407 1339 508 1390 autem
533 1347 614 1388 nunc
634 1348 733 1409 papae
753 1347 891 1409 regnum,
914 1337 945 1388 et
963 1328 1060 1408 primo

137 1413 247 1474 faciem
267 1429 477 1492 personarum.
523 1411 595 1490 Dic,
618 1414 643 1470 si
666 1421 770 1490 potes,
792 1411 874 1490 quod
896 1412 1060 1490 imperium

137 1514 271 1575 unquam
294 1494 371 1554 talea
400 1513 437 1554 ac
464 1503 566 1554 tantos
594 1494 700 1554 babuit
721 1494 927 1574 personatus?
957 1493 1059 1574 ipsum

127 1597 251 1657 'papam
284 1579 413 1657 primum
449 1579 567 1638 intuere
599 1577 708 1656 triplici
737 1595 852 1638 corona
882 1575 1059 1656 superbum,

138 1679 206 1721 cum
229 1659 399 1721 incredibili
422 1667 571 1740 apparatu
594 1668 626 1720 et
653 1662 780 1740 strepitu
809 1678 944 1740 pompae
968 1666 1001 1720 et
1021 1660 1061 1721 ia·

137 1744 248 1806 miliae.
291 1741 410 1804 Deinde
432 1741 638 1818 cardinalium
671 1759 817 1822 pompam
846 1749 877 1802 et
903 1761 999 1821 opes,
1033 1748 1062 1802 at

137 1825 193 1887 bos
216 1844 278 1887 nou
299 1826 388 1886 unius
418 1835 601 1905 personatus
634 1833 664 1885 et
687 1825 790 1903 faciei,
824 1825 948 1905 regibus
983 1826 1060 1885 euim

136 1927 228 1989 paras
250 1927 319 1968 sese
341 1907 452 1985 iacit²J
482 1907 543 1968 boo
572 1909 680 1988 vulgus
710 1909 942 1986 ignavissimum
966 1907 1061 1968 homi·

137 2011 219 2054 num.
263 1992 336 2052 Post
369 1991 448 2051 baec
476 1991 682 2068 Patriarcbas,
711 1991 874 2068 Primates,
904 1990 1063 2069 Arcbiepi·

137 2093 261 2153 scopos,
281 2074 464 2154 Episcopos,
487 2072 714 2153 Suffraganeos,
730 2073 880 2149 Vioarios,
902 2073 1063 2152 Praeposi-

138 2166 197 2234 tos,
219 2156 374 2234 Decanos,
386 2156 572 2233 Oauouieos,
586 2156 736 2234 vicarios,
749 2155 916 2232 Officiales,
929 2155 1063 2234 Scribas,

139 2245 170 2300 et
197 2241 263 2318 quis
294 2240 410 2300 faecem
441 2239 523 2317 iliam
556 2247 651 2300 totam
686 2238 845 2299 numeret?
881 2239 946 2298 lam
981 2238 1064 2298 solas

138 2323 358 2383 monachorum
381 2323 517 2382 omnium
539 2323 633 2382 iacies
660 2341 752 2382 nemo
775 2321 864 2382 facile
887 2322 1063 2382 numerarii.

139 2405 180 2465 At
202 2405 279 2466 baec
307 2412 392 2482 sunt,
424 2407 454 2464 in
485 2405 593 2484 quibus
627 2406 757 2466 iactatur
790 2404 940 2464 ecclesiae
964 2410 1062 2465 statua

138 2495 169 2549 at
189 2489 272 2550 anius
285 2489 460 2548 consistere.
495 2488 602 2566 Neque
614 2487 652 2548 de
664 2487 730 2548 aliis
751 2487 842 2548 rebus
855 2488 1065 2548 sacratissima

138 2572 190 2632 illa
215 2573 282 2632 iura
309 2591 410 2652 papae
440 2571 621 2630 sanctissimi
646 2577 793 2650 tractant,
830 2589 898 2630 oum
927 2571 996 2630 siue
1019 2570 1063 2628 bis

139 2652 277 2715 christus
300 2661 330 2713 et
351 2654 485 2732 apostoli
508 2653 668 2713 ecclesiam
697 2652 797 2714 solida
819 2655 947 2714 veritate
970 2672 1063 2732 quam

139 2738 254 2816 optimc
275 2738 427 2808 rexerint,
464 2755 522 2796 nec
553 2736 671 2796 illorum
700 2738 730 2795 in
754 2736 885 2797 ecclesia
913 2744 945 2796 et
968 2735 1063 2796 verbo

138 2818 442 2897 Deiuliusproraus
464 2829 616 2880 estuans.
659 2819 827 2899 Intelligis,
852 2819 923 2898 quid
948 2820 989 2878 sit
1012 2837 1065 2898 po·

139 2908 206 2961 teus
229 2921 284 2961 rex
304 2901 464 2962 faciebus?
496 2901 590 2962 Simul
613 2901 721 2980 ored0,
744 2901 905 2982 intelligis,
928 2901 1005 2980 quid
1027 2904 1064 2960 ait

138 2983 327 3045 abominatio
348 2985 378 3044 in
405 2986 604 3048 locosancto
629 2993 729 3063 stans,
757 2986 782 3044 si
809 2983 902 3046 modo
926 2985 1062 3064 speciem

138 3066 246 3128 borum
268 3077 297 3128 et
320 3069 475 3128 veritatem
500 3067 711 3146 apostolorum
734 3068 910 3128 contuleris.

221 3151 260 3210 Et
282 3149 453 3210 Hebraeum
477 3150 601 3228 quidem
632 3149 831 3228 vocabulum,
864 3169 918 3228 oa,
942 3158 1063 3229 potens,
1126 3191 1127 3214 i

138 3234 347 3314 propriissime
368 3232 429 3293 buo
451 3234 547 3310 valet,
581 3233 732 3312 siguificat
759 3235 840 3294 euim
868 3233 930 3292 vim
955 3233 1060 3312 genui·

138 3335 208 3374 nam
231 3316 377 3392 cuiusque
399 3317 457 3390 rei,
486 3334 546 3376 non
576 3317 739 3377 violentam
772 3317 854 3376 iiiam
878 3316 1058 3395 potentiam,

139 3415 199 3474 qua
221 3397 269 3457 vel
293 3396 637 3476 defendunturpropria,
661 3399 707 3457 vel
721 3400 820 3459 alicua
834 3405 1060 3478 oppugnantur,
1126 3471 1127 3476 η

142 3477 197 3537 sed
220 3481 298 3538 sicut
327 3477 366 3538 de
388 3480 546 3540 barbarum
570 3480 683 3540 viribus
712 3489 741 3540 et
758 3481 902 3564 potentia
925 3481 1061 3558 dicimus,
1126 3515 1127 3568 p

195 3657 227 3726 1)
248 3659 433 3716 inediam:
453 3676 468 3712 a
489 3661 566 3714 facie.
603 3660 636 3729 2)
656 3661 777 3718 Ibidem:
797 3677 858 3716 sese
877 3677 928 3730 par
944 3663 1021 3715 iacit.
1126 3673 1127 3720 i
