2250 4008
288 161 293 168 ’
314 181 441 237 Retionls
458 179 641 240 Lstontienso
657 188 708 237 ete
919 179 980 245 431

50 329 182 413 dieitur,
204 333 260 396 sed
283 341 444 414 utrumque
465 355 521 415 per
541 335 775 416 syneodoohsn,
805 340 901 396 totum
924 353 980 415 pro

50 423 166 495 parte,
202 435 278 496 prae
306 419 414 478 oeteris
437 427 537 480 sutem
558 419 590 478 in
612 419 770 499 prophetis
792 418 852 478 iste
873 427 982 499 regnet

49 516 95 557 ea
120 498 229 578 figure.
272 500 395 562 Athos
416 502 486 562 loeo
515 519 577 562 non
605 503 650 562 sie
670 507 774 582 potest
794 500 895 563 Isaiae
916 520 982 562 ver·

48 578 134 640 bum
157 581 196 642 sd
217 582 295 644 alins
318 585 473 661 eontrshi,
502 586 574 663 quis
594 603 663 644 sese
683 584 826 660 involvit,
858 602 918 645 non
942 583 981 644 sd

49 663 138 724 alios
160 663 302 748 loquitur,
317 667 396 726 siout
416 666 450 728 fit
471 669 501 727 in
523 667 687 747 praedietis
710 667 797 745 loois,
819 667 875 727 sed
897 685 982 746 pros·

50 749 249 826 opopneism
288 748 475 828 loquentium
511 750 548 809 de
579 769 613 810 se
641 751 716 829 ipsis
738 750 824 826 feeit,
857 749 977 810 disens:

50 827 177 889 Omnes
199 849 273 911 nos,
304 833 464 893 universos
492 840 616 893 nostrae
637 833 786 910 iustitiae,
807 849 867 894 non
893 833 979 893 dioit:

50 911 338 975 ffimmm

144 994 205 1056 Sed
227 1015 308 1057 nuno
329 1003 482 1077 superest,
512 997 668 1076 quomodo
691 999 750 1057 ists
771 995 910 1057 fidelibus
933 998 981 1057 tii·

50 1076 109 1135 bui
133 1079 263 1158 possint.
307 1079 346 1139 itt
368 1079 476 1157 oredo,
507 1099 569 1140 non
592 1099 661 1140 esse
683 1081 888 1140 necessarium
913 1099 981 1159 pro·

50 1158 145 1237 bere,
167 1179 222 1222 eos
245 1161 339 1222 fuisse
362 1161 469 1224 fideles
491 1170 522 1225 et
542 1165 631 1242 pios,
654 1181 722 1222 eum
747 1163 785 1222 sd
808 1181 916 1223 vooem
938 1163 981 1222 le·

51 1244 177 1303 remise
198 1243 378 1304 obedientes
398 1246 464 1305 Deo
494 1264 563 1306 sese
585 1246 740 1306 traderent
768 1247 798 1305 in
821 1245 980 1325 esptivite-

52 1332 142 1400 tem,
165 1325 216 1386 elii
239 1337 364 1406 sponte,
387 1327 438 1388 elii
460 1327 582 1388 tandem
606 1336 723 1391 ennete.
766 1325 846 1389 Nom
871 1327 981 1390 Christi

51 1415 86 1466 et
111 1408 324 1488 apostolorum
357 1429 431 1470 osro
454 1409 605 1470 sdhuein
628 1411 791 1483 illiserat,
820 1409 860 1470 ob
889 1429 980 1488 quom

54 1490 162 1550 solam
187 1509 350 1570 possumus
384 1511 439 1554 ens
467 1493 568 1554 disere
595 1494 689 1554 fuisse
710 1495 779 1573 pios
812 1499 843 1554 et
864 1492 981 1570 fideles,

55 1573 189 1651 quando
212 1593 286 1636 sune
309 1577 408 1636 earnis
430 1575 511 1636 lines
525 1578 633 1637 merito
646 1576 787 1636 medetur
808 1593 864 1655 per
883 1582 980 1636 totum

53 1675 160 1735 genus
182 1657 363 1735 humanum,
386 1659 533 1738 usquein
556 1660 703 1739 virginem
727 1665 873 1735 mstrem,
894 1676 981 1717 sono·

54 1749 124 1798 tum
159 1746 189 1799 et
225 1740 355 1802 eleotum
384 1761 488 1802 semen
510 1741 613 1806 luisse.
656 1741 764 1801 Diosm
786 1741 878 1820 igitur
898 1742 981 1820 prins

55 1823 248 1900 summatim,
270 1831 381 1903 posteo
401 1832 528 1884 textum.

145 1904 214 1985 Ego
237 1905 338 1983 dooui,
361 1924 457 1988 opero
478 1912 581 1967 nostra
606 1904 687 1964 bons
709 1924 777 1965 esse
800 1905 881 1982 telis,
903 1923 981 1985 quse

55 1987 206 2048 iudieium
230 1988 287 2048 Dei
313 1989 390 2049 ferre
417 2007 478 2050 non
502 1989 634 2069 possint,
665 1990 751 2048 iuxta
775 1986 848 2048 illud
870 1987 980 2050 Psalm.

58 2069 182 2147 143,1);
216 2069 287 2136 Non
315 2073 408 2132 intres
441 2071 513 2143 in²)
537 2070 681 2131 indioium
714 2089 782 2130 enm
806 2088 896 2131 servo
917 2077 982 2144 tuo,

57 2153 135 2231 quin
170 2172 233 2214 non
255 2153 465 2216 instiflesbitnr
494 2156 524 2213 in
547 2159 715 2233 oonspeotu
745 2163 796 2212 tno
820 2154 919 2214 omnis
942 2156 982 2213 vi·

59 2255 149 2298 sens.
174 2235 249 2296 Gom
272 2243 374 2298 sutem
389 2236 532 2298 inditium
551 2237 615 2296 eius
638 2237 678 2296 sit
699 2255 794 2296 versx
815 2242 845 2296 et
861 2237 983 2313 iustum,

58 2337 123 2380 non
148 2319 275 2380 damnet
296 2337 407 2400 opens,
435 2338 514 2398 quse
536 2337 665 2402 prorsus
684 2326 754 2380 sunt
776 2317 982 2399 inonlpsbilis,

59 2401 136 2462 nulli
168 2403 248 2462 enim
280 2401 354 2464 feeit
375 2403 532 2482 iniuriam,
569 2401 624 2462 sed
647 2403 730 2462 siout
752 2402 897 2481 seriptum
920 2410 981 2465 eet:

61 2483 175 2545 Reddit
198 2486 360 2565 unicnique
382 2484 549 2546 seeundum
572 2503 762 2565 operosus,
794 2484 865 2546 ideo
886 2487 983 2564 sequi,
1018 2503 1020 2508 ’

60 2568 145 2628 boos
174 2575 279 2628 nostro
313 2587 374 2630 non
406 2587 474 2629 esse
501 2567 599 2647 bono,
632 2569 690 2628 nisi
723 2573 870 2647 regnanto
892 2587 984 2648 snper

61 2669 120 2710 nos
149 2650 359 2712 misericordis
387 2653 471 2730 eius,
503 2659 583 2730 quse
614 2652 772 2731 ignosost,
807 2647 876 2710 e'sse
909 2669 985 2720 vern

63 2733 147 2793 mals
168 2735 317 2796 intentato
339 2751 509 2816 supernos
532 2733 645 2794 iudicio
667 2735 748 2809 eins,
780 2733 862 2812 quod
884 2733 985 2794 reddit

63 2817 238 2896 unioniqne.
274 2816 360 2878 Haeo
381 2825 428 2877 est
450 2819 500 2877 vis
522 2816 654 2877 dooendi
674 2817 790 2876 timoris
812 2825 843 2876 et
864 2818 929 2896 spei
952 2819 982 2876 in

64 2897 173 2960 Deum.
211 2899 299 2961 Hsno
320 2900 502 2981 sapientiam
525 2900 647 2978 pietatis
666 2898 901 2959 eslumnistnres
923 2903 983 2960 mei

64 2982 220 3061 dsmnsnt,
244 2989 274 3044 et
294 3002 350 3043 sus
372 3001 467 3064 opers
487 2979 612 3057 inllsnt,
635 2981 773 3042 homines
797 2983 905 3042 timore
927 2982 983 3043 Dei

18 3065 22 3075 ¹
63 3072 94 3124 et
114 3084 172 3146 spe
194 3065 343 3145 spolient,
376 3075 406 3127 et
440 3065 589 3146 superbos
621 3064 752 3126 reddunt
772 3064 983 3145 pestilentibus

65 3149 126 3207 suis
149 3147 306 3224 doctrinis,
327 3146 479 3229 lingentes
503 3166 581 3228 opus
603 3148 734 3222 bonum,
769 3147 875 3226 laude,
898 3167 983 3228 prse-

66 3222 984 3376 ‘⁰5⁰0tltfltltllli”tiltstttltttttlttlt

68 3407 163 3477 reete,
202 3407 349 3476 questum
372 3397 471 3459 sdhuo
492 3397 650 3478 intelligo,
673 3399 734 3458 imo
757 3415 838 3457 nune
859 3359 984 3478 firmius,

138 3668 168 3730 1)
188 3665 219 3720 ln
238 3666 281 3723 sd.
302 3668 385 3737 orio:
408 3667 450 3720 Ps.
473 3667 531 3721 101.
568 3662 652 3728 2)1n
672 3663 715 3716 sd.
732 3663 796 3720 ὅσα.
815 3663 906 3720 deest:
928 3667 965 3721 in.
