2262 4006
299 182 445 245 Ambrosii
465 183 575 263 Gamer-
595 201 619 242 o
639 183 718 245 1521.
920 176 982 252 351

54 359 129 404 eum
156 347 248 410 ruent
269 340 424 412 hominem
447 340 585 421 petenti,
614 345 644 406 et
672 339 766 402 tilium
795 337 985 417 perditionis,

52 425 121 492 hon
146 433 202 500 est,
223 423 433 506 legislatorem
454 423 644 489 arbitrarium
668 431 698 485 et
719 423 933 503 impiissimum
953 422 985 484 in

53 507 164 581 rebus,
187 527 266 588 quse
289 508 402 571 liberae
424 507 523 569 fontes
546 513 617 568 sunt
637 526 693 587 per
715 504 868 570 christum
891 506 986 568 omni-

52 590 114 656 bus
147 590 295 652 fidelibus.
351 590 530 652 Dnmnnbor
560 590 610 653 hie
637 610 656 650 s
685 590 875 652 Sonotissimi
908 589 986 649 illius

52 673 261 750 satellitibus,
294 680 325 734 et
353 673 515 737 Vstdeusis
548 693 586 735 eo
621 675 810 755 Viglephistn
840 672 985 734 vonsbor.

53 756 121 818 Sed
147 757 257 818 Daniel
281 776 328 816 me
351 757 468 817 solatur
489 756 593 816 disens
615 757 646 816 in
668 758 750 818 huno
767 755 988 832 sntinhristum,

54 841 173 920 Capite
197 842 248 912 12:
272 840 369 904 Deum
383 841 513 903 Moerim
531 841 690 900 structuris
708 841 770 901 suis
784 837 987 907 venerabitur,

54 927 89 984 et
111 925 226 995 Deum,
248 942 338 1002 quem
361 923 580 1001 ignoraverunt
600 923 705 984 Patres
728 924 788 998 sui,
809 922 891 984 nolet
912 940 987 990 suro

55 1013 88 1066 et
112 1014 261 1086 argento,
291 1013 322 1067 et
348 1005 451 1084 lupide
474 1007 626 1084 pretioso,
660 1015 691 1069 et
723 1006 813 1067 rebus
836 1006 988 1084 pretiosis.

54 1089 99 1156 Et
121 1089 225 1166 isoiet,
248 1095 279 1152 ut
303 1089 418 1150 muniat
429 1089 559 1152 Moerim
584 1109 652 1150 oum
673 1090 740 1150 Deo
763 1089 874 1166 alieno,
898 1107 988 1166 quern

55 1191 124 1232 uon
149 1171 311 1252 cognovit,
333 1178 364 1232 et
385 1171 599 1251 multiplicabit
618 1172 762 1252 glorium,
786 1179 815 1232 et
838 1169 922 1232 dubit
944 1171 988 1233 sis

56 1261 250 1332 potestatem
279 1256 309 1316 in
340 1253 456 1329 multis,
490 1262 521 1316 et
553 1263 663 1316 terrem
698 1255 813 1316 dividet
845 1255 988 1332 gratuito

56 1337 183 1403 Suffinit
205 1336 278 1398 mihi
307 1356 416 1413 nosse,
447 1337 526 1401 haee
556 1339 659 1400 omnin
687 1337 784 1401 libers
810 1355 896 1417 esse,
926 1355 989 1400 nou

57 1422 240 1485 necessaris
261 1419 299 1480 nd
322 1420 467 1499 salutem,
495 1421 566 1483 ideo
594 1419 805 1482 erudelissima
833 1421 990 1499 impietate

58 1510 91 1564 et
122 1504 221 1566 solius
249 1503 418 1567 autiehristi
453 1504 614 1584 tyrannide
640 1504 670 1564 in
697 1510 863 1584 praesepto
885 1521 990 1564 nones*
1048 1531 1059 1542 ν

59 1589 146 1648 soris
169 1594 222 1648 sut
250 1586 335 1647 utilis
356 1585 469 1664 redigi,
500 1605 562 1666 quo
595 1587 833 1666 multiplicentur
860 1591 991 1664 penosts

61 1679 92 1730 et
115 1669 316 1750 perditiones.
358 1669 465 1728 Fnoies
478 1671 559 1730 enim
573 1676 653 1742 sunt,
677 1689 739 1730 non
753 1688 864 1748 eorpus
878 1670 989 1748 ipsum.

150 1752 317 1831 Septimum
358 1752 466 1813 saniem
505 1753 661 1832 oppetisse
694 1753 781 1832 linet,
816 1753 988 1814 universum

61 1835 149 1898 illum
174 1834 302 1900 ebusum
324 1834 435 1896 llissse
457 1853 527 1896 oum
548 1834 726 1896 solennibus
748 1836 828 1912 suis,
854 1854 923 1894 eum
948 1835 987 1898 ri·

62 1919 163 1997 giliis,
194 1937 262 1978 oum
286 1918 515 1993 anniversariis,
543 1917 793 1994 fundationibus,
817 1917 989 1997 sepulturis,

64 2011 94 2066 et
119 2003 222 2061 totum
241 2001 398 2080 negotium
423 2019 479 2079 pro
502 2000 650 2062 deiunotis
668 2000 866 2062 eelebrstum.
910 1998 990 2074 Quid

63 2086 146 2146 euim
172 2083 221 2150 hio
248 2083 305 2142 nisi
336 2081 429 2144 lanies
459 2089 505 2142 est
533 2085 671 2164 pietatis,
702 2084 849 2163 populum
882 2081 990 2148 tollens

64 2174 95 2226 nt
126 2163 319 2245 deglubsnsi
362 2165 432 2225 Nun
464 2167 544 2226 enim
579 2167 650 2228 ideo
685 2167 809 2230 Missam
841 2165 989 2228 hebemus

64 2248 169 2325 bodie,
191 2255 224 2308 ut
245 2249 463 2327 participemus
485 2248 524 2309 de
545 2249 642 2320 altori,
665 2259 695 2308 et
716 2248 916 2326 Evangelium
939 2267 990 2318 nu·

66 2331 204 2407 diamur,
233 2330 293 2390 hoe
316 2336 362 2390 est
384 2333 465 2394 enim
488 2350 595 2392 revers
617 2332 740 2395 llissnm
763 2330 885 2392 hebere.
929 2329 990 2400 Sed

67 2413 151 2474 velut
176 2412 289 2479 bonum
313 2431 392 2493 opus
408 2414 653 2493 multiplinsmus‚
676 2421 706 2474 st
729 2415 789 2474 ism
813 2413 909 2494 mngis
933 2431 989 2491 pro

67 2497 213 2570 mortuis,
241 2515 332 2576 quom
359 2515 415 2574 pro
439 2496 515 2558 vivis
538 2515 576 2557 ss
596 2497 723 2570 utimur,
738 2497 802 2556 'nisi
825 2494 907 2575 quod
929 2495 991 2554 vivi

66 2577 230 2646 ssoriiiouli
252 2577 313 2640 hon
335 2578 437 2642 offusio
451 2580 563 2640 vietum
577 2578 785 2641 foedissimum
802 2578 857 2638 sibi
873 2583 991 2656 parunt.

67 2659 210 2740 Denique
231 2662 317 2740 qussi
341 2661 435 2722 Misso
462 2660 501 2724 sd
529 2662 777 2724 eommunionem
807 2661 880 2722 nihil
903 2661 991 2739 perti,

67 2751 157 2816 nent,
190 2742 420 2812 Sacramentum
450 2745 578 2806 seorsim
601 2749 689 2807 extra
711 2745 834 2804 Missam
868 2748 992 2810 servunt

67 2827 96 2887 in
120 2845 208 2892 usum
231 2823 430 2903 intirmorum,
453 2845 490 2887 nn
501 2827 632 2905 egregiis
645 2827 854 2888 Moustrnntiis
866 2825 991 2892 nimum·

70 2909 169 2970 ierunt
190 2907 273 2971 velut
294 2908 526 2980 osteutseulum.
570 2907 683 2970 Omnis
705 2909 784 2970 hoen
805 2915 877 2970 sunt
897 2907 990 2971 homi·

70 3011 141 3055 num
163 2992 298 3065 invento,
319 3010 468 3071 nusquam
492 2990 590 3052 niteo
612 2998 787 3070 praesepis,
809 3009 868 3052 uso
889 3009 993 3052 nenes-

71 3075 168 3150 ssrin,
190 3075 252 3138 imo
274 3073 369 3152 impis
390 3080 421 3136 et
440 3073 611 3152 prohibitu,
632 3075 811 3153 praesertim
836 3093 891 3148 es,
914 3091 993 3151 ques

73 3157 108 3220 de
131 3157 225 3224 llissn
252 3157 383 3236 sopiunt.
428 3158 467 3218 At
495 3158 705 3218 sanctissimus
736 3163 932 3237 pennatorum
963 3161 994 3215 et

71 3239 249 3320 perditionis
277 3237 346 3301 inus
375 3258 413 3300 es
440 3239 524 3317 dogit
551 3241 580 3298 in
613 3245 780 3320 praesepto
809 3238 992 3314 assessoris,

74 3329 103 3384 nt
123 3321 294 3391 hoeretinus
315 3321 407 3385 etism
431 3322 480 3396 sit,
502 3322 528 3380 si
549 3322 616 3401 quis
633 3321 681 3382 vel
704 3322 812 3384 mutiet
834 3328 949 3386 nontrs.

153 3403 273 3477 Oetnrn
294 3410 341 3466 est
362 3403 497 3472 delectus
518 3404 571 3466 ille
593 3404 729 3469 niborum
747 3413 777 3464 nt
798 3403 992 3480 ieiuniorum,

76 3505 151 3566 quse
186 3485 282 3554 libers
308 3505 365 3566 per
398 3506 505 3550 omues
543 3486 607 3548 dies
635 3493 715 3551 suut.
758 3487 800 3547 At
826 3485 919 3554 hodie
947 3487 994 3552 sis

76 3571 231 3643 ieiunetur,
253 3586 314 3633 non
338 3577 370 3629 ut
392 3588 465 3630 noro
489 3568 695 3646 dimittuntur,
717 3568 771 3636 sed
794 3567 992 3646 quintiorum

77 3670 150 3734 opus
171 3651 221 3734 sit,
242 3651 304 3744 boo
325 3651 375 3714 die
396 3651 566 3734 ieiunum,
595 3653 655 3718 isto
677 3660 707 3714 et
727 3652 787 3715 isto
810 3649 880 3722 oibo
903 3651 992 3716 obstin
