<?xml version="1.0" encoding="UTF-8"?>
<!DOCTYPE html PUBLIC "-//W3C//DTD XHTML 1.0 Transitional//EN"
    "http://www.w3.org/TR/xhtml1/DTD/xhtml1-transitional.dtd">
<html xmlns="http://www.w3.org/1999/xhtml" xml:lang="en" lang="en">
 <head>
  <title>
</title>
<meta http-equiv="Content-Type" content="text/html;charset=utf-8" />
  <meta name='ocr-system' content='tesseract 3.04.00' />
  <meta name='ocr-capabilities' content='ocr_page ocr_carea ocr_par ocr_line ocrx_word'/>
</head>
<body>
  <div class='ocr_page' id='page_1' title='image "./operalatinavari03schmgoog_0368.png"; bbox 0 0 2262 4006; ppageno 0'>
   <div class='ocr_carea' id='block_1_1' title="bbox 247 185 996 281">
    <p class='ocr_par' dir='ltr' id='par_1_1' title="bbox 247 185 996 281">
     <span class='ocr_line' id='line_1_1' title="bbox 247 185 996 281; baseline 0.013 -37"><span class='ocrx_word' id='word_1_1' title='bbox 247 269 254 281; x_wconf 80' lang='lat'><strong><em>.</em></strong></span> <span class='ocrx_word' id='word_1_2' title='bbox 322 189 462 256; x_wconf 63' lang='lat' dir='ltr'>umbroso</span> <span class='ocrx_word' id='word_1_3' title='bbox 482 190 591 244; x_wconf 69' lang='lat' dir='ltr'>cerne.</span> <span class='ocrx_word' id='word_1_4' title='bbox 611 205 634 244; x_wconf 74' lang='lat' dir='ltr'>s.</span> <span class='ocrx_word' id='word_1_5' title='bbox 658 189 734 247; x_wconf 76' lang='lat' dir='ltr'>tesi.</span> <span class='ocrx_word' id='word_1_6' title='bbox 934 185 996 254; x_wconf 75' lang='lat' dir='ltr'>ent</span> 
     </span>
    </p>
   </div>
   <div class='ocr_carea' id='block_1_2' title="bbox 58 340 1069 3754">
    <p class='ocr_par' dir='ltr' id='par_1_2' title="bbox 58 340 997 2156">
     <span class='ocr_line' id='line_1_2' title="bbox 59 340 996 427; baseline 0.003 -24"><span class='ocrx_word' id='word_1_7' title='bbox 59 343 379 425; x_wconf 80' lang='lat' dir='ltr'>superstitiosissimis</span> <span class='ocrx_word' id='word_1_8' title='bbox 394 352 424 407; x_wconf 87' lang='lat' dir='ltr'>et</span> <span class='ocrx_word' id='word_1_9' title='bbox 440 344 701 427; x_wconf 60' lang='lat' dir='ltr'>propositionibus</span> <span class='ocrx_word' id='word_1_10' title='bbox 716 340 918 426; x_wconf 75' lang='lat' dir='ltr'>iallseissimjs</span> <span class='ocrx_word' id='word_1_11' title='bbox 942 363 996 406; x_wconf 90' lang='lat' dir='ltr'>eos</span> 
     </span>
     <span class='ocr_line' id='line_1_3' title="bbox 58 428 995 506; baseline 0 -18"><span class='ocrx_word' id='word_1_12' title='bbox 58 429 178 491; x_wconf 83' lang='lat' dir='ltr'>vivers</span> <span class='ocrx_word' id='word_1_13' title='bbox 207 429 453 491; x_wconf 86' lang='lat' dir='ltr'>mundanissimis</span> <span class='ocrx_word' id='word_1_14' title='bbox 475 429 626 506; x_wconf 90' lang='lat' dir='ltr'>moribus,</span> <span class='ocrx_word' id='word_1_15' title='bbox 662 435 692 491; x_wconf 84' lang='lat' dir='ltr'>st</span> <span class='ocrx_word' id='word_1_16' title='bbox 720 435 822 490; x_wconf 82' lang='lat' dir='ltr'>temen</span> <span class='ocrx_word' id='word_1_17' title='bbox 857 428 995 489; x_wconf 83' lang='lat' dir='ltr'>videntes</span> 
     </span>
     <span class='ocr_line' id='line_1_4' title="bbox 58 513 994 593; baseline 0 -21"><span class='ocrx_word' id='word_1_18' title='bbox 58 513 300 593; x_wconf 79' lang='lat' dir='ltr'>palpantesque</span> <span class='ocrx_word' id='word_1_19' title='bbox 311 513 461 576; x_wconf 77' lang='lat' dir='ltr'>Christum</span> <span class='ocrx_word' id='word_1_20' title='bbox 486 514 523 574; x_wconf 87' lang='lat' dir='ltr'>ab</span> <span class='ocrx_word' id='word_1_21' title='bbox 536 515 579 575; x_wconf 89' lang='lat' dir='ltr'>eis</span> <span class='ocrx_word' id='word_1_22' title='bbox 597 531 664 574; x_wconf 87' lang='lat' dir='ltr'>esse</span> <span class='ocrx_word' id='word_1_23' title='bbox 677 514 883 590; x_wconf 76' lang='lat' dir='ltr'>remotiorem,</span> <span class='ocrx_word' id='word_1_24' title='bbox 904 531 994 593; x_wconf 85' lang='lat' dir='ltr'>quem</span> 
     </span>
     <span class='ocr_line' id='line_1_5' title="bbox 61 594 995 676; baseline 0 -20"><span class='ocrx_word' id='word_1_25' title='bbox 61 597 331 659; x_wconf 65' lang='lat' dir='ltr'>occidentem‘ab</span> <span class='ocrx_word' id='word_1_26' title='bbox 354 598 486 676; x_wconf 89' lang='lat' dir='ltr'>oriente,</span> <span class='ocrx_word' id='word_1_27' title='bbox 509 613 569 658; x_wconf 86' lang='lat' dir='ltr'>non</span> <span class='ocrx_word' id='word_1_28' title='bbox 594 597 706 658; x_wconf 83' lang='lat' dir='ltr'>audent</span> <span class='ocrx_word' id='word_1_29' title='bbox 728 597 890 672; x_wconf 77' lang='lat' dir='ltr'>affirmare,</span> <span class='ocrx_word' id='word_1_30' title='bbox 913 594 995 675; x_wconf 87' lang='lat' dir='ltr'>quod</span> 
     </span>
     <span class='ocr_line' id='line_1_6' title="bbox 60 679 997 761; baseline 0.001 -22"><span class='ocrx_word' id='word_1_31' title='bbox 60 681 220 742; x_wconf 86' lang='lat' dir='ltr'>sentiunt.</span> <span class='ocrx_word' id='word_1_32' title='bbox 264 679 342 756; x_wconf 73' lang='lat' dir='ltr'>Quis</span> <span class='ocrx_word' id='word_1_33' title='bbox 364 685 485 740; x_wconf 86' lang='lat' dir='ltr'>strenue</span> <span class='ocrx_word' id='word_1_34' title='bbox 507 681 556 741; x_wconf 90' lang='lat' dir='ltr'>bic</span> <span class='ocrx_word' id='word_1_35' title='bbox 587 681 695 761; x_wconf 84' lang='lat' dir='ltr'>vulgus</span> <span class='ocrx_word' id='word_1_36' title='bbox 718 680 936 741; x_wconf 76' lang='lat' dir='ltr'>monachorum</span> <span class='ocrx_word' id='word_1_37' title='bbox 966 686 997 740; x_wconf 85' lang='lat' dir='ltr'>et</span> 
     </span>
     <span class='ocr_line' id='line_1_7' title="bbox 60 763 995 846; baseline 0.003 -25"><span class='ocrx_word' id='word_1_38' title='bbox 60 764 220 824; x_wconf 80' lang='lat' dir='ltr'>universa</span> <span class='ocrx_word' id='word_1_39' title='bbox 241 781 341 844; x_wconf 84' lang='lat' dir='ltr'>papae</span> <span class='ocrx_word' id='word_1_40' title='bbox 373 763 466 824; x_wconf 83' lang='lat' dir='ltr'>iacies</span> <span class='ocrx_word' id='word_1_41' title='bbox 497 763 602 826; x_wconf 88' lang='lat' dir='ltr'>obiicit</span> <span class='ocrx_word' id='word_1_42' title='bbox 634 765 714 825; x_wconf 83' lang='lat' dir='ltr'>hanc</span> <span class='ocrx_word' id='word_1_43' title='bbox 742 764 995 846; x_wconf 76' lang='lat' dir='ltr'>propositionem,</span> 
     </span>
     <span class='ocr_line' id='line_1_8' title="bbox 61 839 994 929; baseline 0.001 -23"><span class='ocrx_word' id='word_1_44' title='bbox 61 847 279 926; x_wconf 75' lang='lat' dir='ltr'>principatum</span> <span class='ocrx_word' id='word_1_45' title='bbox 309 839 586 908; x_wconf 80' lang='lat' dir='ltr'>ferendum·¹etiem</span> <span class='ocrx_word' id='word_1_46' title='bbox 617 849 687 908; x_wconf 88' lang='lat' dir='ltr'>meli</span> <span class='ocrx_word' id='word_1_47' title='bbox 711 848 874 929; x_wconf 87' lang='lat' dir='ltr'>Principis,</span> <span class='ocrx_word' id='word_1_48' title='bbox 909 848 994 927; x_wconf 82' lang='lat' dir='ltr'>qussi</span> 
     </span>
     <span class='ocr_line' id='line_1_9' title="bbox 61 929 996 1012; baseline 0.002 -24"><span class='ocrx_word' id='word_1_49' title='bbox 61 930 94 988; x_wconf 92' lang='lat' dir='ltr'>in</span> <span class='ocrx_word' id='word_1_50' title='bbox 128 937 248 1010; x_wconf 85' lang='lat' dir='ltr'>pspstu</span> <span class='ocrx_word' id='word_1_51' title='bbox 279 929 316 990; x_wconf 88' lang='lat' dir='ltr'>de</span> <span class='ocrx_word' id='word_1_52' title='bbox 344 930 507 1011; x_wconf 85' lang='lat' dir='ltr'>Principis,</span> <span class='ocrx_word' id='word_1_53' title='bbox 540 951 577 992; x_wconf 87' lang='lat' dir='ltr'>so</span> <span class='ocrx_word' id='word_1_54' title='bbox 609 950 669 992; x_wconf 91' lang='lat' dir='ltr'>non</span> <span class='ocrx_word' id='word_1_55' title='bbox 703 931 798 994; x_wconf 91' lang='lat' dir='ltr'>multo</span> <span class='ocrx_word' id='word_1_56' title='bbox 832 931 928 1012; x_wconf 76' lang='lat' dir='ltr'>ursgds</span> <span class='ocrx_word' id='word_1_57' title='bbox 957 930 996 991; x_wconf 89' lang='lat' dir='ltr'>de</span> 
     </span>
     <span class='ocr_line' id='line_1_10' title="bbox 60 1012 995 1096; baseline 0.002 -25"><span class='ocrx_word' id='word_1_58' title='bbox 60 1012 170 1092; x_wconf 92' lang='lat' dir='ltr'>ipsius</span> <span class='ocrx_word' id='word_1_59' title='bbox 195 1014 381 1093; x_wconf 78' lang='lat' dir='ltr'>principatus</span> <span class='ocrx_word' id='word_1_60' title='bbox 403 1014 647 1096; x_wconf 85' lang='lat' dir='ltr'>melitiaegetur.</span> <span class='ocrx_word' id='word_1_61' title='bbox 693 1013 781 1075; x_wconf 88' lang='lat' dir='ltr'>Aliud</span> <span class='ocrx_word' id='word_1_62' title='bbox 795 1015 874 1075; x_wconf 89' lang='lat' dir='ltr'>enim</span> <span class='ocrx_word' id='word_1_63' title='bbox 898 1030 995 1093; x_wconf 87' lang='lat' dir='ltr'>genus</span> 
     </span>
     <span class='ocr_line' id='line_1_11' title="bbox 62 1096 995 1177; baseline 0 -21"><span class='ocrx_word' id='word_1_64' title='bbox 62 1100 115 1156; x_wconf 87' lang='lat' dir='ltr'>est</span> <span class='ocrx_word' id='word_1_65' title='bbox 140 1096 341 1175; x_wconf 77' lang='lat' dir='ltr'>principatus,</span> <span class='ocrx_word' id='word_1_66' title='bbox 365 1096 445 1176; x_wconf 86' lang='lat' dir='ltr'>quod</span> <span class='ocrx_word' id='word_1_67' title='bbox 460 1116 540 1177; x_wconf 85' lang='lat' dir='ltr'>pepe</span> <span class='ocrx_word' id='word_1_68' title='bbox 558 1097 659 1175; x_wconf 84' lang='lat' dir='ltr'>hebet,</span> <span class='ocrx_word' id='word_1_69' title='bbox 682 1097 719 1158; x_wconf 91' lang='lat' dir='ltr'>ab</span> <span class='ocrx_word' id='word_1_70' title='bbox 734 1096 874 1158; x_wconf 88' lang='lat' dir='ltr'>omuibus</span> <span class='ocrx_word' id='word_1_71' title='bbox 890 1097 995 1157; x_wconf 87' lang='lat' dir='ltr'>mundi</span> 
     </span>
     <span class='ocr_line' id='line_1_12' title="bbox 60 1177 993 1260; baseline 0.003 -23"><span class='ocrx_word' id='word_1_72' title='bbox 60 1177 311 1258; x_wconf 83' lang='lat' dir='ltr'>principatibus,</span> <span class='ocrx_word' id='word_1_73' title='bbox 335 1181 395 1260; x_wconf 90' lang='lat' dir='ltr'>qui,</span> <span class='ocrx_word' id='word_1_74' title='bbox 418 1180 481 1241; x_wconf 84' lang='lat' dir='ltr'>sive</span> <span class='ocrx_word' id='word_1_75' title='bbox 503 1181 575 1242; x_wconf 93' lang='lat' dir='ltr'>boni</span> <span class='ocrx_word' id='word_1_76' title='bbox 599 1181 664 1242; x_wconf 83' lang='lat' dir='ltr'>sive</span> <span class='ocrx_word' id='word_1_77' title='bbox 686 1180 756 1242; x_wconf 85' lang='lat' dir='ltr'>meli</span> <span class='ocrx_word' id='word_1_78' title='bbox 779 1181 904 1258; x_wconf 85' lang='lat' dir='ltr'>luerint,</span> <span class='ocrx_word' id='word_1_79' title='bbox 932 1196 993 1241; x_wconf 90' lang='lat' dir='ltr'>non</span> 
     </span>
     <span class='ocr_line' id='line_1_13' title="bbox 62 1263 994 1345; baseline 0.004 -25"><span class='ocrx_word' id='word_1_80' title='bbox 62 1269 197 1340; x_wconf 85' lang='lat' dir='ltr'>nocent,</span> <span class='ocrx_word' id='word_1_81' title='bbox 221 1263 246 1323; x_wconf 90' lang='lat' dir='ltr'>si</span> <span class='ocrx_word' id='word_1_82' title='bbox 268 1263 442 1328; x_wconf 84' lang='lat' dir='ltr'>tolerentur.</span> <span class='ocrx_word' id='word_1_83' title='bbox 485 1265 526 1326; x_wconf 84' lang='lat' dir='ltr'>At</span> <span class='ocrx_word' id='word_1_84' title='bbox 537 1271 666 1345; x_wconf 82' lang='lat' dir='ltr'>papatus</span> <span class='ocrx_word' id='word_1_85' title='bbox 688 1266 714 1324; x_wconf 93' lang='lat' dir='ltr'>is</span> <span class='ocrx_word' id='word_1_86' title='bbox 737 1271 784 1326; x_wconf 88' lang='lat' dir='ltr'>est</span> <span class='ocrx_word' id='word_1_87' title='bbox 796 1264 994 1345; x_wconf 87' lang='lat' dir='ltr'>principatus,</span> 
     </span>
     <span class='ocr_line' id='line_1_14' title="bbox 62 1343 993 1429; baseline 0.002 -25"><span class='ocrx_word' id='word_1_88' title='bbox 62 1345 119 1423; x_wconf 92' lang='lat' dir='ltr'>qui</span> <span class='ocrx_word' id='word_1_89' title='bbox 155 1343 279 1406; x_wconf 81' lang='lat' dir='ltr'>verbum</span> <span class='ocrx_word' id='word_1_90' title='bbox 308 1353 339 1406; x_wconf 87' lang='lat' dir='ltr'>et</span> <span class='ocrx_word' id='word_1_91' title='bbox 365 1345 454 1408; x_wconf 86' lang='lat' dir='ltr'>fldem</span> <span class='ocrx_word' id='word_1_92' title='bbox 483 1349 665 1429; x_wconf 79' lang='lat' dir='ltr'>exstinguit,</span> <span class='ocrx_word' id='word_1_93' title='bbox 696 1347 806 1408; x_wconf 89' lang='lat' dir='ltr'>erectis</span> <span class='ocrx_word' id='word_1_94' title='bbox 832 1348 862 1408; x_wconf 92' lang='lat' dir='ltr'>iu</span> <span class='ocrx_word' id='word_1_95' title='bbox 892 1345 993 1408; x_wconf 90' lang='lat' dir='ltr'>locum</span> 
     </span>
     <span class='ocr_line' id='line_1_15' title="bbox 63 1425 995 1510; baseline 0.003 -23"><span class='ocrx_word' id='word_1_96' title='bbox 63 1446 179 1488; x_wconf 85' lang='lat' dir='ltr'>eorum</span> <span class='ocrx_word' id='word_1_97' title='bbox 202 1425 337 1490; x_wconf 82' lang='lat' dir='ltr'>faciebus</span> <span class='ocrx_word' id='word_1_98' title='bbox 360 1436 390 1490; x_wconf 89' lang='lat' dir='ltr'>ct</span> <span class='ocrx_word' id='word_1_99' title='bbox 406 1429 676 1510; x_wconf 83' lang='lat' dir='ltr'>propositionibus,</span> <span class='ocrx_word' id='word_1_100' title='bbox 698 1429 834 1494; x_wconf 76' lang='lat' dir='ltr'>faciebus</span> <span class='ocrx_word' id='word_1_101' title='bbox 847 1449 904 1510; x_wconf 87' lang='lat' dir='ltr'>pro</span> <span class='ocrx_word' id='word_1_102' title='bbox 925 1429 995 1508; x_wconf 85' lang='lat' dir='ltr'>ilde,</span> 
     </span>
     <span class='ocr_line' id='line_1_16' title="bbox 62 1509 996 1592; baseline 0.003 -23"><span class='ocrx_word' id='word_1_103' title='bbox 62 1509 334 1590; x_wconf 79' lang='lat' dir='ltr'>propositionibus</span> <span class='ocrx_word' id='word_1_104' title='bbox 368 1531 423 1592; x_wconf 90' lang='lat' dir='ltr'>pro</span> <span class='ocrx_word' id='word_1_105' title='bbox 457 1512 559 1574; x_wconf 85' lang='lat' dir='ltr'>verbo.</span> <span class='ocrx_word' id='word_1_106' title='bbox 618 1513 691 1575; x_wconf 87' lang='lat' dir='ltr'>Ideo</span> <span class='ocrx_word' id='word_1_107' title='bbox 724 1513 916 1576; x_wconf 77' lang='lat' dir='ltr'>sdversarius</span> <span class='ocrx_word' id='word_1_108' title='bbox 941 1517 996 1574; x_wconf 90' lang='lat' dir='ltr'>&#39;est</span> 
     </span>
     <span class='ocr_line' id='line_1_17' title="bbox 65 1593 994 1676; baseline 0.001 -21"><span class='ocrx_word' id='word_1_109' title='bbox 65 1593 204 1670; x_wconf 76' lang='lat' dir='ltr'>Christi,</span> <span class='ocrx_word' id='word_1_110' title='bbox 231 1596 281 1674; x_wconf 90' lang='lat' dir='ltr'>qui</span> <span class='ocrx_word' id='word_1_111' title='bbox 304 1602 413 1673; x_wconf 90' lang='lat' dir='ltr'>potens</span> <span class='ocrx_word' id='word_1_112' title='bbox 435 1601 482 1657; x_wconf 84' lang='lat' dir='ltr'>est</span> <span class='ocrx_word' id='word_1_113' title='bbox 502 1597 607 1676; x_wconf 87' lang='lat' dir='ltr'>spiritu</span> <span class='ocrx_word' id='word_1_114' title='bbox 630 1595 700 1658; x_wconf 85' lang='lat' dir='ltr'>fidei</span> <span class='ocrx_word' id='word_1_115' title='bbox 723 1596 869 1659; x_wconf 74' lang='lat' dir='ltr'>adsersus</span> <span class='ocrx_word' id='word_1_116' title='bbox 890 1595 994 1675; x_wconf 88' lang='lat' dir='ltr'>iacies,</span> 
     </span>
     <span class='ocr_line' id='line_1_18' title="bbox 65 1675 993 1762; baseline 0.004 -26"><span class='ocrx_word' id='word_1_117' title='bbox 65 1683 98 1736; x_wconf 87' lang='lat' dir='ltr'>et</span> <span class='ocrx_word' id='word_1_118' title='bbox 122 1675 220 1738; x_wconf 87' lang='lat' dir='ltr'>verbo</span> <span class='ocrx_word' id='word_1_119' title='bbox 244 1677 379 1739; x_wconf 77' lang='lat' dir='ltr'>veritatis</span> <span class='ocrx_word' id='word_1_120' title='bbox 398 1676 543 1740; x_wconf 86' lang='lat' dir='ltr'>adversus</span> <span class='ocrx_word' id='word_1_121' title='bbox 556 1681 793 1761; x_wconf 86' lang='lat' dir='ltr'>propositiones.</span> <span class='ocrx_word' id='word_1_122' title='bbox 837 1679 905 1740; x_wconf 85' lang='lat' dir='ltr'>Non</span> <span class='ocrx_word' id='word_1_123' title='bbox 919 1699 993 1762; x_wconf 85' lang='lat' dir='ltr'>ergo</span> 
     </span>
     <span class='ocr_line' id='line_1_19' title="bbox 64 1759 992 1844; baseline 0.003 -25"><span class='ocrx_word' id='word_1_124' title='bbox 64 1760 230 1840; x_wconf 83' lang='lat' dir='ltr'>principis,</span> <span class='ocrx_word' id='word_1_125' title='bbox 252 1759 306 1820; x_wconf 92' lang='lat' dir='ltr'>sed</span> <span class='ocrx_word' id='word_1_126' title='bbox 328 1762 515 1842; x_wconf 75' lang='lat' dir='ltr'>principatus</span> <span class='ocrx_word' id='word_1_127' title='bbox 537 1763 614 1823; x_wconf 86' lang='lat' dir='ltr'>hese</span> <span class='ocrx_word' id='word_1_128' title='bbox 637 1763 753 1825; x_wconf 83' lang='lat' dir='ltr'>mulitia</span> <span class='ocrx_word' id='word_1_129' title='bbox 774 1763 919 1844; x_wconf 77' lang='lat' dir='ltr'>arguitur,</span> <span class='ocrx_word' id='word_1_130' title='bbox 943 1763 992 1844; x_wconf 90' lang='lat' dir='ltr'>qui</span> 
     </span>
     <span class='ocr_line' id='line_1_20' title="bbox 65 1842 993 1928; baseline 0.004 -26"><span class='ocrx_word' id='word_1_131' title='bbox 65 1842 139 1903; x_wconf 89' lang='lat' dir='ltr'>talis</span> <span class='ocrx_word' id='word_1_132' title='bbox 163 1851 220 1918; x_wconf 89' lang='lat' dir='ltr'>est,</span> <span class='ocrx_word' id='word_1_133' title='bbox 244 1849 277 1903; x_wconf 91' lang='lat' dir='ltr'>ut</span> <span class='ocrx_word' id='word_1_134' title='bbox 298 1843 380 1904; x_wconf 88' lang='lat' dir='ltr'>bono</span> <span class='ocrx_word' id='word_1_135' title='bbox 425 1845 540 1926; x_wconf 88' lang='lat' dir='ltr'>rinoipe</span> <span class='ocrx_word' id='word_1_136' title='bbox 563 1863 624 1907; x_wconf 90' lang='lat' dir='ltr'>non</span> <span class='ocrx_word' id='word_1_137' title='bbox 653 1846 750 1928; x_wconf 90' lang='lat' dir='ltr'>possit</span> <span class='ocrx_word' id='word_1_138' title='bbox 781 1846 993 1928; x_wconf 75' lang='lat' dir='ltr'>administrari,</span> 
     </span>
     <span class='ocr_line' id='line_1_21' title="bbox 67 1865 995 2012; baseline 0.005 -27"><span class='ocrx_word' id='word_1_139' title='bbox 67 1925 125 1986; x_wconf 85' lang='lat' dir='ltr'>scd</span> <span class='ocrx_word' id='word_1_140' title='bbox 149 1925 218 1986; x_wconf 89' lang='lat' dir='ltr'>solo</span> <span class='ocrx_word' id='word_1_141' title='bbox 242 1925 351 1988; x_wconf 84' lang='lat' dir='ltr'>Christi</span> <span class='ocrx_word' id='word_1_142' title='bbox 375 1865 559 2003; x_wconf 60' lang='lat' dir='ltr'>adversario,</span> <span class='ocrx_word' id='word_1_143' title='bbox 583 1930 634 2010; x_wconf 86' lang='lat' dir='ltr'>qui</span> <span class='ocrx_word' id='word_1_144' title='bbox 655 1929 749 1991; x_wconf 83' lang='lat' dir='ltr'>iacies</span> <span class='ocrx_word' id='word_1_145' title='bbox 771 1929 995 2012; x_wconf 88' lang='lat' dir='ltr'>etpropcsitio-</span> 
     </span>
     <span class='ocr_line' id='line_1_22' title="bbox 68 2008 993 2089; baseline 0.004 -21"><span class='ocrx_word' id='word_1_146' title='bbox 68 2027 137 2086; x_wconf 86' lang='lat' dir='ltr'>nes,</span> <span class='ocrx_word' id='word_1_147' title='bbox 161 2008 308 2070; x_wconf 88' lang='lat' dir='ltr'>adversus</span> <span class='ocrx_word' id='word_1_148' title='bbox 330 2009 420 2071; x_wconf 83' lang='lat' dir='ltr'>iidem</span> <span class='ocrx_word' id='word_1_149' title='bbox 444 2019 474 2072; x_wconf 88' lang='lat' dir='ltr'>et</span> <span class='ocrx_word' id='word_1_150' title='bbox 496 2011 620 2073; x_wconf 88' lang='lat' dir='ltr'>verbum</span> <span class='ocrx_word' id='word_1_151' title='bbox 644 2013 716 2089; x_wconf 86' lang='lat' dir='ltr'>Dei,</span> <span class='ocrx_word' id='word_1_152' title='bbox 739 2019 868 2074; x_wconf 83' lang='lat' dir='ltr'>stertens</span> <span class='ocrx_word' id='word_1_153' title='bbox 892 2019 922 2072; x_wconf 88' lang='lat' dir='ltr'>et</span> <span class='ocrx_word' id='word_1_154' title='bbox 944 2029 993 2072; x_wconf 90' lang='lat' dir='ltr'>os·</span> 
     </span>
     <span class='ocr_line' id='line_1_23' title="bbox 68 2091 631 2156; baseline 0.005 -4"><span class='ocrx_word' id='word_1_155' title='bbox 68 2093 171 2152; x_wconf 83' lang='lat' dir='ltr'>nitens</span> <span class='ocrx_word' id='word_1_156' title='bbox 194 2091 355 2156; x_wconf 84' lang='lat' dir='ltr'>custodiat.</span> <span class='ocrx_word' id='word_1_157' title='bbox 628 2119 631 2125; x_wconf 92' lang='lat'>·</span> 
     </span>
    </p>

    <p class='ocr_par' dir='ltr' id='par_1_3' title="bbox 70 2173 1069 3754">
     <span class='ocr_line' id='line_1_24' title="bbox 155 2173 995 2259; baseline 0.004 -24"><span class='ocrx_word' id='word_1_158' title='bbox 155 2173 230 2237; x_wconf 86' lang='lat' dir='ltr'>ldeo</span> <span class='ocrx_word' id='word_1_159' title='bbox 253 2176 332 2236; x_wconf 86' lang='lat' dir='ltr'>cuim</span> <span class='ocrx_word' id='word_1_160' title='bbox 356 2175 543 2239; x_wconf 87' lang='lat' dir='ltr'>ebominetio</span> <span class='ocrx_word' id='word_1_161' title='bbox 574 2175 694 2255; x_wconf 88' lang='lat' dir='ltr'>dicitur,</span> <span class='ocrx_word' id='word_1_162' title='bbox 728 2179 809 2259; x_wconf 81' lang='lat' dir='ltr'>quod</span> <span class='ocrx_word' id='word_1_163' title='bbox 839 2179 904 2238; x_wconf 87' lang='lat' dir='ltr'>sine</span> <span class='ocrx_word' id='word_1_164' title='bbox 926 2178 995 2238; x_wconf 83' lang='lat' dir='ltr'>viri-</span> 
     </span>
     <span class='ocr_line' id='line_1_25' title="bbox 71 2257 993 2344; baseline 0.004 -27"><span class='ocrx_word' id='word_1_165' title='bbox 71 2257 140 2337; x_wconf 86' lang='lat' dir='ltr'>bus,</span> <span class='ocrx_word' id='word_1_166' title='bbox 164 2257 230 2318; x_wconf 87' lang='lat' dir='ltr'>sine</span> <span class='ocrx_word' id='word_1_167' title='bbox 251 2257 356 2340; x_wconf 88' lang='lat' dir='ltr'>literis,</span> <span class='ocrx_word' id='word_1_168' title='bbox 377 2259 445 2321; x_wconf 82' lang='lat' dir='ltr'>sole</span> <span class='ocrx_word' id='word_1_169' title='bbox 467 2263 603 2322; x_wconf 87' lang='lat' dir='ltr'>stertenti</span> <span class='ocrx_word' id='word_1_170' title='bbox 626 2261 907 2344; x_wconf 85' lang='lat' dir='ltr'>iecierumpompa,</span> <span class='ocrx_word' id='word_1_171' title='bbox 930 2279 993 2322; x_wconf 91' lang='lat' dir='ltr'>om·</span> 
     </span>
     <span class='ocr_line' id='line_1_26' title="bbox 70 2341 994 2426; baseline 0.008 -27"><span class='ocrx_word' id='word_1_172' title='bbox 70 2359 126 2400; x_wconf 90' lang='lat' dir='ltr'>nes</span> <span class='ocrx_word' id='word_1_173' title='bbox 157 2341 314 2422; x_wconf 79' lang='lat' dir='ltr'>Principes</span> <span class='ocrx_word' id='word_1_174' title='bbox 343 2348 374 2404; x_wconf 90' lang='lat' dir='ltr'>et</span> <span class='ocrx_word' id='word_1_175' title='bbox 400 2363 489 2424; x_wconf 84' lang='lat' dir='ltr'>reges</span> <span class='ocrx_word' id='word_1_176' title='bbox 516 2345 674 2426; x_wconf 89' lang='lat' dir='ltr'>opprimit,</span> <span class='ocrx_word' id='word_1_177' title='bbox 707 2345 841 2406; x_wconf 90' lang='lat' dir='ltr'>emnium</span> <span class='ocrx_word' id='word_1_178' title='bbox 870 2345 994 2425; x_wconf 85' lang='lat' dir='ltr'>ingenia</span> 
     </span>
     <span class='ocr_line' id='line_1_27' title="bbox 73 2425 993 2508; baseline 0.005 -26"><span class='ocrx_word' id='word_1_179' title='bbox 73 2431 224 2504; x_wconf 86' lang='lat' dir='ltr'>occupat,</span> <span class='ocrx_word' id='word_1_180' title='bbox 249 2425 352 2489; x_wconf 89' lang='lat' dir='ltr'>omnie</span> <span class='ocrx_word' id='word_1_181' title='bbox 384 2433 486 2506; x_wconf 90' lang='lat' dir='ltr'>potest</span> <span class='ocrx_word' id='word_1_182' title='bbox 509 2427 646 2507; x_wconf 66' lang='lat' dir='ltr'>et&#39;lsoit,</span> <span class='ocrx_word' id='word_1_183' title='bbox 670 2446 749 2507; x_wconf 84' lang='lat' dir='ltr'>quae</span> <span class='ocrx_word' id='word_1_184' title='bbox 775 2427 885 2489; x_wconf 90' lang='lat' dir='ltr'>nullius</span> <span class='ocrx_word' id='word_1_185' title='bbox 907 2429 993 2508; x_wconf 81' lang='lat' dir='ltr'>regni</span> 
     </span>
     <span class='ocr_line' id='line_1_28' title="bbox 71 2506 993 2592; baseline 0.004 -26"><span class='ocrx_word' id='word_1_186' title='bbox 71 2506 204 2584; x_wconf 81' lang='lat' dir='ltr'>viribus,</span> <span class='ocrx_word' id='word_1_187' title='bbox 237 2506 389 2570; x_wconf 87' lang='lat' dir='ltr'>nullorum</span> <span class='ocrx_word' id='word_1_188' title='bbox 412 2509 603 2590; x_wconf 81' lang='lat' dir='ltr'>ingeniorum</span> <span class='ocrx_word' id='word_1_189' title='bbox 633 2511 738 2572; x_wconf 88' lang='lat' dir='ltr'>studiis</span> <span class='ocrx_word' id='word_1_190' title='bbox 765 2509 830 2572; x_wconf 85' lang='lat' dir='ltr'>fleri</span> <span class='ocrx_word' id='word_1_191' title='bbox 864 2513 993 2592; x_wconf 90' lang='lat' dir='ltr'>possint,</span> 
     </span>
     <span class='ocr_line' id='line_1_29' title="bbox 74 2589 993 2668; baseline 0.007 -18"><span class='ocrx_word' id='word_1_192' title='bbox 74 2595 191 2668; x_wconf 83' lang='lat' dir='ltr'>quanto</span> <span class='ocrx_word' id='word_1_193' title='bbox 213 2609 270 2651; x_wconf 88' lang='lat' dir='ltr'>nec</span> <span class='ocrx_word' id='word_1_194' title='bbox 285 2589 421 2653; x_wconf 78' lang='lat' dir='ltr'>Christus</span> <span class='ocrx_word' id='word_1_195' title='bbox 445 2612 500 2654; x_wconf 90' lang='lat' dir='ltr'>suo</span> <span class='ocrx_word' id='word_1_196' title='bbox 524 2592 617 2654; x_wconf 84' lang='lat' dir='ltr'>verbo</span> <span class='ocrx_word' id='word_1_197' title='bbox 635 2596 664 2653; x_wconf 92' lang='lat' dir='ltr'>in</span> <span class='ocrx_word' id='word_1_198' title='bbox 688 2593 860 2654; x_wconf 91' lang='lat' dir='ltr'>homiuibus</span> <span class='ocrx_word' id='word_1_199' title='bbox 884 2593 993 2656; x_wconf 82' lang='lat' dir='ltr'>effecit.</span> 
     </span>
     <span class='ocr_line' id='line_1_30' title="bbox 75 2673 993 2757; baseline 0.004 -25"><span class='ocrx_word' id='word_1_200' title='bbox 75 2673 122 2732; x_wconf 87' lang='lat' dir='ltr'>An</span> <span class='ocrx_word' id='word_1_201' title='bbox 151 2691 213 2734; x_wconf 92' lang='lat' dir='ltr'>nou</span> <span class='ocrx_word' id='word_1_202' title='bbox 242 2681 324 2734; x_wconf 85' lang='lat' dir='ltr'>esset</span> <span class='ocrx_word' id='word_1_203' title='bbox 351 2673 442 2737; x_wconf 81' lang='lat' dir='ltr'>foede</span> <span class='ocrx_word' id='word_1_204' title='bbox 473 2676 677 2754; x_wconf 78' lang='lat' dir='ltr'>abominatio,</span> <span class='ocrx_word' id='word_1_205' title='bbox 707 2677 732 2736; x_wconf 85' lang='lat' dir='ltr'>si</span> <span class='ocrx_word' id='word_1_206' title='bbox 759 2677 860 2738; x_wconf 78' lang='lat' dir='ltr'>scrofa</span> <span class='ocrx_word' id='word_1_207' title='bbox 887 2679 993 2757; x_wconf 89' lang='lat' dir='ltr'>petris·</span> 
     </span>
     <span class='ocr_line' id='line_1_31' title="bbox 75 2754 993 2838; baseline 0.005 -24"><span class='ocrx_word' id='word_1_208' title='bbox 75 2754 205 2816; x_wconf 82' lang='lat' dir='ltr'>familias</span> <span class='ocrx_word' id='word_1_209' title='bbox 228 2763 258 2817; x_wconf 88' lang='lat' dir='ltr'>et</span> <span class='ocrx_word' id='word_1_210' title='bbox 280 2759 414 2818; x_wconf 92' lang='lat' dir='ltr'>omnium</span> <span class='ocrx_word' id='word_1_211' title='bbox 437 2760 467 2819; x_wconf 93' lang='lat' dir='ltr'>in</span> <span class='ocrx_word' id='word_1_212' title='bbox 491 2759 583 2820; x_wconf 87' lang='lat' dir='ltr'>dorne</span> <span class='ocrx_word' id='word_1_213' title='bbox 607 2759 829 2838; x_wconf 82' lang='lat' dir='ltr'>dominaretur,</span> <span class='ocrx_word' id='word_1_214' title='bbox 857 2759 929 2820; x_wconf 92' lang='lat' dir='ltr'>nihil</span> <span class='ocrx_word' id='word_1_215' title='bbox 952 2759 993 2820; x_wconf 87' lang='lat' dir='ltr'>fs-</span> 
     </span>
     <span class='ocr_line' id='line_1_32' title="bbox 76 2839 992 2920; baseline 0.007 -24"><span class='ocrx_word' id='word_1_216' title='bbox 76 2839 158 2898; x_wconf 88' lang='lat' dir='ltr'>oiens</span> <span class='ocrx_word' id='word_1_217' title='bbox 181 2857 271 2918; x_wconf 87' lang='lat' dir='ltr'>quem</span> <span class='ocrx_word' id='word_1_218' title='bbox 295 2840 376 2920; x_wconf 87' lang='lat' dir='ltr'>quod</span> <span class='ocrx_word' id='word_1_219' title='bbox 397 2842 427 2901; x_wconf 92' lang='lat' dir='ltr'>in</span> <span class='ocrx_word' id='word_1_220' title='bbox 451 2861 549 2904; x_wconf 88' lang='lat' dir='ltr'>coeno</span> <span class='ocrx_word' id='word_1_221' title='bbox 571 2843 685 2914; x_wconf 79' lang='lat' dir='ltr'>iacens,</span> <span class='ocrx_word' id='word_1_222' title='bbox 708 2843 805 2903; x_wconf 82' lang='lat' dir='ltr'>illusis</span> <span class='ocrx_word' id='word_1_223' title='bbox 827 2842 992 2906; x_wconf 86' lang='lat' dir='ltr'>videntium</span> 
     </span>
     <span class='ocr_line' id='line_1_33' title="bbox 77 2921 994 3007; baseline 0.007 -28"><span class='ocrx_word' id='word_1_224' title='bbox 77 2921 173 2981; x_wconf 89' lang='lat' dir='ltr'>oculis</span> <span class='ocrx_word' id='word_1_225' title='bbox 193 2921 295 3002; x_wconf 88' lang='lat' dir='ltr'>eliquo</span> <span class='ocrx_word' id='word_1_226' title='bbox 324 2923 506 3004; x_wconf 84' lang='lat' dir='ltr'>praestigio,</span> <span class='ocrx_word' id='word_1_227' title='bbox 540 2925 632 2987; x_wconf 90' lang='lat' dir='ltr'>homo</span> <span class='ocrx_word' id='word_1_228' title='bbox 666 2927 794 3006; x_wconf 85' lang='lat' dir='ltr'>insignis</span> <span class='ocrx_word' id='word_1_229' title='bbox 822 2932 994 3007; x_wconf 77' lang='lat' dir='ltr'>appareret,</span> 
     </span>
     <span class='ocr_line' id='line_1_34' title="bbox 79 3003 993 3088; baseline 0.008 -27"><span class='ocrx_word' id='word_1_230' title='bbox 79 3011 107 3062; x_wconf 87' lang='lat' dir='ltr'>et</span> <span class='ocrx_word' id='word_1_231' title='bbox 127 3003 292 3066; x_wconf 84' lang='lat' dir='ltr'>humanum</span> <span class='ocrx_word' id='word_1_232' title='bbox 316 3005 428 3086; x_wconf 89' lang='lat' dir='ltr'>sliqnid</span> <span class='ocrx_word' id='word_1_233' title='bbox 461 3009 608 3069; x_wconf 86' lang='lat' dir='ltr'>sonaret?</span> <span class='ocrx_word' id='word_1_234' title='bbox 651 3007 749 3086; x_wconf 81' lang='lat' dir='ltr'>Quale</span> <span class='ocrx_word' id='word_1_235' title='bbox 778 3007 890 3068; x_wconf 82' lang='lat' dir='ltr'>lectum</span> <span class='ocrx_word' id='word_1_236' title='bbox 919 3009 993 3088; x_wconf 82' lang='lat' dir='ltr'>legi·</span> 
     </span>
     <span class='ocr_line' id='line_1_35' title="bbox 79 3087 994 3172; baseline 0.004 -27"><span class='ocrx_word' id='word_1_237' title='bbox 79 3105 141 3146; x_wconf 88' lang='lat' dir='ltr'>mus</span> <span class='ocrx_word' id='word_1_238' title='bbox 165 3087 194 3146; x_wconf 93' lang='lat' dir='ltr'>in</span> <span class='ocrx_word' id='word_1_239' title='bbox 218 3087 358 3168; x_wconf 88' lang='lat' dir='ltr'>gentibus</span> <span class='ocrx_word' id='word_1_240' title='bbox 381 3107 437 3171; x_wconf 88' lang='lat' dir='ltr'>per</span> <span class='ocrx_word' id='word_1_241' title='bbox 463 3090 546 3151; x_wconf 89' lang='lat' dir='ltr'>idols</span> <span class='ocrx_word' id='word_1_242' title='bbox 568 3091 718 3171; x_wconf 78' lang='lat' dir='ltr'>quaedam</span> <span class='ocrx_word' id='word_1_243' title='bbox 741 3090 842 3172; x_wconf 82' lang='lat' dir='ltr'>lignee</span> <span class='ocrx_word' id='word_1_244' title='bbox 870 3098 900 3152; x_wconf 87' lang='lat' dir='ltr'>et</span> <span class='ocrx_word' id='word_1_245' title='bbox 921 3091 994 3172; x_wconf 87' lang='lat' dir='ltr'>lspi-</span> 
     </span>
     <span class='ocr_line' id='line_1_36' title="bbox 79 3167 993 3254; baseline 0.005 -27"><span class='ocrx_word' id='word_1_246' title='bbox 79 3167 141 3232; x_wconf 86' lang='lat' dir='ltr'>dee.</span> <span class='ocrx_word' id='word_1_247' title='bbox 186 3168 237 3232; x_wconf 81' lang='lat' dir='ltr'>Sic</span> <span class='ocrx_word' id='word_1_248' title='bbox 256 3191 338 3252; x_wconf 85' lang='lat' dir='ltr'>pape</span> <span class='ocrx_word' id='word_1_249' title='bbox 360 3181 519 3252; x_wconf 81' lang='lat' dir='ltr'>praetexto</span> <span class='ocrx_word' id='word_1_250' title='bbox 542 3175 666 3235; x_wconf 89' lang='lat' dir='ltr'>nomine</span> <span class='ocrx_word' id='word_1_251' title='bbox 689 3173 755 3250; x_wconf 88' lang='lat' dir='ltr'>Dei,</span> <span class='ocrx_word' id='word_1_252' title='bbox 778 3174 860 3254; x_wconf 88' lang='lat' dir='ltr'>quod</span> <span class='ocrx_word' id='word_1_253' title='bbox 882 3173 993 3234; x_wconf 89' lang='lat' dir='ltr'>nullius</span> 
     </span>
     <span class='ocr_line' id='line_1_37' title="bbox 81 3253 994 3338; baseline 0.007 -28"><span class='ocrx_word' id='word_1_254' title='bbox 81 3253 264 3312; x_wconf 74' lang='lat' dir='ltr'>conscientie</span> <span class='ocrx_word' id='word_1_255' title='bbox 293 3272 354 3316; x_wconf 92' lang='lat' dir='ltr'>nou</span> <span class='ocrx_word' id='word_1_256' title='bbox 386 3258 493 3317; x_wconf 89' lang='lat' dir='ltr'>merito</span> <span class='ocrx_word' id='word_1_257' title='bbox 522 3265 629 3337; x_wconf 79' lang='lat' dir='ltr'>pavet,</span> <span class='ocrx_word' id='word_1_258' title='bbox 661 3257 741 3318; x_wconf 82' lang='lat' dir='ltr'>facili</span> <span class='ocrx_word' id='word_1_259' title='bbox 770 3275 865 3338; x_wconf 86' lang='lat' dir='ltr'>opere</span> <span class='ocrx_word' id='word_1_260' title='bbox 895 3255 994 3317; x_wconf 87' lang='lat' dir='ltr'>eilde</span> 
     </span>
     <span class='ocr_line' id='line_1_38' title="bbox 81 3334 994 3419; baseline 0.007 -27"><span class='ocrx_word' id='word_1_261' title='bbox 81 3334 165 3394; x_wconf 87' lang='lat' dir='ltr'>trehit</span> <span class='ocrx_word' id='word_1_262' title='bbox 185 3335 215 3394; x_wconf 94' lang='lat' dir='ltr'>in</span> <span class='ocrx_word' id='word_1_263' title='bbox 237 3353 293 3416; x_wconf 92' lang='lat' dir='ltr'>sup</span> <span class='ocrx_word' id='word_1_264' title='bbox 329 3337 479 3410; x_wconf 88' lang='lat' dir='ltr'>stitiones,</span> <span class='ocrx_word' id='word_1_265' title='bbox 499 3340 561 3401; x_wconf 89' lang='lat' dir='ltr'>imo</span> <span class='ocrx_word' id='word_1_266' title='bbox 584 3339 829 3401; x_wconf 82' lang='lat' dir='ltr'>abominationes</span> <span class='ocrx_word' id='word_1_267' title='bbox 850 3339 994 3419; x_wconf 87' lang='lat' dir='ltr'>pestilen-</span> 
     </span>
     <span class='ocr_line' id='line_1_39' title="bbox 81 3418 993 3504; baseline 0.007 -28"><span class='ocrx_word' id='word_1_268' title='bbox 81 3418 217 3497; x_wconf 80' lang='lat' dir='ltr'>tissimos,</span> <span class='ocrx_word' id='word_1_269' title='bbox 240 3436 306 3478; x_wconf 89' lang='lat' dir='ltr'>sum</span> <span class='ocrx_word' id='word_1_270' title='bbox 341 3437 375 3480; x_wconf 89' lang='lat' dir='ltr'>os</span> <span class='ocrx_word' id='word_1_271' title='bbox 398 3422 488 3482; x_wconf 84' lang='lat' dir='ltr'>etiem</span> <span class='ocrx_word' id='word_1_272' title='bbox 502 3441 600 3500; x_wconf 85' lang='lat' dir='ltr'>reges,</span> <span class='ocrx_word' id='word_1_273' title='bbox 625 3421 880 3504; x_wconf 83' lang='lat' dir='ltr'>doctissimosque</span> <span class='ocrx_word' id='word_1_274' title='bbox 902 3423 993 3497; x_wconf 88' lang='lat' dir='ltr'>viros,</span> 
     </span>
     <span class='ocr_line' id='line_1_40' title="bbox 82 3500 992 3581; baseline 0.007 -23"><span class='ocrx_word' id='word_1_275' title='bbox 82 3500 142 3578; x_wconf 84' lang='lat' dir='ltr'>ipse</span> <span class='ocrx_word' id='word_1_276' title='bbox 163 3502 280 3561; x_wconf 88' lang='lat' dir='ltr'>iuterim</span> <span class='ocrx_word' id='word_1_277' title='bbox 305 3504 444 3563; x_wconf 90' lang='lat' dir='ltr'>nonnisi</span> <span class='ocrx_word' id='word_1_278' title='bbox 468 3504 568 3566; x_wconf 84' lang='lat' dir='ltr'>seroie</span> <span class='ocrx_word' id='word_1_279' title='bbox 596 3505 748 3581; x_wconf 76' lang='lat' dir='ltr'>volutetus</span> <span class='ocrx_word' id='word_1_280' title='bbox 777 3507 808 3566; x_wconf 92' lang='lat' dir='ltr'>iu</span> <span class='ocrx_word' id='word_1_281' title='bbox 832 3503 992 3566; x_wconf 84' lang='lat' dir='ltr'>volutabro</span> 
     </span>
     <span class='ocr_line' id='line_1_41' title="bbox 83 3583 1069 3668; baseline 0.006 -28"><span class='ocrx_word' id='word_1_282' title='bbox 83 3583 556 3664; x_wconf 41' lang='lat' dir='ltr'>turpissimae,erignansstmse</span> <span class='ocrx_word' id='word_1_283' title='bbox 589 3591 669 3648; x_wconf 87' lang='lat' dir='ltr'>vitae</span> <span class='ocrx_word' id='word_1_284' title='bbox 691 3607 781 3668; x_wconf 89' lang='lat' dir='ltr'>suae,</span> <span class='ocrx_word' id='word_1_285' title='bbox 813 3607 871 3650; x_wconf 87' lang='lat' dir='ltr'>nec</span> <span class='ocrx_word' id='word_1_286' title='bbox 899 3587 992 3662; x_wconf 77' lang='lat' dir='ltr'>literis</span> <span class='ocrx_word' id='word_1_287' title='bbox 1061 3640 1069 3646; x_wconf 88' lang='lat'>.</span> 
     </span>
     <span class='ocr_line' id='line_1_42' title="bbox 86 3665 723 3754; baseline 0.014 -29"><span class='ocrx_word' id='word_1_288' title='bbox 86 3681 137 3726; x_wconf 87' lang='lat' dir='ltr'>nec</span> <span class='ocrx_word' id='word_1_289' title='bbox 152 3665 314 3729; x_wconf 65' lang='lat' dir='ltr'>¹numidici</span> <span class='ocrx_word' id='word_1_290' title='bbox 337 3667 431 3754; x_wconf 83' lang='lat' dir='ltr'>digito</span> <span class='ocrx_word' id='word_1_291' title='bbox 454 3669 592 3740; x_wconf 81' lang='lat' dir='ltr'>idoneus.</span> <span class='ocrx_word' id='word_1_292' title='bbox 683 3679 686 3686; x_wconf 88' lang='lat'>&#39;</span> <span class='ocrx_word' id='word_1_293' title='bbox 719 3665 723 3677; x_wconf 89' lang='lat'>&#39;</span> 
     </span>
    </p>
   </div>
   <div class='ocr_carea' id='block_1_3' title="bbox 0 0 1153 4006">
    <p class='ocr_par' dir='ltr' id='par_1_4' title="bbox 0 0 1153 4006">
     <span class='ocr_line' id='line_1_43' title="bbox 0 0 1153 4006; baseline 0 0"><span class='ocrx_word' id='word_1_294' title='bbox 0 0 1153 4006; x_wconf 95' lang='lat' dir='ltr'> </span> 
     </span>
    </p>
   </div>
  </div>
 </body>
</html>
