2250 4008
147 167 210 234 432
406 211 408 218 1
437 169 598 261 ¹(loruintutio
616 171 783 228 Lniherisne

148 342 239 404 quem
267 331 338 384 snie
365 324 526 386 ludibrium
554 325 671 386 Lutomi
709 332 769 388 siet
803 343 859 405 pro
891 344 951 386 me.
993 323 1059 384 Vult

148 409 229 468 enim
251 406 346 466 leuius
367 408 519 468 irascente
542 409 607 469 Dec
630 418 661 468 et
681 410 710 468 in
733 409 956 488 captivitatem,
978 407 1058 468 ussti-

147 489 285 566 mtem1)
319 489 458 550 trudente
480 490 626 571 populum
664 490 762 552 Deum
789 493 850 552 ism
874 509 937 552 non
962 508 1059 549 secun·

148 572 220 634 dum
243 572 498 651 misericordiam,
529 573 582 634 sed
610 574 776 634 secundum
804 573 972 650 iudicium,
1005 574 1059 632 imo

147 658 222 716 irem
255 675 325 716 cum
357 657 401 716 eis
429 675 531 736 egere.
573 657 606 716 ln
636 675 695 735 quo
725 656 837 716 iudicio
861 657 919 716 etsi
943 655 1003 714 sini
1024 656 1060 733 pii

147 745 179 799 ei
199 740 268 798 iusii
291 739 361 815 viri,
393 757 521 818 quorum
543 740 656 800 iustitie
677 747 764 798 extre
784 739 931 800 indicium
957 737 1063 796 munds

147 841 217 882 esse
237 827 359 901 poteret
385 821 442 882 sub
471 840 567 901 regno
598 821 839 897 misericordiae,
871 839 958 882 nunc
992 820 1061 880 eden

147 905 221 964 nihil
241 903 367 984 prodest
387 903 461 983 illis,
491 915 523 964 ut
545 904 659 964 similes
683 907 742 965 sini
763 905 943 964 novissimis
967 913 998 963 et
1017 905 1063 962 im·

147 986 353 1048 mundissimis
387 987 607 1066 peccatoribus.
650 987 719 1048 Non
741 988 821 1048 enim
844 986 996 1068 agnoscit
1015 1005 1062 1046 cus

148 1070 298 1130 Dominus
320 1070 349 1129 in
372 1073 432 1130 isto
455 1068 576 1149 furore,
598 1069 652 1130 sed
674 1069 762 1130 simul
785 1070 876 1132 tradit
900 1071 1018 1130 iustum
1040 1077 1064 1128 et

147 1153 290 1232 impium,
312 1169 369 1212 nec
391 1153 463 1212 sinit
483 1171 517 1212 se
540 1153 642 1214 teneri.
687 1151 755 1228 Quo
779 1153 851 1232 quid
875 1152 963 1214 eliud
987 1151 1063 1226 iecit,

147 1253 238 1313 quesn
261 1234 344 1313 quod
374 1253 443 1312 ecs,
481 1235 533 1313 qui
553 1236 624 1295 iusti
645 1245 739 1315 sunt„
764 1237 808 1294 sic
836 1234 950 1318 hebet,
975 1245 1007 1294 ei
1026 1236 1064 1294 sic

146 1335 295 1398 apparere
316 1317 402 1395 iecit,
438 1337 475 1378 nc
503 1318 529 1380 si
551 1318 620 1378 iusti
644 1337 704 1378 non
728 1328 839 1380 essent.
883 1317 917 1378 ln
942 1337 1009 1396 quo
1029 1328 1064 1378 ic·

148 1419 216 1460 men
235 1398 361 1478 iudicio,
383 1401 454 1479 quis
475 1401 554 1460 iuste
575 1400 689 1460 iudicet
711 1409 742 1461 et
752 1419 832 1478 vere,
854 1401 1062 1462 necessarium

145 1489 192 1543 est
214 1481 304 1543 simul
326 1501 381 1543 eos
402 1501 471 1544 esse
491 1484 599 1563 iustos,
620 1491 651 1544 et
672 1491 772 1544 temen
794 1484 990 1546 immundos.
1032 1483 1065 1542 Et

146 1568 188 1628 iis
209 1565 357 1644 ostendii,
385 1584 475 1645 quem
499 1565 599 1626 nullus
620 1569 650 1626 in
672 1586 728 1628 sus
751 1568 880 1645 iustitie,
917 1567 979 1628 sed
1004 1565 1065 1626 sols

146 1647 354 1710 misericordis
386 1649 451 1708 eius
484 1650 539 1709 niti
570 1648 688 1712 debeet.
731 1649 799 1710 Hoc
826 1668 918 1710 sensu
957 1657 990 1710 et
1017 1647 1065 1708 iob

145 1734 174 1795 9.
197 1732 345 1812 loquitur:
368 1729 468 1792 Unum
490 1731 611 1792 locutus
633 1751 715 1806 sum,
738 1734 934 1794 innocentem
964 1740 997 1792 et
1018 1732 1065 1791 im·

146 1817 228 1894 pium
258 1815 325 1895 ipse
359 1815 519 1875 consumit.
561 1814 669 1895 Neque
701 1817 780 1876 enim
816 1815 854 1876 de
874 1813 949 1876 ficte
985 1817 1064 1875 inno

145 1908 234 1958 cente
256 1897 399 1976 loquitur,
422 1907 453 1958 ci
473 1904 576 1958 temen
600 1899 752 1958 consumit
773 1917 842 1960 cum
865 1917 925 1958 non
940 1899 1065 1958 iniuste.

144 1981 190 2041 lin
218 1990 248 2040 et
274 1980 370 2044 lenius
403 1978 453 2040 hic
484 1999 556 2040 vere
587 1982 684 2042 iustos
706 1991 737 2042 et
759 1981 888 2042 mundos
909 1981 1064 2060 intelligit

143 2063 213 2124 Non
236 2063 316 2123 enim
338 2063 460 2142 spiritus
482 2064 513 2123 in
536 2063 642 2142 spiritu
660 2065 780 2143 piorum
803 2063 840 2132 de
862 2063 941 2126 fictis
969 2065 1064 2140 iustis,

143 2165 197 2207 seu
230 2147 259 2206 in
288 2144 359 2206 ficte
386 2146 533 2206 iustorum
557 2165 690 2225 persons
710 2146 851 2227 loquitur.
895 2145 1066 2208 Verissimn

143 2236 191 2290 est
210 2229 340 2307 iustitia,
368 2235 399 2288 ei
421 2236 522 2289 temen
544 2229 628 2290 velut
649 2229 821 2310 immunde,
844 2229 925 2309 quod
948 2231 1066 2310 petitur

143 2313 247 2374 omnis
268 2329 384 2388 eorum,
400 2328 480 2392 quse
494 2311 640 2372 immundi
653 2313 818 2392 potiuntur,
832 2331 893 2374 non
915 2314 1064 2374 innocen·

143 2405 188 2456 ter
210 2393 291 2475 apud
314 2397 423 2455 iustum
446 2393 565 2472 Deum,
587 2394 657 2455 licet
678 2397 857 2458 innocenter
879 2413 990 2456 ocrem
1014 2396 1064 2456 hc-

144 2477 274 2539 minibus
297 2478 379 2538 etin
402 2478 591 2538 conscientie
614 2486 728 2541 noeirs.

225 2561 293 2622 Hoc
313 2577 404 2620 sensu
427 2568 458 2620 et
479 2560 590 2622 Psalm.
613 2559 719 2636 44²),
755 2561 804 2622 ubi
828 2561 959 2642 plurimo
985 2561 1064 2622 mein

11 2688 14 2694 Δ
40 2715 42 2718 ¹
142 2645 278 2724 perpessi
301 2643 421 2704 dicuni:
451 2642 537 2703 Hsec
565 2644 851 2706 omnis‹venerunt
878 2663 973 2724 super
997 2663 1062 2719 nos,

143 2734 174 2786 et
194 2728 297 2805 inique
318 2744 379 2787 non
402 2727 520 2806 egimus
543 2728 573 2788 in
589 2731 774 2788 testamento
798 2736 859 2802 tuo,
883 2746 939 2788 nec
962 2745 1061 2788 reces-

142 2809 181 2869 sit
207 2816 288 2870 retro
317 2827 371 2870 cor
392 2817 547 2886 nostrum,
580 2827 637 2870 nec
670 2809 898 2873 declinaverunt
931 2813 1061 2871 semime

141 2899 266 2953 nostrae
286 2910 306 2951 e
328 2893 377 2953 vie
398 2899 466 2971 tus,
497 2892 558 2953 hcc
579 2900 644 2973 esi,
679 2893 761 2973 quod
785 2894 815 2953 in
837 2891 966 2954 Ieremia
990 2893 1062 2954 dicii

141 2973 281 3058 cepite³J
298 2974 352 3037 48:
374 2974 466 3054 Ecce,
488 2975 597 3055 quibus
619 2994 679 3037 non
703 2982 769 3038 erut
789 2975 945 3056 iudicium,
962 2979 999 3038 ut
1021 2975 1061 3036 bi·

141 3057 247 3119 herent
268 3057 405 3138 culicem,
429 3057 567 3119 bibentes
592 3057 711 3137 bibent,
736 3067 765 3120 et
787 3066 818 3120 iu
840 3059 992 3120 innocens
1013 3075 1058 3121 re·

140 3139 307 3222 linqueris?
349 3139 417 3201 Non
451 3144 510 3202 eris
537 3143 703 3221 innocens,
736 3141 789 3204 sed
828 3141 935 3203 bibens
962 3141 1057 3203 bibes.

141 3223 305 3300 Quomodo
328 3242 390 3284 non
412 3232 477 3285 erni
498 3225 556 3285 iliis
578 3225 733 3302 iudicium,
754 3234 785 3286 ei
807 3232 908 3285 ismen
931 3224 1057 3286 bibunt?

140 3308 256 3367 scilicet
276 3309 306 3367 in
329 3308 518 3369 conscientie
540 3326 596 3368 sus
618 3315 649 3368 et
670 3327 773 3370 corsm
795 3307 982 3388 hominibus,
1004 3309 1055 3368 sic·

211 3571 242 3636 1)
262 3571 294 3626 In
313 3574 439 3630 edim:
462 3578 649 3644 captivitniem
670 3583 697 3630 et
717 3579 884 3632 vestinum
909 3575 995 3644 2)1n
1013 3575 1051 3630 ed.

139 3640 224 3706 cnm:
244 3639 287 3694 Pe.
307 3643 349 3700 43.
386 3646 414 3713 3)
433 3645 499 3702 ibid.
519 3646 622 3704 deese:
641 3651 739 3719 copiis.
