2262 4006
291 181 294 186 '
321 171 447 236 Retiome
465 172 642 228 Latomienae
660 178 711 239 eto.
870 201 877 212 r
922 167 984 234 dii

45 337 156 398 quem
191 341 250 404 ego
279 325 408 408 properi
437 327 600 386 autoritate
634 324 719 386 Pauli
741 324 828 387 Rom.
851 327 881 388 7.
924 323 984 390 Sed

46 405 205 486 principii
229 406 282 482 ille
300 410 412 488 petitor
425 409 553 468 vitiosus
575 408 636 468 illio
648 416 807 488 pennatum
831 424 892 468 uon
914 425 984 488 peo-

46 494 184 567 catum,
207 488 262 550 aed
284 490 490 552 infirmitatem
512 491 657 572 exponit,
680 490 767 571 quaai
792 490 918 550 evioerit
940 490 984 549 aie

45 573 283 648 exponendum
299 571 384 649 ease,
406 581 460 634 eut
470 575 557 652 queei
572 573 683 634 Paulae
693 573 852 654 ignorarit,
875 571 983 652 quibue

48 652 165 712 verbio
190 655 272 734 ioqui
296 657 480 736 oportuerit,
515 665 568 716 out
590 656 663 716 mihi
692 674 755 715 non
784 655 875 716 lineat
903 654 983 714 illiue

46 733 166 796 verbie
202 739 253 799 uti.
300 739 463 800 Videamus
493 737 633 818 Gregorii
667 737 899 817 probationem,
933 739 984 814 ait,

48 815 312 883 Chr-irtuedioit:
355 820 413 897 Qui
443 822 523 882 lotna
545 828 606 898 eet,
642 819 772 883 mundue
806 827 854 880 est
888 829 985 897 totae,

48 899 140 960 nihil
163 921 238 982 ergo
260 915 399 966 remanet
420 906 457 966 de
481 905 601 984 peooeti
615 905 662 964 nni
675 905 872 983 contagione,
894 921 983 982 quern

47 989 162 1044 totum
187 986 333 1048 mundum
352 987 552 1068 fateturipse,
575 988 626 1066 qui
648 987 785 1049 redemit.
806 985 924 1046 Letomi
938 1005 986 1046 oa-

49 1066 224 1128 nitantiam
246 1077 423 1149 praetereo,
455 1070 506 1148 qui
528 1090 562 1130 ee
583 1070 774 1149 ponderare,
799 1087 860 1130 uon
884 1087 987 1129 nume-

32 1151 131 1209 *rare
179 1153 319 1230 promitit
373 1153 572 1230 testimonie,
622 1152 653 1212 id
702 1159 786 1228 eet,
815 1151 985 1231 eophietioa

15 1257 16 1280 1
52 1233 195 1312 strophe
238 1233 414 1315 loquendo,
457 1254 518 1297 non
555 1234 748 1314 ponderare,
786 1234 840 1296 sed
883 1253 985 1294 nume-

50 1333 132 1374 rare
157 1315 263 1381 voluit.
307 1317 383 1379 Cum
407 1316 557 1399 Gregorio
591 1316 767 1398 expostulo.
811 1317 882 1394 Dio,
912 1314 999 1380 Gre»

15 1443 17 1448 .
53 1399 148 1475 gori,
173 1397 223 1458 ubi
247 1399 384 1462 Ghrietua
409 1401 469 1462 hoo
491 1401 574 1477 dioit,
596 1401 679 1480 quod
702 1409 733 1460 tu
756 1398 853 1460 didio?
874 1397 985 1460 Nonne

15 1527 16 1530 ,
53 1477 161 1540 verba
183 1477 296 1544 Ohriati
317 1501 373 1544 eoo
395 1492 481 1544 textu
504 1483 611 1544 affer-re
634 1482 788 1544 debebas?
823 1481 870 1542 Τιι
892 1481 983 1543 diois!

15 1609 17 1616 ,
55 1559 123 1636 Qui
148 1563 230 1625 lotus
252 1573 314 1646 eat,
343 1567 473 1628 mundun
496 1576 542 1627 eet
570 1573 663 1643 totns,
686 1564 823 1626 Christus
846 1583 919 1625 vero
942 1565 985 1624 eie

15 1663 16 1700 3
39 1643 158 1712 ,dieitz
181 1645 239 1722 Qui
262 1647 343 1709 lotua
357 1657 412 1728 eet,
436 1667 498 1711 non
512 1649 638 1730 indiget,
660 1649 718 1709 nisi
731 1657 762 1708 ut
775 1647 870 1727 pedee
892 1646 984 1724 levet,

15 1749 19 1784 ι
54 1726 115 1788 aed
142 1737 192 1790 eat
213 1730 344 1792 mundae
356 1740 447 1798 totus.
469 1731 558 1794 Unde
580 1736 638 1793 ista
659 1727 850 1795 immunditia
871 1729 984 1810 pedum

15 1845 18 1868 ι,
55 1818 135 1890 poet
160 1812 329 1875 lotionem?
361 1814 471 1876 Nonne
502 1821 599 1876 totum
625 1814 768 1874 mundum
795 1813 841 1873 eie
863 1813 983 1888 eeeerit,

55 1901 92 1952 ut
116 1900 224 1956 temen
247 1896 343 1958 lavari
366 1897 461 1977 pedes
485 1915 563 1978 opas
585 1895 718 1976 habenti
750 1894 830 1972 Quid
853 1903 900 1956 eet
922 1895 983 1956 hoe

15 2015 17 2036 ι
56 1975 164 2056 aliud,
198 1996 288 2056 quem
311 1989 474 2059 peooatum
496 1980 527 2041 in
557 1976 710 2060 baptismo
743 1988 838 2040 totum
861 1979 981 2058 ignoeoi

56 2065 90 2118 et
115 2066 220 2120 tamen
243 2060 391 2142 reliquum
416 2061 506 2124 eree?
530 2072 562 2124 ut
583 2061 736 2123 etPaulue
759 2057 831 2122 dioit
851 2060 980 2125 Romi.

15 2171 16 2176 1
55 2139 145 2202 Tota
167 2143 229 2203 vite
250 2144 346 2224 pedes
368 2146 519 2227 levantur,
541 2147 632 2206 etiam
657 2145 703 2221 iie,
726 2146 777 2224 qni
800 2144 855 2204 toti
878 2141 982 2203 mundi

58 2231 147 2302 eunt,
169 2225 249 2286 eiout
270 2226 360 2291 dioit:
384 2227 508 2291 Debetis
531 2229 608 2290 alter
622 2228 746 2290 alteriue
761 2223 981 2307 levarepedee.
1024 2224 1027 2230 ’

147 2307 258 2370 Nonne
279 2311 330 2371 hio
351 2311 437 2372 toene
449 2330 505 2391 pro
518 2331 566 2372 me
584 2319 691 2374 eontra
703 2309 864 2371 Latonam
888 2306 982 2368 feeit?

59 2389 178 2452 Omnia
221 2399 329 2454 eooata
350 2403 421 2455 eunt
443 2393 564 2476 abluta,
587 2402 617 2454 et
638 2392 787 2473 reliquum
809 2397 857 2452 eet
877 2391 983 2452 levan-

60 2473 148 2538 dum.
192 2411 261 2537 drot
282 2477 365 2538 olera
388 2478 550 2537 sententia.
594 2475 758 2552 Quomodo
781 2494 855 2555 ergo
879 2474 983 2534 omnio

61 2555 186 2636 abluta,
225 2559 283 2619 niei
322 2563 394 2640 quie
416 2558 620 2640 pergratiam
643 2560 771 2620 remieaa
792 2565 823 2618 et
842 2553 982 2617 indulta?

61 2637 231 2714 Quomodo
255 2641 433 2719 tonandum,
468 2642 524 2704 nisi
550 2643 621 2721 quia
643 2660 714 2702 vere
744 2643 773 2702 in
797 2646 905 2700 nature
927 2657 984 2700 ene

62 2723 215 2804 reliquum
241 2723 310 2784 eati
352 2726 398 2787 De
421 2727 456 2786 iie
479 2733 602 2806 postea,
635 2741 705 2784 nem
729 2724 779 2784 hio
799 2721 928 2790 Latomo
948 2720 980 2784 fl·

62 2803 156 2867 duoia
178 2806 314 2868 tollenda
333 2807 404 2887 fuit,
428 2816 459 2868 ut
480 2808 613 2886 rideret,
635 2807 740 2868 Patren
762 2822 982 2885 nonnunquam
1086 2849 1087 2852 ,

62 2887 159 2950 iniere
181 2889 338 2969 hominen,
372 2890 483 2952 deinde
504 2897 534 2951 et
558 2889 785 2952 vitiosissimum
809 2886 984 2969 disputandi

63 2971 194 3052 eunm')
220 2989 336 3050 morem
369 2979 568 3054 agnosceret,
602 2991 694 3052 quern
716 2973 779 3033 dixi
803 2973 982 3052 petitionem

64 3055 217 3136 principii,
240 3058 292 3135 qui
315 3057 397 3138 prino
419 3056 551 3138 probare
562 3054 675 3136 debuit,
697 3063 795 3118 totum
806 3075 874 3116 esee
899 3074 983 3115 mnn-

66 3137 137 3198 dum
160 3137 191 3198 id
214 3157 293 3220 esee,
315 3140 398 3220 qnod
421 3139 493 3200 nihil
515 3139 664 3222 reliquum
687 3139 807 3218 peoouti
821 3138 983 3218 baptismo.

66 3220 131 3282 Neo
144 3219 285 3301 Gregorii
298 3223 392 3284 verbo
405 3222 434 3284 id
447 3229 572 3302 dogunt,
594 3229 647 3283 eut
658 3223 684 3282 ei
697 3228 820 3302 angunt,
843 3219 984 3300 negando

68 3313 146 3366 aunt.
190 3306 231 3366 At
252 3305 443 3386 ipeiPatrum
467 3304 567 3365 verbio
582 3306 698 3366 intruso
721 3322 777 3364 eno
799 3304 983 3364 sentimenta

69 3386 221 3466 prodeunt
242 3390 321 3449 aient
343 3389 447 3451 aeinna
471 3387 740 3468 aubpeiieleouie,
762 3385 870 3446 fautori
893 3383 984 3445 nobie

69 3471 216 3553 principia
236 3469 324 3549 fldei,
362 3491 424 3533 non
449 3489 489 3532 ex
510 3470 633 3536 Petrum
665 3469 833 3546 sententie,
867 3465 921 3528 red
944 3486 984 3529 ex

121 3647 150 3712 t)
168 3644 199 3700 In
218 3643 281 3700 edit.
300 3645 384 3713 orig:
401 3645 455 3700 eni.

98 3749 188 3792 nuum
202 3759 253 3810 opp.
268 3749 296 3812 y.
307 3749 334 3790 a
350 3747 378 3788 ιι
392 3748 432 3789 ror.
446 3747 497 3788 aaa
510 3745 526 3787 ι,
539 3757 558 3796 ρ.
577 3745 624 3784 vor
640 3744 667 3786 v.
774 3714 812 3780 27
