2252 4006
142 199 205 279 310
364 215 520 284 Responsio
539 213 572 268 D.
585 197 626 268 'bb'
643 211 670 268 L.
691 213 725 266 sd
744 212 845 267 librum

143 376 174 431 ot
195 375 286 450 potos
309 368 476 430 seeundum
489 369 626 444 Pastum,
647 369 691 432 ita
712 367 861 428 siueloeo
884 374 915 428 et
934 373 1066 446 sorpsit

143 471 205 513 non
229 459 275 513 est
298 453 439 529 ecelesia,
462 461 492 512 et
514 458 616 514 tamen
630 467 742 532 eorpus
763 457 794 512 et
816 450 902 511 loeus
915 469 976 511 non
996 455 1067 510 sunt
1124 487 1125 494 κ

144 536 292 612 sentenia,
316 553 414 616 neque
437 536 475 596 ad
499 551 566 596 eom
589 537 748 618 pertinent.
791 534 877 596 Siout
904 549 980 614 ergo
1004 544 1067 592 non

144 625 191 680 ost
211 637 355 697 neeesse,
377 626 491 680 eertum
514 633 645 697 ponem,
667 625 782 679 'sertum
805 625 928 696 potum,
949 623 1065 678 sertum

142 707 258 763 vestem
281 703 512 764 essseoolosiae
535 710 565 762 et
580 701 720 762 fidelibus
734 700 884 776 omnibus,
906 701 980 760 liost
1002 700 1068 758 sine

143 804 240 866 pane,
271 787 336 846 sine
358 791 451 866 potu,
480 787 546 846 aine
568 791 653 846 veste
680 797 741 844 non
766 789 880 864 queant
907 784 1067 843 vivereid

144 869 203 928 boo
224 869 345 946 seoulo,
375 869 429 929 sed
452 870 555 929 omnia
584 875 654 929 sont
675 869 770 928 libere
796 873 826 926 et
846 865 1069 942 indifferentia3

142 952 185 1012 ita
205 971 265 1010 non
295 959 342 1011 est
370 971 498 1036 neeesse
518 959 632 1013 eertum
656 951 774 1027 tonum,
802 955 979 1030 euntemque
1002 965 1069 1028 pes-

140 1052 248 1095 sonam
271 1034 398 1112 babere,
421 1036 492 1096 linet
512 1037 578 1096 sine
600 1035 672 1095 looo
694 1051 888 1114 personaque
910 1051 981 1092 esse
1005 1051 1067 1091 non

143 1125 243 1199 quent.
288 1117 348 1179 Sed
362 1119 465 1180 omnia
487 1125 556 1178 sunt
577 1117 779 1178 indifferentia
792 1123 822 1176 et
836 1116 941 1194 libera,
964 1115 1068 1176 omnis

1119 664 1121 753 t

1120 804 1123 895 t

141 1201 230 1261 loeus
252 1201 424 1262 Christiano
446 1202 584 1280 quadrat,
607 1207 638 1261 et
659 1200 758 1261 nultus
781 1201 866 1260 loeus
889 1200 1067 1260 Christiano
1119 1208 1123 1219 ·

141 1285 332 1344 nenessadns
354 1291 409 1360 est,
433 1286 531 1345 omnis
554 1301 688 1365 persono
708 1300 836 1363 poscere
857 1301 927 1344 eum
950 1287 1069 1363 potest,

133 1373 172 1434 ,et
193 1367 276 1428 nulle
297 1375 381 1429 nerto
402 1387 533 1448 persons
557 1369 730 1428 necessaris
753 1371 814 1442 est,
844 1381 923 1444 qnae
947 1373 1067 1446 paseat.
1119 1420 1124 1451 =

140 1449 277 1510 libertas
299 1452 379 1512 enim
402 1451 524 1530 spiritus
547 1451 596 1510 bio
617 1458 740 1531 regnat,
764 1467 844 1531 quae
865 1449 937 1508 feeit
960 1449 1069 1510 omnis

141 1533 353 1609 indifferentia,
376 1535 655 1612 nntlooeoessa'ria,
678 1542 878 1613 quaeeunque
892 1531 1070 1612 corporalia
1119 1564 1123 1612 ς

142 1623 173 1677 et
194 1621 315 1678 terrena
336 1621 416 1680 sunt.

204 1700 323 1779 etquid
335 1701 397 1760 boo
409 1699 539 1760 mirum?
561 1719 629 1760 num
643 1698 682 1760 ad
694 1698 764 1778 boo,
778 1705 810 1758 ut
824 1699 865 1758 sis
882 1697 988 1772 bonno,
1003 1712 1069 1757 eor·
1121 1740 1122 1750 ,

143 1783 289 1862 poraliter
318 1783 402 1844 nullo
426 1784 496 1844 loeo
519 1789 621 1860 nerto,
649 1782 732 1842 nulle
760 1788 844 1842 oerta
865 1795 1004 1861 persono
1026 1782 1068 1840 io·

143 1865 245 1946 diges‚
273 1866 327 1926 sed
350 1866 492 1928 omnibus
515 1866 608 1943 loeis,
638 1864 779 1926 omnibus
805 1864 947 1945 personis
969 1863 1068 1924 bomo

143 1965 212 2009 essa
234 1957 334 2029 potes.
376 1949 463 2028 Iuno,
494 1967 573 2030 quae
601 1966 649 2010 res
677 1948 782 2008 mundi
811 1948 990 2008 neeessario
1016 1947 1067 2007 alii
1122 1997 1123 2004 ,

143 2031 289 2092 adhaeret
308 2037 339 2092 et
361 2033 519 2114 alligatur,
553 2051 591 2092 ao
612 2051 673 2092 nou
697 2032 813 2111 potius,
845 2030 940 2090 tibere
970 2035 1004 2088 et
1026 2031 1068 2089 in·
1119 2009 1124 2099 l

144 2113 316 2178 differenter
337 2133 371 2176 se
393 2115 596 2196 quaelibetad
620 2114 787 2195 quamlibet
797 2113 910 2174 babet?
933 2111 1069 2172 utlibet·

142 2202 205 2259 tote
239 2199 361 2278 spiritns
396 2199 489 2278 plena
522 2203 670 2280 appareat
701 2203 766 2257 tota
793 2204 949 2275 ereatura,
985 2197 1069 2255 siout

143 2281 296 2340 nouimus:
318 2281 405 2342 Pleni
427 2289 497 2341 sont
518 2282 596 2342 noeti
618 2286 740 2341 etterra
762 2279 861 2359 gloria
883 2287 944 2340 tun.
988 2277 1068 2352 Quis
1125 2304 1126 2311 ¹

143 2380 216 2444 ergo
238 2364 321 2424 furor
342 2366 529 2446 papistarum
551 2361 816 2444 impiissimorum,
843 2369 878 2422 ut
900 2361 1066 2422 ecetesiam

143 2447 210 2522 Dei,
231 2465 310 2526 quse
332 2449 467 2508 omnium
491 2447 624 2507 maxime
652 2446 830 2520 liberasset,
860 2445 930 2506 lboo
953 2461 1012 2504 suo
1035 2451 1066 2504 et

143 2543 294 2610 personae
316 2549 400 2607 suae,
423 2532 513 2592 oertis
536 2537 566 2590 et
579 2527 759 2590 necessariis
773 2528 908 2608 alligent,
931 2527 965 2588 nt
981 2527 1066 2589 Obri-

142 2613 273 2672 stionum
296 2624 364 2674 esse
392 2620 519 2693 negent,
550 2613 600 2692 qui
623 2628 684 2673 non
706 2612 788 2672 buno
811 2627 941 2691 papam,
971 2610 1064 2671 etism

141 2696 282 2774 impium,
307 2696 368 2758 hoo
393 2697 464 2758 looo
487 2695 674 2757 habitantem
696 2693 853 2755 adorauit?
894 2693 961 2753 Neo
981 2693 1064 2752 iuvet

144 2795 329 2858 quenquam,
351 2780 376 2839 si
399 2778 565 2860 quemlibet
585 2785 741 2858 pastorem
762 2776 969 2838 indifferenter
990 2792 1062 2854 quo·

141 2860 216 2921 libet
236 2861 308 2922 loeo
330 2861 477 2924 habuerit.
520 2862 606 2922 Haeo
628 2867 676 2922 est
696 2861 749 2921 illo
765 2860 954 2922 abominatio
977 2865 1061 2918 stans

142 2944 171 3003 in
195 2944 265 3004 loeo
288 2951 396 3005 saneto
424 2953 454 3005 et
477 2946 615 3024 operatio
638 2944 757 3005 erroris.
810 2942 842 3004 si
872 2943 953 3002 enim
976 2941 1060 3002 loeus

143 3033 172 3086 et
194 3046 327 3106 persono
348 3029 523 3089 necessaria
536 3033 607 3089 suut
628 3026 818 3102 adsalutem,
841 3039 974 3104 sequens
991 3026 1060 3101 erit,

141 3115 188 3181 ut,
219 3109 308 3189 quil)
334 3110 434 3170 looum
466 3118 495 3170 et
522 3129 685 3191 personam
713 3108 863 3170 eiusmodi
890 3108 1006 3169 habent
1033 3117 1060 3168 et

143 3191 258 3269 solunt,
281 3193 357 3254 salvi
381 3201 411 3254 et
423 3194 520 3254 saneti
543 3194 611 3255 sint.
633 3193 753 3253 Nomio
776 3192 822 3252 bis
841 3191 1059 3270 consequentia

142 3275 355 3354 apartioulari
379 3278 493 3355 optime
514 3276 605 3353 velet,
628 3295 696 3336 oum
719 3274 968 3355 posterioristiois
991 3288 1058 3335 oon·

143 3363 201 3414 stet
224 3357 484 3437 propositionibus
516 3359 630 3438 (oogor
651 3360 731 3418 enim
754 3364 784 3419 et
803 3375 906 3418 meam
927 3357 1058 3416 dialecti·

144 3457 210 3498 eam
234 3447 389 3500 ostentare
411 3441 476 3514 istis
504 3440 689 3502 admirandis
717 3440 921 3520 dialeotiois):
949 3441 1057 3520 impos-

146 3604 562 3619 m

192 3697 227 3760 d)
246 3699 277 3752 In
295 3701 358 3756 edit.
377 3705 447 3774 orig.
465 3703 553 3758 deest:
573 3707 629 3774 qui.
