2252 4006
367 149 453 206 Ducis
474 109 613 209 saxoniae
632 155 682 208 ete.
929 149 991 221 247

54 378 56 382 ,
149 303 215 366 Nec
237 311 283 364 est
300 304 447 366 hactenus
462 305 716 366 clementissimus
726 305 875 386 Princeps
884 313 992 370 noster

64 406 137 448 vere
172 387 285 448 certior
317 387 430 467 factus,
463 389 511 450 vel
534 408 552 448 a
575 389 728 450 Caesarea
751 389 909 460 Maiestate
941 390 990 452 vel

63 473 211 550 quopiam
242 470 302 531 alio
341 469 462 532 Lutheri
500 474 616 552 scripta
651 473 800 532 eiusmodi
835 475 990 550 convictu,

61 572 144 632 quae
167 553 340 614 incendium
356 561 536 615 mereantur.
582 555 710 631 Quodsi
734 555 857 616 aliunde
880 562 910 616 et
923 575 992 636 pro·

60 635 206 696 babiliter
228 639 435 718 cognovisset,
458 633 542 697 certo
568 637 655 698 vobis
677 638 862 717 persuadete
885 640 991 701 omnia

60 719 158 780 fuisse
179 719 340 796 facturum,
363 739 442 799 quae
465 720 511 780 vel
525 719 696 801 Principem
721 721 892 782 Electorem
909 721 992 784 Obri-

61 803 216 879 stianum,
248 803 295 862 vel
318 802 510 864 obedientem
534 803 683 864 ecclesiae
706 804 879 866 catholicae.
898 802 992 868 filium

61 883 183 946 deceat.
229 883 371 946 Ceterum
405 881 574 947 istiusmodi
612 893 673 946 tam
711 886 831 947 molesti
863 895 993 950 conatus

60 967 305 1029 clementissimo
321 969 453 1048 Principi
477 978 592 1045 nostro,
615 989 652 1030 ac
673 969 800 1030 iohanni
822 969 905 1030 fratri
927 971 991 1032 eius

59 1069 214 1130 germano
237 1051 435 1126 eteornm1)
461 1051 636 1130 regionibus
660 1063 691 1114 et
724 1051 881 1132 gentibue,
914 1053 995 1133 ipso-

60 1153 130 1192 rum
148 1134 277 1212 imperio
297 1134 481 1214 parentibus,
505 1144 565 1194 tarn
580 1141 650 1196 sunt
664 1135 881 1212 intolerabiles,
903 1155 996 1220 quam

61 1235 114 1294 qur
139 1236 274 1276 maxime
297 1219 441 1278 omnium.

129 1311 138 1316 “
152 1298 361 1374 Quamobrem
375 1300 594 1360 illustrissimus
610 1300 755 1380 Princeps
777 1305 882 1362 noster
895 1305 994 1381 roget,

64 1388 97 1442 ut
128 1383 262 1460 omissa,
296 1402 357 1462 que
396 1403 444 1442 res
474 1389 584 1462 coepta
612 1390 659 1443 est
686 1385 753 1462 agi,
790 1385 842 1442 via
877 1384 995 1444 cavetis

62 1483 194 1544 opernm
216 1467 258 1526 ita
281 1465 392 1546 agendi
407 1485 540 1526 ,causam
562 1467 668 1538 istam,
696 1463 766 1544 ut²)
792 1466 907 1544 nequis,
930 1485 993 1526 eru·

63 1547 148 1623 ditis,
171 1548 230 1628 piis
254 1555 283 1608 et
305 1567 365 1608 non
380 1549 530 1628 suspectis
543 1547 702 1623 iudicibus,
725 1547 780 1608 sub
792 1545 853 1607 fide
872 1546 996 1628 publiea

64 1628 240 1692 sufficiente
278 1640 490 1692 securamento
522 1637 552 1690 et
581 1631 735 1692 conductu
768 1629 881 1710 libero,
919 1630 995 1692 locis

63 1732 128 1773 non
152 1715 265 1795 iniquis
288 1715 453 1774 commissa
484 1711 622 1774 audiatur
653 1719 684 1774 et
705 1720 906 1794 agnoscatur3
938 1731 996 1774 nec

62 1792 279 1856 libri'Lutberi
301 1799 369 1876 ipso
393 1815 493 1878 neque
507 1797 611 1858 audito
627 1816 726 1876 neque
748 1798 890 1858 convicto
914 1815 995 1858 com·

62 1877 224 1940 burantur.
267 1878 345 1940 Nam
368 1879 418 1939 nbi
440 1879 631 1956 buthe1·us³)
656 1881 786 1940 revictus
804 1880 901 1956 suerit,
923 1879 996 1941 nibil

64 1964 168 2022 minus
192 1964 360 2022 committet
371 1960 516 2042 Princeps
538 1970 641 2024 noster
653 1961 883 2040 illustrissimus,
905 1981 995 2041 quern

64 2042 151 2124 quod
186 2043 313 2124 indigno
349 2043 528 2106 subscribat.
571 2045 678 2124 Neque
715 2045 831 2106 dubitat
852 2043 996 2125 Princeps

64 2133 192 2204 noster,
213 2146 253 2188 ne
275 2135 337 2188 tum
362 2127 482 2206 quidem
506 2125 694 2206 pontificiam
726 2128 918 2189 sanctitatem
941 2145 994 2206 po-

65 2208 251 2270 stuleturam
266 2228 340 2288 ase,
356 2209 438 2288 quod
453 2229 560 2290 parum
576 2209 705 2270 honeste
717 2216 874 2290 praestare
891 2211 998 2290 possit,

65 2294 96 2352 in
113 2290 317 2368 reterendst)
342 2294 423 2352 enim
439 2292 597 2354 sanctitati
611 2291 791 2354 Pontificiae
805 2293 903 2372 gratie
918 2293 998 2354 Priu-

67 2393 145 2455 oeps
169 2381 273 2436 noster
294 2373 446 2437 lllustriss.
470 2380 503 2435 ut
525 2374 672 2436 obediens
695 2375 998 2437 sacrosanctissimae
1059 2407 1064 2414 ·

68 2457 225 2519 ecclesiae
247 2457 419 2518 catholicae
441 2455 520 2518 filius
543 2476 772 2538 nunquamnon
794 2459 849 2518 erit
870 2457 997 2537 paratis-

67 2559 176 2603 simus.

148 2621 218 2699 Quo
241 2621 346 2684 audito
369 2623 503 2684 Marinus
535 2629 565 2683 et
586 2622 742 2684 Aleauder
770 2623 897 2682 seorsim
929 2641 997 2681 cum

69 2705 134 2765 suis
160 2705 278 2785 loquuti
301 2713 380 2766 sunt.
422 2706 497 2766 Cum
520 2724 594 2766 vero
616 2725 671 2784 per
697 2703 893 2766 illustrissimi
916 2704 999 2765 Prin-

69 2788 147 2867 cipis
181 2788 280 2849 nostri
313 2788 510 2849 Oonsiliarios
538 2789 644 2848 iterum
673 2788 703 2846 in
732 2787 919 2867 colloquium
949 2787 1000 2846 ad-

71 2871 158 2930 missi
176 2876 288 2947 esseut,
311 2869 466 2936 Alsender
491 2877 629 2950 repetere
655 2871 766 2950 coepit,
791 2889 870 2949 quae
889 2869 1000 2930 Princi-

70 2953 117 3032 pis
142 2953 268 3014 nomine
291 2951 372 3012 dicta
395 2958 488 3013 erent.
534 2951 707 3032 Allegabet,
732 2953 840 3032 quibus
865 2961 895 3012 et
926 2958 1001 3032 quot

71 3035 172 3096 modis
196 3034 347 3097 Pontifex
379 3033 536 3096 Romanus
572 3045 700 3096 conatus
729 3043 811 3096 esset
831 3035 1000 3096 *Martinum

108 3153 140 3221 t)
161 3153 193 3207 Iu
201 3154 244 3207 ed.
254 3157 352 3222 princ:
366 3170 463 3208 eorum
475 3162 540 3208 turn.
560 3153 673 3215 211brd.
694 3153 785 3206 deest:
801 3157 839 3206 ut.
859 3151 891 3220 3)
908 3151 939 3206 Ιιι
959 3151 1001 3206 ed.

72 3224 136 3279 den.
155 3227 226 3278 haec
244 3225 389 3296 leguntur:
409 3243 473 3279 nam
492 3227 538 3279 ubi
558 3226 691 3278 Lutherus
711 3227 891 3294 argumentis,
913 3224 1000 3277 doctis

74 3298 237 3359 rationibus,
256 3300 309 3366 piis
330 3301 357 3350 et
374 3297 471 3350 solidis
492 3297 639 3366 Scripturis
659 3299 775 3349 revictus
791 3297 880 3348 tuerit.
917 3295 949 3358 4]
968 3293 1001 3348 lu

73 3368 113 3424 ed,
134 3368 199 3423 Jen.
220 3369 274 3422 hoc
293 3373 466 3421 enuntiatum
485 3371 525 3422 ita
552 3367 687 3422 redditur:
708 3406 714 3420 .
738 3407 741 3416 .
763 3369 866 3436 possit,
897 3367 1001 3436 alioqui

74 3443 269 3508 paratissimus
289 3442 379 3492 tacere
399 3443 506 3505 omnia,
526 3455 597 3509 qnae
617 3440 783 3492 conveniunt
802 3439 855 3490 sibi
876 3443 906 3490 ut
926 3431 1002 3492 eurr·-

74 3514 182 3578 stieno,
200 3519 230 3564 ut
248 3513 365 3579 Principi
386 3514 455 3564 sacri
477 3513 594 3565 Romani
613 3511 720 3578 imperii
739 3509 871 3573 Eleuteti,
891 3515 921 3561 ut
940 3510 1003 3562 obo-

75 3581 160 3636 dienti
181 3585 385 3636 sacratissimae
406 3585 501 3636 matris
521 3583 653 3636 ecclesiae
682 3581 753 3648 filio,
779 3583 896 3650 gretiam
917 3581 1000 3634 etiarn

75 3656 220 3708 sanctitati
239 3655 397 3725 pontificiae
417 3661 575 3711 reverenter
595 3654 747 3706 habiturus.
