2250 4008
359 166 484 220 Rationis
502 167 682 222 Latomianac
701 173 750 222 etc.
844 191 846 196 ’
962 163 1023 230 521

109 321 260 401 pendatur
287 325 381 388 libros
410 329 539 405 habers,
575 327 629 388 sed
658 323 740 405 qnod
769 325 950 400 videndum,
987 346 1025 390 an

109 414 191 476 dicta
204 413 325 475 Petrum
349 412 386 474 eb
409 411 584 475 adversario
607 411 688 473 bona
704 409 765 472 fids
779 411 917 474 citantur.
948 411 1025 473 Nam

108 499 295 577 Dionysium
319 499 393 558 citat
414 498 451 558 de
474 494 591 557 orando
609 495 676 556 Deo
699 513 754 573 pro
777 494 934 571 defunctis,
957 516 1025 558 cnm

108 582 161 643 ille
196 579 234 640 de
263 581 417 659 laudando
447 579 575 656 scribat,
604 588 638 639 ut
664 579 780 657 optime
808 580 939 641 memini.
989 581 1029 640 Et

111 685 206 745 quare
236 673 369 726 vestrum
398 665 506 745 aliquis
535 661 574 722 ad
608 661 725 742 reliqua
752 682 813 724 non
840 663 1028 744 respondet?

111 750 159 810 vel
182 756 224 823 tu,
246 749 296 810 vel
310 747 449 810 Andreas
462 744 692 810 carolostadios
711 744 765 826 ¹)?
787 746 904 826 Ecquid
928 755 1029 808 cessat
1105 817 1107 826 Ι

111 831 326 894 Amsdorfius?
369 833 417 893 An
439 851 500 892 non
525 828 666 891 omnibus
688 829 775 891 vobis
799 831 911 910 pariter
928 831 1028 892 Evan-

111 916 183 995 gelii
205 915 301 996 gloria
324 915 507 976 vindicanda
530 913 598 975 est?
641 912 741 992 Caput
768 913 868 993 08⁰²)
899 916 1028 976 contrivi

111 999 278 1079 Serpentis,
302 1019 414 1080 corpus
437 1019 490 1060 cur
510 1017 572 1057 non
596 997 715 1076 queatis
738 996 879 1058 calcare?
934 996 936 1000 ⁴

194 1081 339 1162 Exempli
361 1083 475 1163 gratia,
506 1075 629 1162 quando
656 1079 728 1139 illud
750 1079 804 1141 Iob
826 1082 860 1143 9:
894 1081 1033 1142 Verebar,

112 1167 217 1226 omnia
239 1185 334 1246 opera
356 1185 434 1244 mea,
456 1165 507 1225 ille
529 1165 573 1224 sic
595 1164 732 1242 exponit,
755 1162 898 1242 verebar,
919 1163 949 1224 id
972 1171 1028 1242 est,

111 1247 335 1328 observabam,
376 1256 406 1310 et
437 1248 513 1318 illud
538 1246 794 1321 Psalm.143³l.
837 1247 906 1309 Non
935 1249 1029 1308 intres

108 1334 140 1392 in
170 1330 314 1393 iudicium
345 1353 414 1393 cum
446 1350 535 1393 servo
566 1337 618 1390 tuo
642 1337 699 1394 etc.
721 1329 773 1390 ubi
809 1331 959 1411 propheta
986 1333 1029 1392 iu·

111 1415 224 1476 dicium
247 1416 303 1476 Dei
327 1415 517 1496 deprecatur,
540 1412 622 1492 qnod
644 1411 697 1474 ille
719 1415 847 1492 exponit
869 1415 929 1473 sic:
951 1414 1031 1476 Tota

110 1499 175 1558 vita
196 1497 252 1558 Dei
273 1505 320 1559 est
341 1501 407 1559 sine
428 1504 572 1577 peccato,
602 1501 633 1556 et
665 1495 775 1556 nullius
805 1496 936 1557 hominis
966 1504 1030 1558 tota

111 1583 175 1641 vita
208 1588 255 1640 est
288 1582 354 1642 sine
388 1589 534 1661 peccato,
566 1597 640 1659 ergo
667 1597 730 1640 non
765 1580 829 1639 vult
862 1580 1029 1641 secundum
1079 1650 1083 1655 ¹

110 1665 206 1724 vitum
230 1665 286 1724 Dei
309 1664 445 1724 iudicari.
487 1665 593 1744 ltaque
624 1661 769 1722 iudicium
791 1662 848 1722 Dei
876 1663 923 1724 vel
958 1683 1028 1724 con·

110 1742 249 1826 spectum
272 1748 329 1808 Dei
356 1748 408 1808 ille
440 1748 533 1807 vitam
564 1746 620 1806 Dei
649 1745 729 1807 facit.
778 1744 836 1806 Ubi
866 1753 967 1807 autem
997 1748 1026 1824 in

111 1829 275 1909 Scripturis
307 1832 351 1891 sic
379 1829 548 1912 accipitur?
590 1829 673 1906 Ergo
707 1828 807 1907 eliqua
843 1848 914 1908 pars
948 1831 1029 1890 vitae

111 1919 236 1973 nostrae
259 1914 327 1991 est,
364 1932 444 1993 quae
480 1910 580 1993 possit
611 1910 726 1971 dicere:
770 1912 865 1971 Intres
894 1914 924 1972 in
954 1913 1028 1973 iudi·

112 1997 210 2071 cium,
245 2013 324 2075 qnae
356 1996 474 2056 scilicet
514 1997 552 2055 sit
589 1994 626 2053 de
658 2012 786 2054 numero
825 1994 900 2066 alio,
935 2014 1026 2075 quam

111 2097 234 2151 corum,
267 2081 317 2158 qui
351 2097 458 2140 omnes
496 2081 632 2137 viventes
662 2076 810 2140 dicuntur.
861 2078 901 2139 At
922 2078 1027 2138 Patres

109 2161 162 2222 ille
205 2161 346 2222 inducit?
389 2163 428 2222 nt
460 2161 565 2222 Patres
604 2179 666 2220 non
708 2160 829 2220 fuerunt
864 2160 1027 2222 homines?
1085 2159 1089 2174 ⁸

109 2244 221 2304 Nonne
242 2245 316 2304 istas
339 2248 464 2305 naenias
488 2253 518 2304 et
549 2242 662 2303 similes
686 2261 777 2322 qnam
810 2243 952 2304 facillime
974 2244 1027 2305 ali-

110 2326 179 2403 quis
202 2332 335 2387 vestrum
360 2328 517 2388 confutare
537 2324 658 2407 possit?
700 2324 847 2388 Iudicium
870 2327 925 2386 Dei
950 2346 1027 2407 opus

110 2409 168 2468 Dei
190 2417 246 2486 est,
270 2429 331 2488 quo
354 2429 415 2472 non
438 2429 524 2471 suam
547 2411 639 2469 vitem
663 2415 822 2488 comparat
843 2408 951 2484 nobis,
973 2409 1026 2470 sed

110 2494 248 2553 nostram
288 2495 461 2570 examinat,
503 2492 618 2572 alioqui
657 2510 735 2571 quas
772 2490 963 2572 absurditas,
996 2500 1028 2553 ut

110 2580 236 2636 aeterna
268 2578 330 2636 vita
364 2583 557 2656 comparetur
579 2574 837 2636 momentaneae?
871 2575 965 2635 Multa
998 2583 1028 2637 et

110 2656 205 2718 ferme
228 2659 331 2719 omnia
352 2665 422 2720 sunt
443 2657 626 2719 huiusmodi.
670 2656 787 2717 Vellem
816 2658 896 2717 enim
920 2665 950 2717 et
971 2677 1027 2719 vos

110 2739 223 2819 aliquid
247 2761 303 2820 pro
327 2741 420 2802 verbo
442 2741 558 2818 facere,
591 2747 624 2800 ut
653 2759 712 2818 ego
733 2739 858 2800 feriatus
880 2747 910 2800 et
933 2741 1027 2822 vulgo

111 2824 223 2883 misero
246 2823 412 2903 aliqnando
434 2824 547 2884 servire
569 2825 694 2903 possim.
728 2822 792 2883 Vos
807 2824 921 2884 tirones
935 2826 1026 2885 etiam

110 2912 234 2985 oportet
255 2908 402 2984 exerceri,
426 2915 517 2986 atque
538 2905 568 2965 id
589 2907 737 2986 optimum
753 2906 852 2982 fuerit,
874 2926 923 2966 rne
944 2909 1029 2984 vivo,

111 2990 136 3048 si
160 2989 231 3067 qnid
254 2990 332 3050 forte
354 2991 459 3050 iurare
483 3008 603 3068 queam.
637 2988 697 3049 Sed
714 3007 841 3066 quaeso,
863 3008 899 3049 en
921 2991 1028 3070 accipe

68 3100 71 3110 ·
110 3070 237 3148 librum,
272 3091 362 3149 quam
386 3071 506 3152 gaudeo
529 3071 612 3131 illum
636 3070 718 3152 apud
740 3091 789 3131 me
811 3071 941 3151 amplius
965 3091 1026 3133 non

109 3155 233 3297 ppqari.
277 3155 354 3216 Vale
388 3175 427 3215 ex
460 3154 589 3216 Pathmo
613 3175 697 3232 mea,
733 3155 798 3218 XX.
821 3155 904 3214 lunii.
929 3155 967 3217 ll.
991 3155 1027 3219 D.

136 3375 553 3386 -——--—--—--»—-....-.......

183 3447 215 3515 1)
236 3448 267 3500 ln
296 3448 338 3500 sd.
367 3449 426 3502 len.
455 3449 554 3503 desunt
578 3448 676 3500 verba:
706 3446 750 3500 vel
769 3445 894 3500 Andreas
915 3445 1026 3500 Carolo·

110 3519 225 3591 stadius,
261 3520 295 3584 2)
315 3519 435 3574 Itidem:
455 3537 530 3592 argo.
567 3517 599 3587 3)
621 3518 652 3572 In
673 3518 714 3572 sd.
736 3521 820 3589 orig.:
841 3517 881 3571 Gl.

464 3629 672 3642 m
