2258 4002
297 196 455 250 Anticles-isti
487 195 515 250 D.
535 195 570 252 ll.
588 195 734 250 Lntherus.
924 194 986 259 145

64 350 200 428 pietatis,
236 350 410 429 gravitatis,
439 347 586 410 Romanis
614 350 679 408 istis
706 349 842 429 tyrannis
871 350 987 409 inesset

63 431 228 510 reliquum,
251 434 335 492 omni
357 432 458 491 studio
481 451 591 492 cavere
614 433 787 512 debuerint,
810 433 913 493 omnia
943 433 985 492 ita

62 517 88 574 in
111 514 182 573 luce
205 516 287 575 clare
308 514 346 575 ab
370 516 413 574 eis
436 515 495 574 dici
517 517 643 594 elgeri,
668 523 700 575 ut
721 533 779 574 nec
794 514 985 575 adversarius

60 599 267 677 suspicionem
290 598 410 659 haurire
433 598 503 657 mali
526 601 702 677 cuiusquam
726 599 832 677 possit.

142 684 185 739 At
213 700 294 740 nunc
323 683 347 740 si
371 680 442 740 nibil
472 691 553 740 esset
586 681 730 755 aliorum,
763 699 842 759 quae
874 680 985 741 bullam

61 763 147 822 istam
173 763 343 841 elevarent,
373 763 434 824 hoe
461 783 597 824 crassum
629 770 659 824 et
691 766 826 842 ineptum
863 765 986 823 menda-

60 848 136 904 cium
162 866 232 906 eam
258 847 373 922 levem,
405 865 513 906 vanam
542 855 572 906 et
595 845 701 906 falsam
725 848 832 927 arguit
875 847 985 926 Rome,

58 947 195 1007 quaeso,
230 930 302 989 mihi
332 929 477 1009 pecunias
510 929 688 989 exhiberet?
733 929 772 987 lut
799 930 879 989 unde
902 930 986 1007 illud,

58 1010 138 1090 quod
164 1021 355 1092 compertum
379 1013 494 1089 babeo,
517 1031 585 1072 esse
608 1012 749 1072 videlicet
778 1031 833 1091 per
855 1015 984 1092 trapezi·

57 1105 101 1154 tas
127 1095 208 1155 istos
238 1096 338 1175 (quod
364 1096 497 1155 Baneum
523 1105 652 1171 vocant)
683 1093 824 1154 definitos
851 1096 881 1155 in
913 1094 988 1156 Ger·

58 1179 158 1236 mauis
194 1178 312 1258 aliquot
343 1179 535 1238 centenarios
572 1195 732 1239 aureorum
767 1178 900 1255 sicariis,
935 1180 986 1257 qui

60 1260 223 1320 Lutberum
247 1261 453 1322 conficerent?
476 1261 529 1320 His
552 1263 632 1321 enim
651 1260 821 1320 rationibus
844 1270 874 1319 et
895 1264 987 1340 scrip·

1 1335 2 1428 ᾗ
60 1343 129 1402 luris
160 1344 254 1403 bodie
283 1354 415 1424 pugnat,
449 1353 566 1424 regnat,
602 1343 768 1423 triumphat
802 1350 909 1403 sancta
936 1345 987 1404 illa

1 1435 2 1500 l
58 1427 232 1505 apostolica
255 1427 360 1504 sedes,
390 1428 535 1506 magistra
558 1426 645 1504 fidei,
675 1435 706 1486 et
727 1433 824 1486 mater
845 1426 988 1486 ecclesia·

1 1515 2 1597 q
59 1527 141 1586 rum,
166 1511 227 1568 iam
252 1509 364 1570 dudum
387 1510 631 1582 antichristiana,
661 1519 690 1568 et
713 1508 759 1569 bis
782 1509 897 1589 septies
919 1511 989 1569 hae·

58 1593 153 1652 retica
178 1594 338 1671 convicte,
361 1593 384 1651 si
403 1592 507 1672 gladio
530 1594 668 1672 spiritus,
691 1591 772 1670 quod
795 1602 841 1652 est
864 1592 987 1652 verbum
1092 1633 1096 1639 -

60 1669 328 1754 Dei,'pugnaseet,
351 1675 380 1736 id
395 1675 477 1753 quod
490 1693 551 1735 non
574 1678 713 1754 ignorat,
734 1674 815 1751 ideo,
838 1693 876 1734 ne
891 1694 988 1754 quan·

1 1771 2 1790 ¹
61 1756 97 1816 do
110 1757 150 1816 ad
176 1758 207 1816 id
223 1765 351 1840 cogatur
361 1758 498 1838 periculi,
521 1761 566 1817 sic
588 1759 658 1818 lurit
679 1759 708 1818 in
728 1757 801 1817 orbe
815 1756 987 1818 Christiano

60 1839 160 1916 bellis,
186 1840 346 1918 caedibus,
379 1841 551 1917 cruoribus,
574 1839 731 1917 mortibus,
755 1841 985 1919 vastationibus,

59 1924 163 1982 omnia
187 1924 346 1985 involvens
367 1933 399 1982 et
412 1923 553 2003 perdens,
575 1923 675 1984 adhuc
689 1930 790 1983 mmen
814 1930 884 1983 sunt
901 1943 986 1983 sanc·

59 2007 167 2066 tissimi
199 2008 229 2066 in
252 2007 386 2068 Domino
408 2014 527 2088 patres,
561 2013 592 2066 et
613 2007 714 2067 ovium
739 2006 848 2066 Christi
872 2007 986 2084 vicarii,

79 2096 212 2150 setores.
844 2119 847 2126 ,

60 2107 77 2167 p
141 2171 205 2232 Sed
227 2192 301 2252 age,
330 2180 364 2233 ut
387 2179 417 2232 el
449 2173 515 2252 ipse
543 2170 714 2248 colludam,
744 2171 846 2231 adbuc
868 2174 989 2232 mittant

60 2257 239 2334 pecuniam,
268 2255 357 2316 fldem
389 2258 468 2315 enim
498 2273 551 2315 seu
574 2255 759 2314 conductum
782 2259 915 2328 salvum,
949 2273 988 2314 ne

62 2338 186 2398 nimium
216 2357 270 2400 eos
297 2357 439 2420 gravem,
473 2338 570 2398 libens
592 2339 730 2418 resigno,
764 2356 831 2396 cum
860 2355 920 2397 non
950 2339 989 2396 sit
1090 2373 1096 2392 ,

62 2439 136 2499 opus
161 2441 216 2498 so,
239 2421 332 2483 modo
357 2422 488 2502 propilia
510 2422 548 2481 sit
570 2423 717 2500 pecunia,
747 2429 863 2479 tantam
886 2430 987 2480 aulem

62 2513 221 2585 exspecto,
246 2513 359 2583 quanta
382 2506 455 2566 eatis
479 2504 576 2577 fuerit,
599 2512 632 2563 ut
653 2504 758 2582 viginti
782 2503 914 2563 millibus
939 2523 988 2583 pe·

64 2585 155 2646 ditum
193 2597 225 2647 et
253 2589 386 2668 quinque
416 2587 546 2648 millibus
575 2588 709 2666 equiturn
744 2587 908 2646 instructus
929 2585 989 2646 Ro·

65 2689 141 2728 mam
171 2675 254 2730 tutus
286 2673 330 2732 ire
358 2690 484 2750 queam,
504 2689 577 2750 ‚qua
610 2675 675 2729 arte
712 2669 783 2728 mihi
815 2670 889 2729 satis
917 2668 987 2730 fidei

66 2755 188 2831 perebo,
211 2761 242 2814 et
263 2753 323 2814 hoc
346 2763 470 2834 propter
491 2753 631 2830 Romam,
655 2770 734 2831 quae
757 2751 884 2812 devorat
907 2752 992 2812 habi-

66 2843 176 2896 tatores
200 2855 288 2914 suos,
318 2837 401 2897 nulla
428 2855 484 2896 nec
506 2843 642 2910 serrata,
677 2853 734 2895 nee
756 2843 898 2896 servante
919 2834 989 2914 lide,

67 2917 111 2978 ubi
135 2921 321 2980 sanctissimi
344 2927 445 2999 patres
474 2919 619 2979 occidunt
645 2917 774 2978 dilectos
804 2917 883 2978 lilios
906 2937 989 2994 suos,

66 3003 93 3059 in
115 3003 243 3062 caritate
265 3003 339 3081 Dei,
368 3003 537 3081 fratresque
558 3001 690 3081 perdunt
710 3000 817 3060 iratres
846 3003 875 3060 in
900 3000 989 3064 obse·

67 3085 165 3162 quium
189 3086 315 3165 Christi,
347 3087 425 3145 sicul
453 3093 499 3146 est
529 3085 621 3144 moris
644 3084 775 3144 Romani
806 3091 897 3163 atque
918 3084 989 3148 stili.

67 3166 184 3227 interim
217 3169 293 3229 liber
321 3187 373 3228 ero
396 3168 434 3228 ab
463 3169 550 3228 istius
581 3165 861 3228 venerabilissimae
889 3167 990 3228 bullae

68 3251 217 3312 citatione.
261 3251 288 3312 Ο
319 3271 374 3312 ros
402 3251 540 3311 infelices
570 3250 755 3329 nebulones,
784 3251 834 3328 qui
864 3251 990 3311 veritate

70 3340 97 3391 el
116 3336 305 3395 conscientia
327 3336 372 3395 sic
391 3335 466 3395 estis
488 3333 622 3411 confusi,
647 3343 678 3393 ut
699 3351 758 3392 nee
780 3333 899 3392 mentiri
921 3349 989 3411 pru·

7 3495 8 3500 η
70 3413 171 3476 denter
193 3419 327 3497 possitis,
351 3437 408 3478 nec
429 3435 533 3477 verum
548 3415 648 3476 dicere
665 3416 813 3491 audeatis,
836 3422 866 3474 et
887 3423 989 3476 tamen

72 3517 183 3560 summa
203 3503 372 3581 ignominia
396 3509 496 3560 vestra
517 3501 675 3579 quiescere
697 3517 757 3559 non
782 3497 900 3560 valetis.

147 3582 242 3644 Affers
273 3601 397 3666 quoque
432 3583 514 3643 bulla
541 3601 654 3642 novam
684 3581 880 3657 latinitatemg
917 3600 986 3639 eum
1100 3641 1102 3649 ,

73 3666 145 3725 enim
168 3669 356 3748 Augustinus
378 3666 515 3743 dixisset,
538 3685 572 3726 se
589 3663 750 3744 evangelio
772 3680 834 3725 non
859 3663 988 3723 creditn-

96 3783 182 3824 botheri
195 3793 246 3834 opp.
261 3783 288 3824 V.
302 3784 330 3824 A.
344 3784 373 3824 ad
386 3783 427 3824 rel.
440 3783 492 3824 hiat.
506 3783 521 3824 l.
534 3794 554 3834 p.
572 3783 620 3820 Vol.
638 3782 664 3823 V.
802 3747 841 3810 10
