2258 4002
241 151 245 158 ¹
335 179 371 233 ad
389 177 542 234 Concilium
561 197 579 233 a
595 177 690 234 Leone
707 178 740 231 X.
919 172 981 242 125

68 335 145 396 bonis
166 336 253 399 viris:
277 345 350 399 tuno
370 338 412 398 illi
435 356 540 399 orasse
562 336 695 417 quadam
718 343 748 396 et
765 334 881 396 insulsa
898 341 979 396 astu·

63 420 98 478 tis
117 420 252 481 instructi
267 421 346 502 apud
359 423 582 518 senctiaal'mum
605 421 761 488 dominum
777 418 979 480 Leonametc.

64 511 190 582 egerunt,
213 513 246 565 ut
266 524 360 566 causa
381 506 413 565 in
436 525 469 565 se
487 523 583 585 ipsos,
607 503 668 564 hoc
689 512 745 581 est,
767 505 797 562 in
812 521 977 582 personam

62 584 311 649 Reverendissimi
334 588 448 649 domini
471 589 610 649 Thomae
632 585 821 648 senctiSixti
834 584 978 646 Cardine·

61 668 100 745 lis,
121 675 194 730 tunc
214 673 245 732 in
269 671 435 732 Germania
457 672 744 750 sedisapostolicae
765 670 869 748 legati,
882 675 980 728 trans·

62 749 192 831 serretur,
214 757 321 834 utqui
344 754 382 814 de
405 755 513 815 ordine
534 753 782 815 Praedicatorum
807 759 837 812 et
858 751 979 812 'shomi-

60 835 147 894 eticae
175 837 318 899 factionis
350 837 485 916 (idest)
510 838 704 900 adversariae
733 836 780 894 vel
808 835 979 915 primarius,

58 917 139 978 facile
152 930 337 1000 speraretur,
360 928 466 981 contra
478 941 526 982 me
547 939 604 1001 pro
619 922 694 1002 ipsis
707 918 888 980 diffiniturus
898 963 906 996 ,
918 925 979 998 aut,

60 1009 88 1059 nt
105 1004 270 1064 verisimile
292 1013 354 1084 est,
378 1012 509 1065 certent
531 1005 619 1064 huius
641 1005 719 1064 facie
741 1002 850 1062 iudicis
865 1001 980 1062 abster-

9 1109 11 1156 i
58 1085 124 1142 ritus
147 1105 324 1148 recusarem
344 1105 524 1167 comparere
546 1096 577 1148 et
600 1087 824 1148 contumaciam
847 1087 979 1144 incurre-

9 1181 10 1186 ’
59 1185 127 1229 rem.
171 1169 241 1250 Ego
267 1179 369 1232 tamen
397 1174 526 1232 veritate
553 1172 600 1231 dei
630 1171 723 1231 fretus
747 1170 785 1228 sd
808 1171 978 1248 Augustam

59 1251 147 1310 multo
171 1252 280 1314 labore
302 1263 332 1314 et
354 1256 475 1334 magnis
495 1253 638 1334 periculis
661 1256 786 1314 veniens
807 1253 981 1312 humaniter

9 1367 10 1418 }
58 1336 174 1412 quidem
192 1339 360 1416 spraeiato
374 1338 642 1398 Reverendissimo
659 1345 717 1398 etc.
728 1347 889 1415 susceptus
902 1354 980 1397 suin.

9 1451 10 1456 κ
60 1419 110 1491 Qui
136 1437 208 1478 eum
231 1420 407 1500 posthabite
428 1423 652 1501 protestatione
674 1440 743 1481 mea
765 1427 795 1479 et
813 1419 980 1500 oblatione,

59 1520 112 1577 qua
134 1504 185 1561 vel
210 1506 331 1582 publice
354 1505 401 1564 vel
424 1506 564 1584 privatim
588 1523 637 1564 me
649 1522 867 1584 responsurum
884 1502 980 1562 obtuli

9 1597 10 1612 ³
60 1603 156 1643 coram
183 1587 311 1647 Notario
338 1597 368 1646 et
380 1590 517 1668 testibus,
536 1589 668 1667 denique
680 1586 892 1667 praesentibus
908 1604 980 1666 qua·

9 1623 11 1760 l
59 1679 121 1726 tuor
142 1671 315 1749 insignibus
343 1672 415 1731 viris
438 1671 610 1732 Caesareae
639 1673 805 1731 maiestatis
827 1669 980 1730 Senatori-

9 1761 11 1830 ς
60 1751 118 1828 bus,
136 1754 291 1831 simulque
313 1753 495 1814 subiicerem
520 1775 568 1814 me
591 1773 719 1834 meaque
746 1753 827 1813 dicta
855 1762 981 1813 sanotae

8 1871 9 1878 ι
59 1834 117 1892 sedi
138 1838 349 1914 apostolicae,
380 1846 410 1896 et
431 1839 543 1898 iudicio
567 1846 697 1917 quatuor
726 1837 886 1897 illustrium
917 1837 982 1897 uni·

8 1901 10 2044 ἰ
60 1920 253 1996 versitatum,
290 1919 483 2002 Basilienais,
511 1921 736 2000 Friburgensis,
770 1919 980 1997 Lovanieosis,

8 2045 10 2104 l

59 2001 176 2059 tandem
201 2011 234 2062 et
255 2003 423 2064 studiorum
445 2006 564 2085 parenti
587 2005 794 2065 nobilissimae
817 2003 979 2062 Psrisiensi

8 2109 9 2128 ι
60 2103 102 2142 me
124 2085 305 2165 simpliciter
326 2086 365 2146 ad
387 2090 616 2148 revocationem
639 2097 774 2167 urgeret,
804 2105 861 2146 nec
888 2087 980 2146 vellet

8 2129 14 2222 l
61 2168 221 2227 ostendere
244 2170 315 2229 mihi
338 2189 456 2230 errores
486 2189 589 2249 meos,
615 2179 646 2230 et
674 2172 783 2249 quibus
811 2169 979 2229 rationibus

8 2253 9 2284 ³
60 2251 101 2308 vel
125 2253 343 2314 autoritatibus
366 2271 451 2314 error
473 2273 491 2314 a
514 2273 561 2314 me
583 2255 710 2333 intelligi
733 2262 854 2332 posset,
886 2255 980 2312 nimio

60 2333 174 2394 scilicet
196 2353 273 2395 suae
294 2337 435 2398 iectionis
457 2337 597 2397 fratribus
610 2337 747 2414 affectus,
771 2345 802 2396 et
813 2337 979 2413 iniquitatis

8 2391 10 2502 l
60 2417 164 2477 leoiem
188 2437 365 2500 assumens,
389 2420 522 2502 tandem,
551 2422 607 2502 nisi
637 2438 831 2499 revocarem,
854 2421 980 2480 abiectis

61 2502 199 2578 precibus
224 2510 255 2561 et
276 2503 357 2562 votis
380 2503 518 2564 discendi
539 2512 570 2564 et
587 2502 851 2563 informationibus
862 2504 980 2582 petitio·

8 2579 10 2594 ⁸
61 2585 102 2642 nis
123 2588 225 2644 mines
248 2584 332 2646 diras
366 2604 403 2646 ac
432 2588 657 2648 crudelissimas
680 2588 786 2666 vigore
823 2585 980 2645 cuiusdam

60 2667 220 2746 apostolici
245 2670 344 2728 brevis
367 2672 537 2751 intentavit,
561 2689 598 2731 ec
620 2687 659 2730 ne
676 2671 805 2729 redirem
828 2670 980 2728 infaciem

61 2769 141 2810 suam
165 2753 337 2831 imperavit.
381 2753 498 2828 Quibus
519 2755 747 2834 gravaminibus
770 2753 887 2830 laesus,
910 2763 982 2814 tune

62 2833 95 2893 ab
118 2835 185 2894 eiua
207 2837 312 2913 iniqua
334 2843 364 2895 et
378 2838 512 2897 violenta
533 2839 761 2918 praesumtione
779 2845 810 2896 et
820 2842 983 2916 praetensa

62 2916 113 2974 sibi
128 2919 348 2979 commissione
366 2921 518 3000 appellavi
532 2922 570 2982 ad
583 2921 808 2980 sanctissimum
825 2921 980 2979 dominum

62 3009 195 3060 nostrum
219 3001 354 3063 Leonem
369 3004 519 3064 decimum
533 3004 640 3064 melius
657 3003 893 3081 informandum,
912 3019 980 3082 pro·

63 3095 92 3142 ut
107 3085 136 3142 iu
149 3085 297 3146 schedula
319 3087 491 3148 huiusmodi
514 3089 729 3168 appellationis
756 3086 875 3165 plenius
909 3103 982 3145 eon·

64 3167 179 3232 tinetur.
222 3167 312 3229 Nunc
332 3188 406 3231 vero
433 3173 524 3231 etiam
538 3175 595 3232 ista
609 3170 816 3251 appellatione
833 3170 884 3252 (ut
898 3168 978 3242 dixi)

64 3258 253 3331 contempta,
274 3271 341 3312 cum
366 3273 462 3334 usque
490 3256 583 3316 hodie
606 3256 745 3334 cupiam,
775 3271 836 3312 non
865 3252 920 3311 nisi
950 3256 983 3309 ut

65 3335 261 3394 ostendentur
284 3337 355 3396 mibi
374 3356 492 3398 errores
516 3340 590 3416 mei,
614 3339 798 3417 quicumque
812 3337 934 3395 tandem
952 3331 982 3392 id

64 3419 159 3494 possit
178 3427 352 3500 praestare,
381 3421 419 3480 de
449 3439 510 3499 quo
536 3421 637 3481 denuo
668 3420 802 3499 legitime
831 3424 983 3498 protestor

66 3501 332 3582 paratissimusque
348 3522 414 3563 sum
437 3521 599 3583 revocare,
622 3505 648 3562 si
672 3502 743 3582 quid
767 3500 846 3560 male
869 3501 984 3561 dixisse

65 3581 145 3642 luero
168 3584 313 3663 edoctus,
356 3585 466 3646 deinde
497 3595 592 3648 totam
625 3585 861 3664 disputationem
882 3599 980 3643 meam

66 3664 240 3728 subiecerim
263 3687 383 3732 summo
406 3667 556 3748 Pontifici,
578 3672 620 3730 ita
644 3675 676 3729 ut
697 3685 755 3728 nec
775 3683 835 3744 ego
849 3667 980 3745 amplius
