2252 4006
335 159 390 230 tto
407 161 499 227 intus
517 165 544 217 et
562 159 705 232 multoc
921 153 986 226 279

342 336 511 398 Undecima
534 337 709 400 Conclusio.

137 451 257 513 Fides
281 451 476 533 acquisito
499 461 557 517 ost
580 475 709 535 penno
732 453 987 530 struthionis,

56 534 123 594 sed
147 537 284 597 infusa
305 545 364 597 cst
386 538 548 617 spiritus
573 539 684 601 vitas.
722 537 881 598 Haeciom
905 537 986 598 dictu

56 625 88 677 et
119 619 255 698 probata
282 627 366 680 sunt:
401 621 473 700 quia
507 628 535 679 et
563 620 627 680 lob.
650 623 699 686 39.
723 622 848 683 dicitur:
882 620 986 680 Psunn

56 701 243 762 struthionis
269 703 374 762 similis
403 710 450 763 est
481 705 589 783 pennis
622 705 738 764 herodii
771 712 801 762 ct
823 704 986 784 accipitris,

56 803 85 862 q.
111 783 142 844 d.
164 786 284 864 specics
305 785 428 862 similis,
451 788 545 848 virtus
567 786 732 864 dissimilis,
754 787 825 864 quia
849 803 910 846 non
933 805 986 865 po·

56 873 119 926 test
145 867 262 928 volare.
307 868 353 928 lta
379 867 456 929 fldcs
484 871 633 948 acquisita
662 875 791 949 apparet
811 887 879 928 esse
900 866 988 945 fides,
1073 929 1080 956 ⁸

56 948 111 1008 ssd
125 957 260 1012 nonest.
296 950 346 1011 Sic
356 951 517 1031 hypocrita
535 960 663 1032 apparet
685 971 752 1012 esse
775 957 910 1034 sauctus,
934 949 987 1014 sed

58 1049 122 1090 non
140 1039 208 1116 ost,
231 1041 262 1092 et
283 1033 444 1114 dupliciter
464 1036 594 1114 iniquus.

335 1179 526 1270 Duodecimn
548 1178 722 1239 Conclusio

144 1295 274 1356 Etiam
308 1296 393 1358 sola
424 1297 528 1360 fides
561 1297 689 1356 inlusa
721 1296 819 1356 satis
853 1302 912 1356 ast
944 1294 990 1356 ad

56 1378 394 1460 ius-tilicatiouem
410 1381 529 1460 impii.
562 1377 711 1442 Probatur
724 1379 762 1440 ad
775 1377 990 1461 Rom.1primo:

59 1460 167 1522 iustus
190 1481 230 1521 cx
251 1459 312 1522 fido
336 1463 425 1540 vivit3
452 1471 484 1524 ct
506 1465 539 1526 3:
572 1461 611 1522 Ut
632 1462 670 1525 sit
691 1463 758 1541 ipse
780 1464 876 1533 iustus
890 1467 929 1528 ret
950 1461 991 1520 iu-

60 1543 201 1612 stificans
235 1562 320 1618 cum,
356 1547 470 1624 quiex
502 1543 562 1604 fide
586 1554 632 1614 est
654 1544 722 1604 lesu
746 1544 931 1621 Christi31st
954 1541 992 1604 ad

61 1626 156 1696 Rom.
178 1627 212 1688 4:
243 1627 397 1688 Abraham
429 1627 556 1688 credidit
576 1627 661 1706 vilan,
693 1636 724 1686 et
750 1633 922 1712 rcputotum
947 1632 993 1688 est

62 1710 88 1768 si
102 1708 156 1778 ‚od
178 1709 342 1785 iustitiam,
365 1717 396 1770 et
413 1713 469 1784 ¹10:
494 1710 594 1772 Corde
619 1710 752 1770 creditur
774 1709 991 1785 adjustitiam,

62 1810 117 1860 ors
153 1796 254 1853 autem
287 1791 320 1852 fit
354 1792 507 1854 confessio
542 1793 580 1853 od
617 1792 757 1864 salutem.
809 1792 891 1854 Dicit
913 1791 992 1855 onim

59 1873 236 1954 Scriptura:
260 1874 378 1954 Omnis,
392 1876 441 1954 qui
452 1874 549 1936 credit
560 1875 770 1950 inillumtnon
782 1873 991 1937 confundatur.

59 1955 159 2032 'Quod
189 1964 289 2025 autom
314 1957 406 2038 aliqui
436 1977 497 2020 uon
521 1958 709 2038 intelligunt,
741 1956 897 2037 quomodo
926 1956 994 2026 solu
1045 1995 1048 2000 ·

63 2035 144 2103 fides
168 2037 325 2118 iustificat,
360 2043 389 2100 iu
414 2049 585 2118 causaest,
621 2040 717 2120 quod,
743 2040 823 2120 tquid
844 2037 920 2110 fidos
943 2040 991 2115 sit,

64 2140 126 2182 non
153 2124 354 2204 cognoverint
377 2142 434 2187 occ
454 2125 646 2204 gustaverint
669 2141 816 2202 unquam,
840 2123 992 2189 somniau-

65 2211 110 2266 tes
137 2223 206 2274 eam
231 2223 299 2265 esse
322 2207 498 2284 qualitatem
517 2205 662 2268 latentem
682 2207 839 2276 inanima.
881 2203 993 2276 Verum
1084 2265 1086 2270 ,

67 2286 195 2366 quando
219 2287 342 2352 ve'rbum
367 2289 423 2360 Dei
443 2296 547 2367 sonat,
568 2289 650 2367 quod
674 2290 785 2354 veritas
809 2295 865 2362 est,
888 2295 918 2348 ot
941 2287 1002 2348 cor'

68 2371 94 2433 ei
113 2369 266 2444 'adhaeret
292 2389 347 2452 per
370 2371 487 2448 ,tidem
520 2380 592 2433 tunc
625 2390 679 2432 cor
709 2371 853 2434 imbuitur
885 2367 992 2443 codem

72 2453 201 2512 veritate
224 2451 324 2532 verbi,
358 2463 388 2514 et
408 2473 463 2533 per
491 2454 614 2514 verbum
650 2455 784 2528 vsritatis
811 2449 994 2527 renitantur,

70 2535 158 2612 sicut,
181 2536 206 2594 si
227 2534 344 2616 lignum
364 2536 505 2616 frigidum
529 2536 697 2597 adhaereat
716 2537 796 2596 ferro
819 2535 932 2615 ignito,
956 2529 994 2593 ub

71 2617 181 2678 eodem
215 2619 306 2678 etiam
332 2619 470 2700 ignoscit
493 2626 532 2678 ,at
561 2618 659 2680 ordei.
693 2617 805 2680 ¹(lurda
828 2626 929 2677 autem
951 2617 995 2675 sio

71 2699 273 2778 perverbum
295 2700 412 2762 imbuto
433 2720 507 2762 mox
530 2708 560 2760 et
583 2719 690 2778 omnes
712 2701 790 2760 vires
809 2709 839 2760 et
857 2697 994 2763 membra

73 2781 209 2842 similiter
226 2783 433 2852 immutantur.
466 2783 533 2844 Hoo
545 2785 624 2843 enim
648 2783 762 2843 iaciunt
783 2781 886 2842 omnia
903 2800 994 2841 mam-

74 2863 135 2942 bru,
158 2882 220 2943 quo
233 2883 287 2924 oor
299 2865 469 2944 inclinatur,
492 2867 557 2927 sive
570 2866 694 2941 bouum,
717 2867 782 2925 siva
800 2864 923 2924 molum.
951 2861 997 2924 'Et

73 2947 230 3012 sichomo
255 2955 410 3026 reputatur
431 2950 527 3011 iustus
550 2956 675 3029 propter
695 2947 787 3008 fldem
810 2946 903 3008 verbi.

310 3075 437 3135 Dacium
464 3075 750 3136 tortiationciusio.

156 3189 233 3252 Imo
262 3193 338 3252 nisi
361 3191 444 3251 solo
476 3192 576 3252 tides
599 3193 650 3252 sit
680 3193 763 3252 siue
787 3191 883 3250 ullis
907 3209 998 3270 ope·

78 3273 318 3344 ribus.uihil
342 3283 415 3353 est,
451 3293 573 3354 neque
602 3274 813 3334 iustificat.
856 3273 903 3332 Du
928 3273 998 3332 licia

80 3367 148 3416 sunt
158 3375 262 3435 opera,
277 3356 426 3436 quaedam
442 3365 512 3416 ants
524 3356 626 3431 fldem,
650 3356 800 3436 quaedam
815 3364 885 3433 post
896 3292 998 3416 tidem.

73 3429 256 3522 'quassate
278 3437 368 3498 fidem
393 3449 471 3513 suut,
495 3440 651 3518 quomodo
675 3458 735 3498 uon
760 3435 937 3513 iustiflcsnt,
961 3457 999 3514 e'x

80 3521 239 3599 praetlictis
263 3528 355 3599 patet.
389 3520 479 3597 ¹Quis
511 3529 581 3582 anto
615 3519 832 3580 fidem‚homo
866 3519 998 3579 mendox

81 3613 138 3692 est,
161 3595 259 3698 'meur’
289 3603 433 3700 guioquid
456 3605 546 3684 facit,
578 3605 648 3686 quia
683 3611 770 3682 cxtra
791 3603 919 3684 gratiam
944 3611 999 3682 est¹
