2254 4008
323 148 356 206 D.
377 149 410 206 bi.
428 149 509 206 burh.
527 148 713 207 Praeludinm.
942 147 987 214 39

75 322 129 364 ram
157 309 258 366 teman
295 323 357 366 non
396 302 548 370 diffidens.
603 305 681 366 Nam
712 305 781 366 talis
812 306 987 384 promissio,

75 407 133 448 oum
153 387 192 446 sit
214 389 326 448 veritas
349 388 418 465 Dei,
437 388 528 448 etiam
551 390 581 447 in
603 389 722 448 inferno
740 387 987 449 servat-ereden-

74 480 120 547 tes,
143 476 173 529 et
194 477 411 551 exspectantes
433 490 512 536 earn.
555 471 628 531 Post
639 471 719 532 hane
731 477 837 533 seeuta
849 478 896 532 est
918 491 987 551 pro·

71 553 163 614 missio
184 554 257 631 alia,
280 555 361 615 faeta
383 554 451 614 Noe
473 573 569 634 usque
591 553 630 614 ad
645 554 812 632 Abraham,
835 553 908 616 dato
930 573 986 635 pro

70 638 147 715 signo
168 635 304 698 foederis
327 655 400 698 areu
422 637 563 714 nubium,
592 637 677 701 euius
706 638 767 699 fide
794 639 861 717 ipse
882 642 913 698 et
934 656 987 719 po·

68 719 130 780 steri
151 720 219 780 eius
246 721 411 800 propitium
433 720 532 781 Deum
565 721 756 782 invenerunt.
805 721 880 783 Post
905 721 987 782 buno

69 802 203 864 Abrahae
230 805 372 883 promisit
400 803 645 864 benedictionem
676 805 812 882 omni—um
839 805 987 884 gentium,

68 889 91 946 in
111 886 229 946 semine
252 888 328 949 eius.
371 887 411 946 Et
431 887 481 948 hie
503 893 551 948 est
571 888 655 948 sinus
672 886 827 964 Abrabae,
848 888 879 946 in
895 906 987 966 quern
1074 932 1077 938 -

66 969 171 1048 reeepti
194 977 268 1030 sunt
281 971 395 1050 posteri
409 971 482 1034 eius.
522 969 641 1031 Deinde
651 970 728 1030 Mosi
751 969 861 1034 etiiiiis
883 969 989 1049 israel,

66 1053 224 1132 praeeipue
246 1051 366 1130 David,
396 1054 620 1133 apertissimam
649 1051 688 1113 de
710 1053 831 1114 Christo
860 1054 987 1133 promis·

65 1136 174 1196 sionem
198 1135 292 1214 dedit,
314 1155 375 1215 quo
397 1136 544 1198 revelavit
556 1135 691 1214 tandem,
713 1155 793 1216 quae
813 1135 903 1197 tuerit
925 1137 1005 1217 pri·¹

8 1248 10 1305 ,
65 1219 119 1280 seis
141 1217 227 1280 faeta
248 1220 420 1298 promissio.
1103 1222 1105 1226 ‘

138 1300 192 1362 Sie
216 1309 339 1362 ventum
362 1308 408 1362 est
430 1301 469 1362 ad
490 1303 728 1383 promissionem
757 1302 893 1362 omnium
922 1320 988 1380 per·

64 1385 256 1446 fortissimam
279 1387 351 1447 novi
376 1386 565 1461 testamenti,
596 1386 627 1446 in
655 1404 717 1464 qua
746 1385 862 1466 apertis
887 1383 988 1446 verbis

65 1469 119 1527 vita
139 1475 172 1528 et
199 1468 282 1528 salus
313 1470 445 1547 gratuito
474 1469 707 1548 promittuntur,
740 1475 772 1528 et
792 1465 987 1530 erodentibus

65 1551 255 1630 promissioni
278 1550 441 1612 donantur.
485 1551 524 1611 iit
544 1551 656 1632 insigni
678 1549 907 1612 notadisoernit
928 1550 988 1612 boe

65 1641 274 1694 testamentum
298 1655 317 1695 a
337 1636 444 1710 veteri,
467 1633 538 1694 dum
561 1633 647 1694 dieit:
679 1633 802 1695 Novum
825 1640 989 1696 testamen·

66 1726 131 1777 turn.
175 1717 384 1788 Vetusenim
414 1723 630 1778 testamentum
660 1736 716 1798 per
743 1715 854 1780 Mosen
883 1717 988 1777 datum
1072 1741 1076 1749 ’

66 1806 123 1860 erat
151 1801 334 1880 promissio,
369 1818 430 1861 non
463 1800 653 1860 remissionis
686 1805 900 1880 pennatorum,
933 1819 988 1860 ssu

66 1889 253 1944 aeternarum
275 1902 392 1961 rerum,
415 1881 469 1942 sed
492 1882 723 1963 temporalium,
757 1901 868 1963 nempe
889 1888 989 1944 terrae

66 1965 202 2044 canaan,
232 1985 287 2046 per
315 1984 407 2045 quarn
439 1984 531 2026 nemo
563 1965 769 2028 renovabatur
803 1967 910 2046 spiritu
947 1965 987 2025 ad

65 2049 260 2110 hereditatem
288 2049 455 2110 coelestem
478 2048 709 2128 capessendam.
753 2048 841 2110 Unde
862 2055 893 2110 et
914 2049 986 2108 irra-

67 2132 206 2194 tionalem
229 2131 382 2212 pseudem
403 2133 434 2191 in
456 2130 555 2213 figura
567 2131 678 2193 Christi
695 2131 864 2212 oportebat
878 2131 988 2208 ooeidi,

66 2215 91 2274 in
112 2217 198 2276 euius
221 2215 373 2296 sanguine
393 2214 475 2276 idem
504 2220 718 2276 testamentum
741 2213 990 2292 confirmabatur,

67 2305 95 2358 ut
114 2299 214 2378 qualis
236 2299 378 2378 sanguis,
410 2299 472 2358 tale
501 2305 735 2376 testamentum,
757 2298 856 2377 qualis
878 2297 989 2375 hostia,

7 2429 9 2464 ,
68 2381 131 2442 talis
154 2382 329 2461 promissio.
372 2381 413 2442 At
433 2382 483 2441 bio
506 2381 594 2458 dieit,
623 2381 852 2442 Testamentum
874 2399 988 2442 novum

7 2491 9 2530 i
66 2465 90 2524 in
114 2483 194 2542 meo,
217 2482 280 2525 non
292 2464 405 2542 alieno,
425 2464 480 2524 sed
494 2466 618 2544 proprio
633 2465 793 2544 sanguine,
815 2483 877 2544 quo
890 2463 990 2543 gratia

66 2547 282 2632 perspiritum
315 2548 346 2608 in
382 2547 595 2608 remissionem
617 2554 813 2627 peooatorum
841 2546 880 2608 ad
904 2546 987 2605 hers·

7 2579 9 2686 i
67 2629 186 2691 ditatem
208 2629 391 2710 sapiendam
412 2631 607 2710 promittitur.

143 2714 202 2774 Est
221 2715 325 2792 itaque
347 2714 452 2790 missa,
476 2712 644 2774 seeundum
666 2711 867 2772 substantiam
889 2729 989 2786 suern,

68 2798 185 2876 proprie
213 2796 288 2857 nihii
315 2795 413 2872 aliud,
445 2814 535 2875 quam
566 2795 660 2856 verba
683 2793 794 2855 christi
815 2792 988 2874 praedieta:

69 2879 201 2960 Aeoipite
214 2885 246 2940 et
265 2879 449 2940 mandueate
463 2886 532 2957 eto,
554 2897 592 2939 ao
603 2879 630 2938 si
652 2877 747 2938 dieat:
770 2877 852 2946 Eoos
864 2895 882 2937 o
895 2877 989 2938 bomo

69 2969 208 3042 peoeator
229 2969 261 3022 et
281 2961 453 3039 damnatus,
476 2981 516 3022 ex
533 2981 618 3024 mera
639 2961 832 3041 gratuitoque
854 2960 990 3032 earitats,

70 3065 123 3124 qua
145 3046 298 3124 diligete,
320 3045 365 3104 sie
387 3045 509 3106 volente
533 3043 807 3105 miserieordiarum
820 3043 920 3121 Patre,
944 3041 990 3101 his

70 3128 163 3189 verbis
187 3129 333 3208 promitto
363 3127 431 3203 tibi,
454 3134 525 3188 ante
547 3147 639 3188 omne
666 3127 805 3187 meritum
833 3133 865 3188 et
886 3131 990 3185 votnm

71 3220 165 3288 tuum,
188 3211 400 3272 remissionem
423 3212 558 3271 omnium
581 3217 779 3290 peecatorum
802 3216 936 3284 tuorurn,
961 3213 992 3266 et

72 3297 155 3356 vitam
180 3299 347 3354 aeternam.
389 3293 429 3353 Et
450 3301 482 3354 ut
504 3295 690 3354 certissimus
705 3292 744 3353 de
760 3293 820 3354 bae
833 3310 901 3352 mea
922 3309 990 3370 pro·

73 3379 211 3438 missione
239 3376 433 3438 irrevocabili
461 3378 518 3453 sis,
551 3395 663 3456 eorpus
692 3395 793 3436 meum
815 3373 933 3434 tradam
962 3379 993 3432 et

72 3463 247 3540 sanguinem
270 3459 413 3533 fundam,
442 3467 540 3520 morte
562 3461 631 3541 ipsa
651 3461 732 3520 bano
754 3457 992 3538 promissionem

76 3541 319 3617 confirmaturus,
357 3552 386 3602 et
421 3549 582 3620 utrumque
610 3542 663 3604 tibi
684 3543 715 3604 in
737 3541 857 3618 signum
880 3547 910 3600 et
932 3557 993 3597 ms-

76 3625 355 3690 nonalseiusdem
379 3628 591 3710 promissionis
603 3625 784 3688 relieturus„
800 3621 904 3700 ‚Quod
922 3638 991 3682 eum
