2252 4006
141 179 204 249 296
369 185 524 256 Responsio
543 184 572 237 u.
591 183 624 238 ll.
644 183 671 239 L.
694 183 728 237 ad
747 183 848 238 librum

142 342 247 424 ylio,
268 340 403 420 seqnitur
424 357 536 419 papam
557 355 619 399 non
643 359 711 402 esse
732 356 862 421 papam,
884 357 944 402 nco
964 339 1055 402 coola

143 427 219 486 siam
241 443 310 485 esse
339 423 513 486 eeclesiam.
566 422 656 500 Quod
678 425 842 486 »audenter
873 424 974 505 probo
1007 425 1057 503 sio,

143 510 213 588 quia
246 515 335 590 petra
361 514 393 568 et
414 507 545 568 eeclesia
576 510 642 568 sine
674 510 810 588 peccatis
840 527 910 568 esse
939 506 1058 581 debent,

142 609 203 654 nou
226 591 382 652 subiectae
391 591 488 672 portis
498 591 594 654 inferi.
638 592 758 653 Atrum
781 593 881 652 nullus
903 590 1058 652 inmundo

142 676 240 757 possit
257 695 325 736 esse
337 675 405 736 talis
417 681 501 738 corto
513 681 544 735 et
553 673 757 752 infallibiliter,
780 683 810 736 et
819 681 922 736 tamen
936 673 1057 746 nartali

142 757 233 820 (lebet
253 777 321 819 esse
342 765 439 839 petra,
461 764 605 838 certaque
627 759 767 837 ecclesia,
789 758 927 838 sequitur
946 757 1059 818 nullum

142 855 214 903 esso
231 861 354 922 papam,
375 860 434 902 neo
454 841 626 903 ecclesiam.

226 923 302 987 cum
323 944 398 1006 ergo
410 925 488 985 haec
498 924 607 986 christi
632 925 778 985 autoritas
791 931 942 1006 repugnet
964 943 1063 1003 papae

143 1015 175 1070 at
200 1009 350 1069 eeclesiae
379 1009 564 1088 papisticae,
593 1008 752 1068 manifeste
778 1014 879 1087 patet,
908 1007 1063 1070 Gathcrini

145 1097 176 1153 et
197 1091 243 1153 sui
258 1091 405 1165 Thomae,
427 1097 458 1152 et
479 1091 625 1163 omnium,
648 1109 726 1171 quos
737 1089 862 1168 inducit,
885 1091 1063 1171 opinionem

143 1193 211 1235 esse
232 1181 368 1236 extreme
390 1175 584 1237 haereticam.
627 1173 708 1250 Quia
733 1174 903 1236 haereticus
926 1181 993 1254 est,
1016 1173 1063 1252 qni

144 1257 314 1338 Scripturas
336 1264 457 1318 sanetas
479 1257 540 1318 alio
563 1275 664 1330 sensu,
686 1276 776 1339 quam
789 1257 918 1338 Spiritus
936 1257 1064 1336 flagitat,

144 1342 282 1420 exponit,
325 1341 366 1402 At
393 1341 574 1402 catharinae
609 1359 671 1401 non
707 1339 800 1402 modo
831 1339 861 1400 id
894 1341 970 1401 lacit
998 1359 1064 1400 cum

144 1423 264 1485 Thema
285 1441 342 1486 suo
363 1424 537 1501 haeretico,
567 1423 621 1484 sed
650 1424 740 1484 etiam
763 1422 977 1504 blasphemum
1002 1437 1065 1482 sen:

144 1525 210 1568 sum
233 1509 277 1568 eis
299 1507 412 1582 tribuit,
434 1506 592 1586 appellans
617 1512 734 1586 petram
757 1505 910 1566 hominem
935 1507 1071 1588 peceati,

148 1588 261 1652 diaboli
284 1609 419 1667 servum,
454 1596 485 1650 et
516 1589 678 1650 ecclesiam
705 1607 897 1670 synagogam
927 1595 1066 1649 satanae.

145 1673 202 1734 Hio
223 1673 295 1734 mihi
317 1673 407 1753 nolo,
429 1671 607 1746 catharine,
638 1678 690 1732 tua
718 1673 839 1733 somnia
858 1691 984 1747 narres,
1017 1677 1068 1732 ant

145 1757 267 1826 Patroni
276 1757 439 1818 dictaoites
447 1755 608 1816 etridioule
620 1773 669 1816 me
678 1753 857 1836 redarguas,
871 1755 1067 1831 sioutfecisti‚

146 1838 195 1900 nbi
218 1860 258 1900 ex
279 1839 332 1901 iilo
355 1847 385 1900 et
411 1845 514 1901 textus
536 1839 756 1918 consequentia
785 1837 913 1914 probavi
942 1856 1009 1898 non
1031 1837 1067 1898 ad

145 1923 245 1984 solum
266 1922 389 1985 Petrum
413 1923 486 1984 dici:
508 1921 553 1982 Tu
577 1923 740 1982 eslPetrus.
784 1920 1069 1982 Inconstantissime

144 2007 224 2068 enim
248 2006 392 2086 loqueris,
415 2005 485 2066 dum
509 2007 589 2066 enim
612 2023 673 2065 non
697 2009 786 2084 potes
808 2006 951 2065 resistere
974 2004 1068 2065 Patri-

144 2088 201 2150 bus
224 2108 243 2150 a
264 2109 314 2149 me
329 2090 470 2160 inductis,
491 2106 572 2148 nune
593 2087 744 2148 ecclesiae
766 2086 853 2148 datas
869 2087 974 2148 claves
999 2106 1068 2147 con-

147 2171 240 2244 cedis,
262 2191 344 2232 nuno
364 2170 534 2246 soliPetro,
556 2172 616 2232 iam
633 2170 723 2231 Petro
736 2170 850 2245 claves,
872 2189 979 2268 pnrsus
1002 2169 1067 2231 aliis

145 2251 671 2416 sustitit}titulati?
684 2270 1069 2418 titt‘tttzttssfftt

145 2418 251 2481 nullibi
281 2439 375 2500 queas
403 2421 535 2500 simplex
568 2426 598 2480 et
620 2424 719 2480 certus
741 2421 925 2498 consistere,
955 2425 992 2480 ut
1013 2419 1069 2480 bac

71 2503 76 2512 “
145 2509 198 2564 tua
218 2503 424 2565 inconstantia
445 2502 517 2563 mihi
541 2521 639 2564 meam
651 2503 833 2565 sententiam
847 2501 984 2563 maxime
997 2519 1067 2580 oon·

145 2584 284 2648 tlrnraria.
476 2597 495 2642 .·

227 2667 360 2728 Putasne
381 2669 469 2728 mein
492 2674 577 2728 tanta
589 2666 794 2747 disputatione
815 2668 875 2728 tuis
895 2685 965 2728 esse
987 2665 1068 2728 velle

146 2755 321 2812 contentum
345 2750 476 2830 glossis?
497 2751 607 2830 ligone
627 2752 736 2829 patiar,
760 2761 793 2811 ut
811 2769 897 2810 naum
922 2745 1066 2832 clarium,

146 2849 207 2894 non
232 2833 334 2894 claves
357 2831 443 2894 datas
472 2841 503 2894 tu
527 2834 610 2894 solus
632 2835 855 2914 interpreteris,
885 2831 993 2896 Matth.
1019 2833 1066 2909 18,

146 2917 189 2975 ita
211 2935 272 2978 non
295 2915 432 2989 admitto,
455 2923 487 2977 ut
505 2935 585 2977 nuno
600 2917 748 2978 ecelesiae
761 2916 859 2992 datas,
881 2933 964 2976 nuno
976 2915 1066 2977 Petro

77 3069 80 3078 ι
146 2999 203 3058 soli
225 3018 281 3077 per
302 2999 474 3076 ecclesiam,
500 2999 592 3061 dicas.
636 2998 725 3061 Unde
746 3000 824 3060 baec
839 2997 1067 3060 inconstantia?

147 3080 226 3158 Quid
248 3082 320 3141 mibi
342 3087 395 3142 tua
410 3080 488 3142 'fieta
500 3081 737 3163 aequivocatio?
760 3081 835 3144 satis
849 3081 960 3164 habeo,
984 3080 1065 3160 quod

146 3183 215 3224 mea
236 3164 380 3227 concedis
402 3183 471 3225 esec
483 3164 562 3226 bene
583 3164 676 3241 diota,
697 3170 728 3225 et
745 3165 803 3244 'per
815 3164 986 3246 Scripturas
998 3183 1064 3244 pro-

146 3247 226 3309 bata.
269 3247 351 3310 Nihil
375 3253 490 3321 movet,
525 3247 606 3327 quod
636 3254 667 3308 tn
697 3247 785 3328 plura
816 3248 881 3308 sine
911 3246 1065 3326 Scriptura

147 3329 345 3391 concedenda
367 3329 536 3392 contendis.
568 3331 630 3391 Aut
646 3350 714 3392 mea
725 3329 859 3391 funditus
881 3331 951 3392 etin
969 3336 1066 3392 totum

148 3431 239 3490 nega,
262 3418 315 3473 aut
336 3417 389 3472 tua
409 3411 542 3472 funditus
569 3414 672 3474 inania
701 3411 954 3476 esse'oonoedes.
997 3411 1064 3473 Non

149 3501 194 3552 est
216 3496 329 3555 veritas
350 3493 461 3556 Christi
484 3501 544 3555 tam
574 3496 659 3557 varia
686 3501 717 3556 et
748 3496 942 3572 inconstans,
975 3512 1062 3577 quam

203 3679 279 3745 1)1n
300 3680 341 3735 ed.
363 3682 449 3750 orig.:
470 3685 565 3736 certas
1045 3755 1060 3793 s
