2254 4008
57 903 115 997 Ad
142 900 471 998 serenissimum
493 900 739 1022 Principem
769 909 813 998 et
834 903 970 998 Domi-

59 1045 148 1112 num
162 1017 210 1112 D.
227 1017 426 1112 carolum
441 1015 492 1111 V.
521 1017 572 1111 Μ.
590 1015 771 1112 Lutheri
786 1016 973 1137 epistola

10 1189 11 1196 κ
107 1137 150 1226 et
172 1129 358 1226 eiusdem
381 1130 544 1226 oblatio
575 1136 620 1225 et
638 1130 916 1251 protestatio.

459 1301 564 1382 1520.

158 1479 197 1542 m.
220 1480 369 1552 Lntherus
393 1501 499 1543 mense
513 1481 659 1544 Januario
682 1481 972 1548 a.1520Protesta-

62 1562 166 1622 tionem
189 1563 294 1644 edidit,
308 1583 378 1644 ¹qna
400 1565 483 1644 quod
506 1565 591 1625 multi
613 1584 646 1626 se
667 1566 819 1625 immerito
833 1563 973 1624 erimina-

10 1649 11 1652 ’
62 1653 155 1705 rentur
177 1647 361 1725 querebatur
382 1655 413 1708 et
434 1655 468 1708 ut
489 1648 654 1710 voluntatis
682 1647 857 1708 sinceritate
880 1647 975 1706 omni·

63 1727 112 1786 hus
137 1730 204 1808 ipse
232 1739 398 1792 excusatus
426 1730 588 1816 habepetnr
611 1729 729 1794 orabat.
772 1730 850 1790 Huic
871 1728 974 1788 libello

63 1812 214 1890 epistolam
250 1813 409 1893 praemisit
443 1813 481 1875 ad
517 1815 733 1894 imperatorem
765 1811 907 1874 Carolum
938 1810 974 1874 V.

64 1893 172 1973 datam,
205 1914 267 1975 qna
299 1895 409 1978 quibus
438 1898 542 1970 causis,
575 1905 748 1960 commotus
782 1894 975 1974 imperatoris

10 1983 11 2020 l
63 1979 255 2057 patrocinium
285 1985 447 2060 quaereret
474 1979 607 2040 ostendit
639 1987 731 2060 atque
759 1978 790 2044 S.
815 1977 976 2038 Athanasii

64 2061 198 2141 exemplo
221 2063 343 2142 petivit,
372 2069 405 2124 nt
432 2082 526 2124 eausa
547 2083 604 2124 sua
632 2063 670 2124 ab
700 2065 768 2144 ipso
791 2063 976 2142 imperatore

64 2151 294 2223 cognosceretur
315 2165 393 2207 neve
419 2147 532 2209 veritae
554 2146 691 2208 inaudita
713 2145 977 2208 condemnaretur.

136 2225 222 2288 Haec
250 2228 311 2289 duo
341 2230 455 2310 scripta
482 2249 508 2294 a.
538 2229 620 2295 1520
647 2231 812 2308 coniunpta
839 2227 977 2290 Wittem-

65 2309 167 2391 hergae
189 2319 261 2371 sunt
282 2311 365 2374 edita
386 2313 443 2374 sub
465 2313 525 2374 hoc
547 2313 650 2374 titulo:

137 2392 186 2454 Ad
215 2394 448 2456 serenissimum
471 2395 643 2476 Principem
676 2403 708 2456 et
731 2395 894 2456 Dominum
918 2393 975 2456 Do.
1077 2435 1079 2440 ,

13 2547 17 2554 Ι
99 2476 240 2537 Carolum
252 2478 290 2538 V.
303 2479 381 2541 Rho.
392 2477 480 2544 Caes.
492 2477 587 2559 Impe.
601 2479 680 2558 Aug.
689 2478 903 2558 Hispaniarum
919 2484 977 2538 etc.

13 2639 14 2644 ἵ
98 2559 222 2640 Regem,
235 2562 439 2624 Archidncem
453 2563 596 2624 Austriae
607 2569 665 2624 cto.
694 2561 839 2623 Doctoris
853 2558 976 2624 Martini

99 2641 218 2704 Lutheri
241 2643 391 2724 Epistola.

137 2726 177 2786 Et
209 2727 345 2788 eiusdem
379 2727 521 2788 Doctoris
553 2727 673 2788 Martini
702 2727 825 2788 Luthari
854 2724 977 2786 Oblatio

101 2808 161 2870 sive
173 2813 362 2891 protestatio.
389 2811 608 2891 Wittenberge.
621 2811 661 2872 Μ.
672 2810 709 2870 D.
722 2811 789 2872 XX.
822 2809 979 2888 (Quatuor

102 2890 171 2953 lolia
183 2893 271 2958 form.
284 2903 381 2974 quart.
392 2893 483 2954 Tituli
499 2896 614 2974 pagina
627 2894 717 2954 nullis
729 2900 775 2953 est
786 2894 881 2974 signis
893 2900 982 2972 typo·

102 2976 251 3056 graphicis
274 2988 392 3056 ornata,
415 2978 444 3038 in
467 2976 533 3050 line,
550 2977 674 3056 legitur:
698 2975 812 3058 Finis).

138 3057 204 3120 Nos
245 3061 395 3140 epistolae
427 3068 544 3120 textum
584 3058 772 3121 reddidimus
811 3055 980 3118 secundnm

69 3141 208 3202 Aurilabri
241 3145 406 3206 editionem
437 3144 592 3204 annotatis
621 3142 808 3204 variantibus
841 3140 979 3200 lectioni-

69 3223 130 3300 bus,
151 3243 231 3304 qnae
252 3227 284 3286 in
311 3227 370 3288 hac
392 3226 528 3287 editione
552 3225 692 3308 originali
714 3227 928 3298 inveniuntur,
950 3223 992 3282 in·

68 3306 288 3369 Protestntionis
322 3317 407 3370 textu
435 3309 591 3370 reddendo
631 3311 726 3370 secuti
762 3327 867 3372 sumus
901 3307 982 3368 hanc

68 3389 222 3452 editionem
246 3393 426 3474 originalem
449 3394 559 3473 ipsam.

141 3474 281 3556 Epistola
302 3478 342 3539 ad
365 3476 508 3538 carolum
532 3475 604 3536 deta
626 3475 736 3555 legitur
758 3474 853 3536 latine
880 3474 909 3532 in
933 3473 982 3535 cd.

70 3556 139 3638 Opp.
161 3557 249 3622 Loth.
272 3559 429 3622 Wittemh.
452 3559 494 3636 ll,
515 3559 573 3635 44,
596 3559 677 3640 apud
700 3557 794 3618 Auris.
817 3556 893 3697 lup.
911 3557 983 3631 229,Ι

71 3638 102 3701 de
128 3639 228 3702 Wette
255 3643 284 3724 1,
319 3663 356 3725 p.
376 3645 453 3721 392,
487 3643 662 3721 germanice
695 3641 725 3699 in
755 3637 802 3701 ed.
875 3636 982 3696 ittenb.

97 3758 183 3800 hatherl
197 3769 250 3810 opp·
263 3759 294 3802 V·
310 3759 337 3800 Δ.
351 3760 381 3800 ed
393 3759 434 3800 ret.
447 3759 499 3800 hist.
512 3758 529 3799 t.
540 3769 561 3809 p·
577 3757 627 3801 Vol.
642 3756 669 3799 V.
