2262 4006
133 132 196 198 352
231 115 241 122 ’
355 110 518 208 'saumuro
539 135 570 190 n.
587 135 622 195 ιι
642 137 666 190 ι.
686 135 722 190 ιι
740 133 841 208 tanam

134 289 206 370 qnid
234 297 321 350 satan
351 309 516 370 suggerere
551 293 649 370 potuit
679 291 898 371 papisticsrum
935 291 1054 366 artium,
1126 297 1127 300 ’

134 371 330 432 abuteretur?
353 373 511 454 appellans
523 373 642 434 iuterim
658 373 786 434 dilectos
802 373 882 434 lilios
897 373 1055 449 ecclesiae,

134 454 227 536 digua
244 456 361 516 scilicet
383 455 525 515 mercede
547 459 665 536 accepti
687 458 823 536 imperii,
845 475 908 536 quo
931 463 1057 516 satanae

134 541 248 602 servire
270 545 341 598 sunt
362 541 471 600 coacti.
516 537 556 598 Et
577 551 678 600 tamen
706 541 737 600 in
768 540 804 600 iis
834 539 980 600 omnibus
1001 541 1057 619 sig·

134 623 181 682 nis
210 631 241 682 et
268 623 414 702 prodigiis
443 623 615 702 praevaluit
641 631 729 684 satan
759 625 787 682 iu
816 631 935 682 tantam
960 619 1058 682 elatus

133 706 343 782 securitatem,
377 715 409 764 nt
430 702 532 764 nihil'
522 723 586 764 ram
619 705 712 766 libere
733 707 849 786 possit,
880 704 967 784 quod
998 723 1060 766 non

127 789 246 854 ¹audeat
268 789 405 867 exsequi,
428 796 461 847 et
462 780 657 884 exsequitur
679 789 821 866 feliciter,
851 807 955 867 neque
981 790 1061 848 enim

134 872 211 932 haec
233 875 392 951 potuisset,
412 871 469 930 nisi
491 874 610 952 nragnis
634 871 864 952 operationrbus
877 879 910 932 et
933 871 1062 932 miracu·

135 955 170 1014 lis
204 963 331 1016 satanae
360 954 480 1013 adiutus
516 955 631 1014 luisset.
674 955 713 1014 Ar
743 954 814 1033 qnid
846 955 894 1014 bis
918 955 1063 1015 omnibbs

135 1035 330 1118 quaesitum?
359 1036 502 1117 Nunquid
528 1039 627 1117 gloria
648 1037 779 1098 Christi?
808 1037 957 1117 Nunquid
982 1038 1063 1098 salus

135 1119 324 1180 animarum?
347 1120 490 1200 Nunquid
510 1121 710 1200 Evangelium
727 1126 758 1182 et
779 1120 877 1182 fides?
900 1119 988 1200 Non,
1011 1120 1064 1180 sed

135 1204 221 1264 solae
249 1204 344 1263 facies
372 1213 402 1263 et
430 1206 674 1284 propositiones,
702 1206 769 1265 sola
796 1205 932 1266 ecclesia
962 1222 1064 1264 sacro

135 1295 242 1346 sancta
264 1287 419 1366 Romana,
450 1287 602 1366 sedesque
623 1289 811 1367 apostolica,
841 1289 1064 1367 patrimonium

136 1369 288 1446 crncifixi,
323 1370 404 1429 hone
432 1371 529 1430 sancti
559 1371 655 1451 Petri,
689 1373 816 1430 istorum
848 1370 1005 1432 bellorum
1038 1379 1066 1428 et

135 1471 235 1511 rerum
260 1454 386 1512 materia
407 1451 491 1512 suere
513 1462 544 1512 et
570 1416 655 1514 snntl
693 1453 754 1513 lsta
782 1454 873 1532 signa
901 1460 934 1512 et
966 1452 1065 1533 prodi·

136 1535 371 1616 giapulpumus,
393 1545 423 1595 et
447 1543 548 1596 tamen
571 1546 718 1624 operante
735 1543 844 1596 satana
868 1534 1065 1596 mendacium

136 1638 242 1679 corum
266 1638 328 1678 uon
351 1617 505 1696 videmus,
534 1621 577 1680 ita
605 1617 848 1698 praestringeute
877 1619 993 1678 oculos
1016 1636 1065 1678 uo·

136 1710 216 1763 atros
228 1701 406 1762 antichristo
423 1664 537 1762 sanclis
555 1702 728 1762 nominibus
742 1702 806 1778 Dei,
830 1702 956 1778 Christi,
976 1701 1065 1778 Petri,

137 1785 286 1846 ecclesiae
314 1794 345 1843 et
365 1785 524 1862 similium,
553 1786 662 1865 quibus
685 1787 875 1846 conscientia
898 1783 1063 1858 inerudita,

138 1870 219 1928 ἰιῐιο
222 1877 253 1928 et
277 1868 395 1927 erudita
418 1873 549 1947 (nempe
565 1863 763 1946 electorum)
775 1869 866 1928 etiam
886 1869 1025 1947 capitur.

221 1949 296 2026 Quis
323 1969 394 2010 vero
416 1959 573 2011 enumeret
601 1950 740 2030 prodigia
771 1951 823 2010 illa
854 1950 893 2010 de
916 1951 994 2011 solis
1017 1951 1063 2011 de-

138 2034 259 2111 functis,
281 2034 362 2093 bone
376 2033 469 2112 Deus,
491 2045 637 2112 qnantum
660 2034 709 2092 hic
725 2033 1063 2104 maremendaciorum

139 2118 176 2178 de
198 2117 454 2197 apparitionibus,
477 2117 734 2198 adiuratiouibus,
762 2118 986 2196 responsisque
1007 2118 1062 2196 spi·

119 2202 248 2261 ·ritnum
271 2201 452 2261 inundavit?
475 2198 591 2275 Quibus
603 2201 716 2260 iactum
739 2210 796 2279 cst,
818 2207 853 2259 nt
873 2218 959 2280 papa
973 2201 1062 2260 etiam

138 2296 328 2344 mortuorum
350 2303 405 2344 rex
426 2283 523 2344 sactus
538 2286 589 2360 sit,
609 2292 640 2343 et
660 2285 690 2343 in
713 2285 893 2364 purgatorio
917 2286 981 2343 iam
999 2301 1062 2362 reg·

139 2377 207 2448 net,
236 2386 348 2445 magno
371 2366 611 2428 sacrificulorum
639 2367 855 2444 incommodo,
889 2367 915 2426 si
939 2366 1062 2446 pergat,

139 2452 189 2530 qui
210 2470 228 2510 e
250 2451 426 2531 purgatorio
450 2470 573 2510 omnem
597 2451 725 2528 victum,
748 2469 855 2512 omnes
879 2469 975 2529 opes,
1002 2469 1061 2509 om-

139 2554 208 2594 nem
231 2534 313 2594 illam
336 2553 435 2594 rernm
458 2553 603 2615 pompam
635 2533 762 2612 habeut,
792 2535 891 2594 minus
920 2532 1062 2608 habituri,

138 2619 164 2677 si
186 2617 277 2677 lidern
301 2617 465 2678 viventium
488 2636 587 2696 aeque
609 2617 771 2696 docerent,
803 2627 895 2698 atque
923 2617 1062 2697 proposi·

139 2701 239 2761 tiones
277 2699 499 2762 defunctorum.
551 2701 617 2762 Nec
651 2709 699 2762 est
729 2712 880 2782 repertum
915 2701 955 2760 ab
978 2700 1061 2760 initio

141 2785 248 2845 mundi.
266 2787 422 2864 negotium
444 2787 658 2864 quaestuosius
679 2794 708 2846 et
731 2787 856 2846 minoris
878 2802 1006 2864 operae,
1028 2785 1066 2843 si·v

141 2866 261 2946 quidem
284 2867 344 2927 hoc
365 2871 488 2948 ingenio
520 2868 581 2928 huc
606 2869 760 2930 derivatae
789 2875 860 2928 sunt
880 2887 936 2948 per
958 2866 1062 2926 funda-

141 2957 222 3010 tores
245 2951 442 3012 ecclesiarum
466 2951 600 3013 cmu'ium
624 2954 718 3014 ferme
740 2952 910 3031 principum
939 2959 972 3010 et
994 2951 1063 3010 divi·

141 3041 203 3094 turn
227 3051 302 3115 opes
332 3045 362 3094 et
394 3055 449 3116 per
475 3055 551 3116 opes
575 3035 718 3113 deliciae,
751 3043 783 3096 et
811 3036 891 3112 otle,
924 3053 981 3113 per
1004 3035 1063 3095 otia

141 3125 242 3178 autem
281 3117 421 3198 Babylon
449 3120 517 3199 ipsa
549 3128 579 3179 et
611 3118 757 3180 Sodoma.
810 3117 944 3178 Odiebat
983 3117 1060 3180 enim

142 3208 266 3263 satanas
295 3213 520 3263 sacramentum
543 3203 664 3279 altaris,
693 3220 750 3262 nec
773 3201 899 3280 patebat
921 3201 973 3262 via
995 3221 1061 3262 eva·

96 3323 100 3327 -
142 3287 252 3345 cuaudi
275 3286 349 3348 eius.
392 3286 510 3346 Invenit
539 3304 629 3366 ergo,
660 3293 692 3345 ut
718 3303 775 3365 pro
804 3283 887 3345 bono
916 3303 1014 3364 opere
1034 3291 1061 3344 et

140 3367 291 3428 sacrificio
315 3367 484 3448 haberetur,
507 3377 665 3446 emeretur,
688 3368 880 3448 venderetur,
902 3366 987 3446 quod
1009 3384 1059 3446 pro

143 3456 335 3510 sacramento
366 3449 501 3510 Christus
534 3450 573 3511 ad
602 3451 691 3512 lidem
723 3452 889 3511 viventium
921 3449 1057 3510 alendam

144 3527 292 3591 duntaxat
312 3533 449 3593 institnit.
492 3533 592 3613 Atque
614 3536 656 3595 ita
677 3533 737 3595 llde
760 3537 912 3595 exstincta
934 3550 996 3593 non
1019 3531 1056 3589 vi·

145 3612 299 3694 ventibus,
331 3614 384 3676 sed
414 3616 537 3678 mortuis
566 3617 818 3698 accommodatur
847 3616 983 3682 salutare
1004 3613 1080 3682 loc,
1122 3671 1123 3678 ,
