2254 4008
139 155 182 227 26
390 161 431 220 De
453 164 531 238 Oapt.
552 166 647 236 Babyl.
665 165 805 223 Ecclesiae

139 315 340 380 christianam
363 322 519 382 caritatem
540 322 689 399 insanire,
717 329 750 382 ut
771 322 854 384 Deus
883 319 1063 383 ostenderet

137 402 198 463 hoc
220 401 349 464 terrifico
372 406 470 483 signo,
494 406 657 485 nossigna
679 407 802 467 meionis
824 406 941 481 ducere,
966 423 1059 484 quam

137 505 186 546 res
207 487 300 566 ipsas.
333 486 420 563 Quae
441 489 636 566 perversitas,
657 490 682 548 si
695 488 877 570 baptisaudo
900 487 1061 550 concedas

138 566 229 630 fldem
252 568 317 629 dari
337 568 490 651 baptismi,
513 590 605 652 neges
626 579 727 633 autem
750 573 869 654 signum
886 571 957 633 fidei
982 573 1061 632 eius·

139 651 219 732 dem,
240 652 269 713 id
292 661 348 732 est,
370 653 503 734 aquam?

111 793 116 800 .
219 735 332 798 Ultimo
355 746 415 798 stat
435 739 567 798 invictus
588 737 717 818 Penius,
739 739 873 799 omnium
896 738 1061 799 obstruens

137 837 206 895 ors,
234 819 256 881 1.
280 819 350 883 Gor.
375 825 425 883 11:
470 821 538 900 Ego
560 823 665 900 accepi
695 821 883 900 aDomine,
913 819 997 900 qnod
1031 826 1062 879 et

136 901 245 964 tradidi
273 903 371 965 vobis.
418 903 486 964 Non
516 904 601 980 dicit,
633 913 704 965 ute
732 924 788 965 suo
818 903 943 964 cerebro
965 903 1062 963 frater

137 987 294 1064 mentitur,
322 985 444 1066 permisi
473 986 569 1048 vobis.
617 987 682 1046 Nec
709 995 756 1048 est
777 1007 898 1064 verum,
932 993 1063 1066 propter

137 1071 363 1131 contentionem
395 1070 514 1130 illorum
552 1075 711 1149 utramque
745 1071 878 1150 speciem
914 1070 1062 1131 donasse.

136 1153 255 1230 Primo,
284 1153 366 1232 quod
395 1160 496 1213 textus
525 1155 591 1233 ipse
613 1153 744 1231 indicat,
772 1173 832 1214 non
862 1153 900 1214 de
929 1160 1063 1232 utraque

136 1237 239 1316 specie
261 1236 354 1297 fnisse
377 1238 614 1312 contentionem,
638 1238 691 1296 sed
714 1236 752 1296 de
764 1243 940 1316 contemptu
963 1243 994 1296 et
1016 1237 1062 1294 in-

136 1317 218 1380 vidia
240 1318 457 1380 abundantium
481 1328 510 1380 et
524 1321 687 1399 egentium,
710 1327 743 1380 ut
765 1320 864 1379 clarus
877 1327 923 1380 est
944 1325 1062 1392 textus,

138 1401 252 1477 dicens,
275 1403 360 1477 Alter
381 1404 490 1478 esurit,
510 1403 587 1463 atter
608 1401 708 1462 ebrius
730 1410 793 1483 est,
821 1409 852 1463 et
874 1400 1063 1464 confirnditis

137 1503 207 1564 eos,
236 1486 287 1564 qui
314 1503 374 1546 nou
404 1485 526 1546 habent.
575 1485 693 1545 Deinde
725 1485 806 1564 quod
834 1505 897 1562 nou
924 1485 1064 1564 loquitur

136 1566 293 1648 deprime
314 1587 370 1634 sua
398 1568 568 1630 traditione.
612 1568 682 1628 Nou
705 1570 784 1629 enim
808 1568 892 1630 dicit:
928 1567 1062 1645 Accipio

137 1670 156 1711 a
177 1650 311 1711 Domino
326 1659 356 1712 et
378 1651 417 1712 do
431 1651 528 1729 vohis,
550 1650 604 1712 aed
626 1653 732 1731 accepi
748 1658 778 1712 et
799 1651 918 1728 tradidi,
941 1649 1063 1710 scilicet

135 1735 166 1794 in
187 1733 273 1795 initio
292 1734 544 1814 praedicationis,
572 1733 667 1813 longe
694 1740 766 1794 ante
787 1735 866 1794 hanc
888 1733 1061 1794 contentio-

138 1835 223 1891 nem,
257 1817 432 1898 significans
462 1826 620 1896 utramque
648 1819 781 1897 speciem
814 1818 858 1878 eis
887 1815 1063 1890 tradidisse,

137 1898 219 1979 quod
247 1900 410 1961 tradidisse
443 1909 489 1960 est
517 1900 729 1980 praecepisse,
760 1902 838 1959 sicut
866 1898 938 1959 alibi
965 1899 1064 1959 utitur

137 1982 250 2044 eodem
282 1983 384 2046 verbo.
434 1983 515 2044 Nihil
547 2000 620 2062 ergo
655 1991 739 2060 sunt,
782 2001 859 2062 quae
887 1981 1062 2042 fraternatis

135 2065 234 2126 firmus
246 2064 296 2124 hio
318 2065 356 2126 de
366 2067 577 2145 permissione,
594 2067 660 2125 siue
672 2067 836 2146 scripturis,
849 2066 914 2126 sine
925 2066 1058 2138 ratione,

136 2149 202 2209 sine
228 2167 322 2209 causa
350 2149 571 2228 conglomerat.
615 2148 790 2209 Adversarii
813 2167 874 2210 nou
897 2155 1059 2227 quaerunt,

137 2231 209 2310 quid
231 2232 298 2311 ipse
319 2233 460 2306 somniet,
482 2230 537 2291 sed
559 2230 631 2309 quid
653 2233 803 2311 scriptura
823 2234 854 2292 in
875 2229 922 2292 his
935 2229 1061 2308 iudicet,

137 2332 178 2374 ex
199 2331 260 2394 qua
281 2332 339 2372 nec
360 2315 478 2392 apicem
501 2318 604 2395 potest
625 2314 796 2393 producere
818 2333 874 2395 pro
897 2333 953 2375 sno
976 2332 1062 2374 som-

136 2398 198 2475 nio,
221 2414 289 2456 eum
312 2395 353 2455 itti
375 2403 460 2457 tanta
478 2397 605 2457 fulmina
627 2416 683 2476 pro
706 2417 761 2458 sua
782 2397 842 2458 fide
863 2397 1030 2477 proferant.

218 2478 339 2564 Surgite
366 2498 440 2560 ergo
469 2480 518 2539 hic
544 2480 676 2539 universi
703 2479 877 2542 adulatores
904 2499 1006 2561 papae
1029 2479 1061 2538 in

135 2580 238 2640 unum,
252 2563 392 2641 satagite,
415 2562 567 2623 defendite
579 2581 634 2622 ves
648 2561 686 2624 ab
698 2565 864 2643 impietate,
886 2561 1061 2645 tyrannide,

136 2644 222 2705 laesa
243 2647 402 2706 maiestate
424 2646 589 2726 evangelii,
616 2647 727 2706 iniuria
746 2646 870 2707 fraterni
892 2644 1061 2727 opprobrii,

137 2728 188 2806 qui
210 2728 383 2790 haereticos
405 2729 525 2789 iactatis
548 2746 619 2806 eos,
653 2730 785 2808 quinon
808 2728 975 2790 secuudum
1001 2748 1062 2788 me·

136 2831 202 2871 rum
226 2813 334 2891 eapitis
355 2813 447 2871 vestri
470 2812 632 2888 somnium,
656 2821 762 2873 contra
784 2819 845 2873 tam
868 2818 1008 2892 patentes
1031 2819 1062 2870 et

136 2899 277 2974 potentes
307 2896 471 2974 scripturas
504 2894 635 2974 sapiunt.
679 2894 709 2956 Si
733 2896 791 2955 utri
819 2903 889 2955 sunt
915 2894 1060 2955 haeretiei

137 2983 168 3037 et
190 2977 373 3038 schismatici
396 2977 588 3052 nominandi,
611 2996 673 3037 non
696 2977 840 3054 Bohemi,
862 2997 923 3038 nou
948 2975 1062 3038 Graeci

139 3061 229 3138 (quia
251 3060 418 3141 evangeliis
453 3061 622 3135 nituntur),
652 3059 706 3120 sed
739 3079 795 3120 vos
824 3060 955 3121 Romani
988 3061 1061 3120 estis

135 3142 282 3203 haeretici
306 3151 337 3204 et
362 3144 446 3223 impii
468 3143 669 3220 schismatici,
701 3144 752 3222 qui
780 3143 847 3204 solu
876 3149 977 3202 vestro
1007 3141 1061 3221 fig·

138 3232 241 3286 mento
263 3227 469 3306 praesumitis,
501 3234 607 3286 contra
629 3225 784 3286 evidentes
805 3226 862 3286 Dei
885 3225 1060 3306 scripturas.

137 3307 237 3369 Eluite
258 3309 346 3388 haec,
368 3309 434 3372 viri.

222 3389 301 3465 Quid
332 3409 405 3451 vero
435 3390 532 3468 magis
562 3388 739 3468 ridiculum,
770 3397 800 3450 et
833 3389 966 3451 fraterno
1001 3391 1060 3452 isto

140 3473 240 3552 eapite
264 3472 383 3552 dignius
406 3471 464 3531 dici
487 3473 601 3551 potuit,
623 3491 715 3550 quam
737 3473 910 3552 apostolum
932 3475 1061 3553 particu-

140 3553 196 3615 lari
218 3555 381 3632 scelesiae,
413 3554 530 3614 scilicet
551 3554 794 3631 Corinthiorum,
821 3556 881 3617 ista
902 3557 1062 3637 scripsisse

142 3641 173 3698 at
199 3638 390 3722 permisisse,
423 3654 486 3700 nou
516 3642 616 3697 antem
645 3637 827 3698 universali?
869 3637 958 3700 Unde
985 3639 1062 3702 haec
