2258 4002
115 131 181 214 4194
316 134 441 203 desertio
459 159 534 203 omn.
552 151 631 205 ertio.
649 149 684 204 D.
702 137 738 204 ii.
756 147 784 202 L,
803 165 852 218 per

121 305 284 448 promtissio
318 300 437 384 impleri
468 303 533 362 sine
562 301 623 363 tide
651 323 707 383 per
734 322 812 383 opus
843 297 1047 383 quodcunque

119 405 228 470 possi.

446 547 726 612 Duodecimus:

184 667 213 729 Si
237 685 292 749 per
313 666 502 749 impossibile
521 668 680 730 confessus
700 687 761 729 non
786 674 869 728 osset
890 667 1051 742 contritus,

184 758 238 812 sut
254 753 399 811 sacerdos
421 769 485 811 non
508 751 692 832 scrio,1sed
713 753 785 812 ioco
807 751 1001 825 absolveret,
1029 751 1052 808 si

183 839 286 977 torlngn
310 833 415 894 credet
437 853 505 894 sese
528 834 719 911 absolutum,
752 835 910 895 verissime
933 839 985 894 est
1005 830 1054 891 eb·

185 935 221 978 so
236 935 253 976 u
268 935 313 978 us.

207 1052 248 1111 Et
268 1051 318 1111 hio
339 1050 405 1111 fluit
427 1069 467 1110 ex
488 1050 756 1130 praecedentibus.
798 1044 878 1111 Num
901 1049 999 1128 fides,
1028 1057 1058 1108 ut

121 1135 202 1215 dixi,
233 1136 365 1214 exigitur
386 1136 415 1193 in
445 1135 656 1214 promissionis
678 1133 799 1194 divinoe
827 1133 939 1211 verbo,
973 1132 1055 1211 quod

123 1236 308 1298 quocunque
331 1217 423 1278 modo
446 1217 601 1299 audiatur,
633 1217 659 1276 si
681 1215 741 1276 fide
762 1217 942 1296 suscipitur,
975 1217 1057 1274 iusti·

124 1301 206 1362 iicst.
240 1301 280 1361 Et
301 1300 373 1380 quid
396 1301 514 1376 mirum,
536 1302 562 1360 si
583 1301 654 1362 ioco
676 1299 828 1379 prolatum
851 1305 882 1359 et
904 1297 1055 1359 creditum

123 1381 282 1461 instificet,
316 1382 439 1463 quondo
470 1383 630 1463 apostotus
663 1381 771 1464 Philip.
800 1382 828 1444 1.
856 1381 997 1462 gaudeat
1029 1389 1058 1441 et

126 1467 288 1548 glorietur,
323 1467 405 1546 quod
428 1465 553 1525 verbum
576 1465 634 1526 Dei
663 1471 717 1546 'per
747 1457 891 1525 invidiam
924 1472 957 1526 et
986 1481 1055 1524 con-

126 1551 293 1610 tentionem
315 1548 530 1630 praedicatur?
557 1550 662 1628 utique
684 1547 766 1628 quod
790 1547 952 1608 credentes
980 1547 1056 1607 salvi

124 1631 200 1693 fiant
221 1651 276 1712 per
298 1631 433 1709 verbum,
468 1631 558 1691 etism
582 1630 620 1692 sb
644 1629 753 1706 invidis
771 1637 801 1691 et
822 1629 1072 1692 scortatoribus

123 1732 185 1776 non
208 1716 265 1774 nisi
288 1713 326 1775 sd
344 1714 577 1795 opprimendum
599 1716 699 1796 ipsum
715 1716 956 1794 annunciatum,
978 1713 1056 1774 odeo

122 1803 189 1859 tots
209 1799 256 1858 vis
278 1798 336 1858 sita
358 1804 488 1858 estnon
510 1799 540 1857 in
564 1797 701 1857 ministro
719 1795 891 1876 verbi,sed
916 1798 948 1857 in
963 1797 1058 1857 corde

90 1881 274 1980 ‘audientis
296 1887 327 1941 et
347 1879 509 1943 credentis.
541 1879 653 1940 Verum
677 1881 773 1940 nostri
793 1875 972 1942 ‘adulatores
996 1900 1056 1940 ms·

56 2037 61 2046 ¹
123 1965 189 2025 lunt
210 1965 421 2024 remissionem
450 1970 646 2043 peccatorum
671 1961 802 2023 tribuere
827 1965 982 2104 goteststi
1007 1963 1058 2023 mi·

125 2049 300 2123 nistrorum,
323 2055 356 2106 ut
376 2046 406 2105 in
430 2065 463 2105 sc
486 2045 686 2124 confidamus,
710 2065 801 2124 quum
850 2045 914 2126 dei,
939 2047 1055 2125 quain

124 2130 183 2191 Dei
204 2129 330 2190 verbum
354 2127 523 2206 credamus,
546 2128 617 2189 ideo
640 2136 673 2188 ut
690 2149 723 2188 se
743 2117 831 2188 uobis
845 2129 1057 2190 idotafsoiunt
1110 2175 1111 2200 ,

128 2217 159 2274 et
181 2234 200 2274 s,
221 2213 288 2272 Deo
311 2213 382 2272 vivo
405 2219 558 2287 avertent,
589 2211 736 2273 damnent
759 2209 849 2272 fidem
877 2211 962 2273 verbi
989 2205 1055 2290 Dei,
1110 2233 1111 2284 ς

123 2303 154 2356 st
176 2313 263 2356 suum
284 2300 421 2355 statuunt
436 2302 630 2376 potestatem.
650 2365 652 2370 ,

208 2365 280 2440 Dixi
309 2385 410 2439 sutem
439 2398 494 2458 per
523 2377 729 2458 impossibile,
758 2377 829 2460 quis
858 2369 932 2437 sutis
961 2396 1056 2457 supro
1110 2389 1111 2402 ¹

125 2461 325 2540 dictumest,
351 2459 442 2522 fidem
467 2463 533 2522 sine
563 2462 746 2522 contritione
769 2480 837 2520 esse
866 2479 926 2520 non
950 2479 1055 2542 posse,
1110 2457 1111 2460 ’

127 2565 196 2606 cum
218 2545 317 2626 gratis
338 2559 401 2606 non
422 2545 598 2605 infundatur
618 2544 675 2626 nisi
702 2563 771 2604 cunr
794 2563 905 2625 magns
927 2561 1055 2604 concus-

127 2629 215 2688 sione
238 2629 367 2688 enimse.
411 2625 503 2690 Volui
525 2629 604 2688 euim
634 2627 705 2688 fidei
729 2628 869 2688 virtutem
897 2627 1055 2688 declarare

126 2717 157 2772 et
179 2711 409 2789 commendare,
444 2729 535 2790 quam
564 2711 631 2772 sols
651 2710 745 2771 facist
774 2710 812 2770 sd
842 2704 1052 2771 remissionem

126 2801 323 2875 peccatorum
347 2800 378 2854 et
399 2794 645 2856 iustificationem
668 2795 763 2874 pacis.
798 2792 888 2869 Quod
913 2783 995 2872 dico,
1017 2813 1054 2852 ne

127 2879 194 2957 quis
222 2888 271 2937 ωδ
299 2885 385 2972 putet
413 2879 626 2939 contritionem
655 2897 709 2938 seu
738 2875 942 2938 turbationem
971 2877 1053 2937 illam

124 2960 229 3020 cordis
251 2961 282 3019 in
305 2961 482 3040 cognitione
504 2967 701 3042 peccatorum
728 2957 906 3020 suscitatum
931 2966 1053 3042 negare.

126 3041 208 3104 Volo
231 3059 310 3121 eom,
332 3044 385 3103 sed
409 3044 477 3104 dico
503 3063 570 3104 eam
595 3064 655 3105 non
673 3045 793 3124 operari
807 3041 1051 3104 iustificationem

126 3133 179 3187 aut
200 3127 411 3188 remissionem
434 3133 647 3208 peccatorum,
674 3125 749 3192 fides
772 3126 904 3199 enimin
928 3126 1051 3188 verbum

127 3209 183 3270 Dei
205 3208 351 3270 iustificat
373 3217 404 3271 et
423 3215 544 3290 purgat.

233 3319 242 3348 ’
406 3345 564 3405 Tertius
593 3343 780 3404 decimus:

193 3464 224 3522 tn
247 3467 441 3534 sacramento
463 3462 670 3545 poenitentioe
691 3478 729 3519 ac
743 3461 924 3522 remissione
946 3460 1051 3542 culpes

138 3609 146 3622 ,
191 3563 253 3604 non
279 3545 348 3625 plus
379 3546 453 3604 fucit
473 3562 571 3624 papo,
602 3545 781 3624 episcopus,
811 3563 901 3623 quem
932 3544 1050 3606 iniimus

192 3625 352 3707 sacerdos,
378 3627 440 3686 imo
462 3625 514 3685 ubi
535 3645 595 3686 non
619 3633 665 3687 est
686 3625 846 3708 sacerdos,
868 3645 969 3706 seque
991 3631 1050 3689 tun-
