<?xml version="1.0" encoding="UTF-8"?>
<!DOCTYPE html PUBLIC "-//W3C//DTD XHTML 1.0 Transitional//EN"
    "http://www.w3.org/TR/xhtml1/DTD/xhtml1-transitional.dtd">
<html xmlns="http://www.w3.org/1999/xhtml" xml:lang="en" lang="en">
 <head>
  <title>
</title>
<meta http-equiv="Content-Type" content="text/html;charset=utf-8" />
  <meta name='ocr-system' content='tesseract 3.04.00' />
  <meta name='ocr-capabilities' content='ocr_page ocr_carea ocr_par ocr_line ocrx_word'/>
</head>
<body>
  <div class='ocr_page' id='page_1' title='image "./operalatinavari03schmgoog_0151.png"; bbox 0 0 2258 4002; ppageno 0'>
   <div class='ocr_carea' id='block_1_1' title="bbox 137 157 860 226">
    <p class='ocr_par' dir='ltr' id='par_1_1' title="bbox 137 157 860 226">
     <span class='ocr_line' id='line_1_1' title="bbox 137 157 860 226; baseline 0.004 -13"><span class='ocrx_word' id='word_1_1' title='bbox 137 157 204 226; x_wconf 73' lang='grc'><strong>140</strong></span> <span class='ocrx_word' id='word_1_2' title='bbox 369 160 512 220; x_wconf 76' lang='lat' dir='ltr'><strong>Adversus</strong></span> <span class='ocrx_word' id='word_1_3' title='bbox 531 160 732 218; x_wconf 64' lang='lat' dir='ltr'><strong>exsecrabilem</strong></span> <span class='ocrx_word' id='word_1_4' title='bbox 750 159 860 216; x_wconf 76' lang='lat' dir='ltr'><strong>Bullxm</strong></span> 
     </span>
    </p>
   </div>
   <div class='ocr_carea' id='block_1_2' title="bbox 136 310 1073 2550">
    <p class='ocr_par' dir='ltr' id='par_1_2' title="bbox 137 310 1065 727">
     <span class='ocr_line' id='line_1_2' title="bbox 137 310 1062 396; baseline -0.002 -20"><span class='ocrx_word' id='word_1_5' title='bbox 137 315 260 396; x_wconf 89' lang='lat' dir='ltr'><strong>studiis,</strong></span> <span class='ocrx_word' id='word_1_6' title='bbox 291 334 354 378; x_wconf 89' lang='lat' dir='ltr'><strong>noo</strong></span> <span class='ocrx_word' id='word_1_7' title='bbox 378 316 477 378; x_wconf 90' lang='lat' dir='ltr'><strong>solum</strong></span> <span class='ocrx_word' id='word_1_8' title='bbox 505 334 569 377; x_wconf 89' lang='lat' dir='ltr'><strong>non</strong></span> <span class='ocrx_word' id='word_1_9' title='bbox 590 314 701 396; x_wconf 87' lang='lat' dir='ltr'><strong>probat</strong></span> <span class='ocrx_word' id='word_1_10' title='bbox 726 334 859 378; x_wconf 85' lang='lat' dir='ltr'><strong>errorem</strong></span> <span class='ocrx_word' id='word_1_11' title='bbox 882 321 915 376; x_wconf 89' lang='lat' dir='ltr'><strong>et</strong></span> <span class='ocrx_word' id='word_1_12' title='bbox 935 310 1062 390; x_wconf 73' lang='lat' dir='ltr'><strong>scando</strong></span> 
     </span>
     <span class='ocr_line' id='line_1_3' title="bbox 138 396 1065 480; baseline -0.003 -22"><span class='ocrx_word' id='word_1_13' title='bbox 138 398 215 476; x_wconf 86' lang='lat' dir='ltr'><strong>lum,</strong></span> <span class='ocrx_word' id='word_1_14' title='bbox 238 397 291 458; x_wconf 88' lang='lat' dir='ltr'><strong>sed</strong></span> <span class='ocrx_word' id='word_1_15' title='bbox 313 415 369 478; x_wconf 89' lang='lat' dir='ltr'><strong>pro</strong></span> <span class='ocrx_word' id='word_1_16' title='bbox 393 418 440 480; x_wconf 88' lang='lat' dir='ltr'><strong>eo,</strong></span> <span class='ocrx_word' id='word_1_17' title='bbox 463 407 496 460; x_wconf 88' lang='lat' dir='ltr'><strong>ut</strong></span> <span class='ocrx_word' id='word_1_18' title='bbox 519 406 668 460; x_wconf 81' lang='lat' dir='ltr'><strong>monstret</strong></span> <span class='ocrx_word' id='word_1_19' title='bbox 690 401 788 460; x_wconf 90' lang='lat' dir='ltr'><strong>solum</strong></span> <span class='ocrx_word' id='word_1_20' title='bbox 810 396 1012 479; x_wconf 82' lang='lat' dir='ltr'><strong>impossibilis</strong></span> <span class='ocrx_word' id='word_1_21' title='bbox 1035 403 1065 456; x_wconf 92' lang='lat' dir='ltr'><strong>et</strong></span> 
     </span>
     <span class='ocr_line' id='line_1_4' title="bbox 137 481 1064 562; baseline -0.004 -20"><span class='ocrx_word' id='word_1_22' title='bbox 137 482 194 543; x_wconf 90' lang='lat' dir='ltr'><strong>sibi</strong></span> <span class='ocrx_word' id='word_1_23' title='bbox 216 481 392 562; x_wconf 75' lang='lat' dir='ltr'><strong>turpissime</strong></span> <span class='ocrx_word' id='word_1_24' title='bbox 413 483 594 562; x_wconf 82' lang='lat' dir='ltr'><strong>pugnantia,</strong></span> <span class='ocrx_word' id='word_1_25' title='bbox 619 482 761 562; x_wconf 87' lang='lat' dir='ltr'><strong>loquitur.</strong></span> <span class='ocrx_word' id='word_1_26' title='bbox 794 481 851 546; x_wconf 91' lang='lat' dir='ltr'><strong>Ubi</strong></span> <span class='ocrx_word' id='word_1_27' title='bbox 875 499 957 542; x_wconf 89' lang='lat' dir='ltr'><strong>nunc</strong></span> <span class='ocrx_word' id='word_1_28' title='bbox 978 488 1064 540; x_wconf 85' lang='lat' dir='ltr'><strong>tuom</strong></span> 
     </span>
     <span class='ocr_line' id='line_1_5' title="bbox 138 559 1064 645; baseline -0.006 -20"><span class='ocrx_word' id='word_1_29' title='bbox 138 565 243 625; x_wconf 81' lang='lat' dir='ltr'><strong>infelix</strong></span> <span class='ocrx_word' id='word_1_30' title='bbox 257 565 427 645; x_wconf 87' lang='lat' dir='ltr'><strong>respective</strong></span> <span class='ocrx_word' id='word_1_31' title='bbox 441 565 648 626; x_wconf 78' lang='lat' dir='ltr'><strong>infelicissima</strong></span> <span class='ocrx_word' id='word_1_32' title='bbox 671 564 776 628; x_wconf 82' lang='lat' dir='ltr'><strong>bollai</strong></span> <span class='ocrx_word' id='word_1_33' title='bbox 798 583 859 644; x_wconf 85' lang='lat' dir='ltr'><strong>quo</strong></span> <span class='ocrx_word' id='word_1_34' title='bbox 878 559 1064 642; x_wconf 80' lang='lat' dir='ltr'><strong>respexisti?</strong></span> 
     </span>
     <span class='ocr_line' id='line_1_6' title="bbox 138 646 1009 727; baseline -0.005 -19"><span class='ocrx_word' id='word_1_35' title='bbox 138 646 168 708; x_wconf 87' lang='lat' dir='ltr'><strong>iu</strong></span> <span class='ocrx_word' id='word_1_36' title='bbox 192 646 365 708; x_wconf 78' lang='lat' dir='ltr'><strong>barathrum</strong></span> <span class='ocrx_word' id='word_1_37' title='bbox 389 648 553 727; x_wconf 90' lang='lat' dir='ltr'><strong>impietatis</strong></span> <span class='ocrx_word' id='word_1_38' title='bbox 574 647 692 709; x_wconf 87' lang='lat' dir='ltr'><strong>scilieet</strong></span> <span class='ocrx_word' id='word_1_39' title='bbox 713 656 744 709; x_wconf 89' lang='lat' dir='ltr'><strong>et</strong></span> <span class='ocrx_word' id='word_1_40' title='bbox 765 647 905 708; x_wconf 87' lang='lat' dir='ltr'><strong>ruditatis</strong></span> <span class='ocrx_word' id='word_1_41' title='bbox 928 654 1009 706; x_wconf 85' lang='lat' dir='ltr'><strong>tuse.</strong></span> 
     </span>
    </p>

    <p class='ocr_par' dir='ltr' id='par_1_3' title="bbox 136 727 1071 2119">
     <span class='ocr_line' id='line_1_7' title="bbox 218 727 1066 804; baseline -0.004 -14"><span class='ocrx_word' id='word_1_42' title='bbox 218 731 301 790; x_wconf 89' lang='lat' dir='ltr'><strong>Idem</strong></span> <span class='ocrx_word' id='word_1_43' title='bbox 323 727 484 794; x_wconf 89' lang='lat' dir='ltr'><strong>dicendum</strong></span> <span class='ocrx_word' id='word_1_44' title='bbox 507 733 565 792; x_wconf 85' lang='lat' dir='ltr'><strong>erit</strong></span> <span class='ocrx_word' id='word_1_45' title='bbox 585 730 624 791; x_wconf 90' lang='lat' dir='ltr'><strong>de</strong></span> <span class='ocrx_word' id='word_1_46' title='bbox 646 730 817 804; x_wconf 78' lang='lat' dir='ltr'><strong>offensivis,</strong></span> <span class='ocrx_word' id='word_1_47' title='bbox 840 749 911 790; x_wconf 89' lang='lat' dir='ltr'><strong>uam</strong></span> <span class='ocrx_word' id='word_1_48' title='bbox 932 729 992 790; x_wconf 88' lang='lat' dir='ltr'><strong>hos</strong></span> <span class='ocrx_word' id='word_1_49' title='bbox 1015 746 1066 788; x_wconf 88' lang='lat' dir='ltr'><strong>ne·</strong></span> 
     </span>
     <span class='ocr_line' id='line_1_8' title="bbox 137 811 1065 894; baseline -0.006 -20"><span class='ocrx_word' id='word_1_50' title='bbox 137 832 196 894; x_wconf 86' lang='lat' dir='ltr'><strong>quo</strong></span> <span class='ocrx_word' id='word_1_51' title='bbox 218 813 430 888; x_wconf 78' lang='lat' dir='ltr'><strong>scandalosos‚</strong></span> <span class='ocrx_word' id='word_1_52' title='bbox 453 833 553 894; x_wconf 89' lang='lat' dir='ltr'><strong>oeque</strong></span> <span class='ocrx_word' id='word_1_53' title='bbox 575 833 738 891; x_wconf 85' lang='lat' dir='ltr'><strong>erroneos,</strong></span> <span class='ocrx_word' id='word_1_54' title='bbox 766 833 867 892; x_wconf 90' lang='lat' dir='ltr'><strong>neque</strong></span> <span class='ocrx_word' id='word_1_55' title='bbox 888 811 1065 874; x_wconf 75' lang='lat' dir='ltr'><strong>haereticos</strong></span> 
     </span>
     <span class='ocr_line' id='line_1_9' title="bbox 136 892 1065 977; baseline -0.005 -20"><span class='ocrx_word' id='word_1_56' title='bbox 136 915 205 957; x_wconf 87' lang='lat' dir='ltr'><strong>esse</strong></span> <span class='ocrx_word' id='word_1_57' title='bbox 227 903 359 976; x_wconf 79' lang='lat' dir='ltr'><strong>oportet,</strong></span> <span class='ocrx_word' id='word_1_58' title='bbox 382 915 450 958; x_wconf 90' lang='lat' dir='ltr'><strong>cum</strong></span> <span class='ocrx_word' id='word_1_59' title='bbox 474 898 566 960; x_wconf 87' lang='lat' dir='ltr'><strong>tantis</strong></span> <span class='ocrx_word' id='word_1_60' title='bbox 589 898 717 977; x_wconf 86' lang='lat' dir='ltr'><strong>pepistis</strong></span> <span class='ocrx_word' id='word_1_61' title='bbox 733 895 950 957; x_wconf 86' lang='lat' dir='ltr'><strong>discernantur.</strong></span> <span class='ocrx_word' id='word_1_62' title='bbox 988 892 1065 969; x_wconf 81' lang='lat' dir='ltr'><strong>Quis</strong></span> 
     </span>
     <span class='ocr_line' id='line_1_10' title="bbox 137 976 1065 1061; baseline -0.005 -22"><span class='ocrx_word' id='word_1_63' title='bbox 137 997 211 1060; x_wconf 85' lang='lat' dir='ltr'><strong>ergo</strong></span> <span class='ocrx_word' id='word_1_64' title='bbox 235 997 296 1039; x_wconf 90' lang='lat' dir='ltr'><strong>non</strong></span> <span class='ocrx_word' id='word_1_65' title='bbox 320 980 443 1040; x_wconf 88' lang='lat' dir='ltr'><strong>miretur</strong></span> <span class='ocrx_word' id='word_1_66' title='bbox 465 988 549 1040; x_wconf 86' lang='lat' dir='ltr'><strong>tanta</strong></span> <span class='ocrx_word' id='word_1_67' title='bbox 571 981 695 1060; x_wconf 81' lang='lat' dir='ltr'><strong>ingenis</strong></span> <span class='ocrx_word' id='word_1_68' title='bbox 717 981 923 1061; x_wconf 86' lang='lat' dir='ltr'><strong>papistarum‚</strong></span> <span class='ocrx_word' id='word_1_69' title='bbox 944 978 998 1056; x_wconf 94' lang='lat' dir='ltr'><strong>qui</strong></span> <span class='ocrx_word' id='word_1_70' title='bbox 1021 976 1065 1034; x_wconf 93' lang='lat' dir='ltr'><strong>in·</strong></span> 
     </span>
     <span class='ocr_line' id='line_1_11' title="bbox 137 1057 1066 1142; baseline -0.003 -21"><span class='ocrx_word' id='word_1_71' title='bbox 137 1063 242 1124; x_wconf 87' lang='lat' dir='ltr'><strong>venire</strong></span> <span class='ocrx_word' id='word_1_72' title='bbox 264 1068 438 1142; x_wconf 87' lang='lat' dir='ltr'><strong>potuerunt,</strong></span> <span class='ocrx_word' id='word_1_73' title='bbox 461 1062 642 1124; x_wconf 82' lang='lat' dir='ltr'><strong>offensivum</strong></span> <span class='ocrx_word' id='word_1_74' title='bbox 664 1064 784 1124; x_wconf 88' lang='lat' dir='ltr'><strong>esseio</strong></span> <span class='ocrx_word' id='word_1_75' title='bbox 808 1061 956 1137; x_wconf 85' lang='lat' dir='ltr'><strong>ecclesie,</strong></span> <span class='ocrx_word' id='word_1_76' title='bbox 980 1057 1066 1139; x_wconf 86' lang='lat' dir='ltr'><strong>quod</strong></span> 
     </span>
     <span class='ocr_line' id='line_1_12' title="bbox 139 1143 1068 1225; baseline -0.005 -19"><span class='ocrx_word' id='word_1_77' title='bbox 139 1153 240 1206; x_wconf 87' lang='lat' dir='ltr'><strong>tameo</strong></span> <span class='ocrx_word' id='word_1_78' title='bbox 263 1145 454 1218; x_wconf 72' lang='lat' dir='ltr'><strong>neolalsum,</strong></span> <span class='ocrx_word' id='word_1_79' title='bbox 477 1164 534 1206; x_wconf 89' lang='lat' dir='ltr'><strong>nec</strong></span> <span class='ocrx_word' id='word_1_80' title='bbox 547 1145 744 1225; x_wconf 89' lang='lat' dir='ltr'><strong>haereticum,</strong></span> <span class='ocrx_word' id='word_1_81' title='bbox 765 1143 1068 1217; x_wconf 85' lang='lat' dir='ltr'><strong>necscandalosum‚</strong></span> 
     </span>
     <span class='ocr_line' id='line_1_13' title="bbox 139 1227 1067 1304; baseline -0.004 -16"><span class='ocrx_word' id='word_1_82' title='bbox 139 1228 193 1288; x_wconf 89' lang='lat' dir='ltr'><strong>sed</strong></span> <span class='ocrx_word' id='word_1_83' title='bbox 217 1246 331 1304; x_wconf 85' lang='lat' dir='ltr'><strong>verum,</strong></span> <span class='ocrx_word' id='word_1_84' title='bbox 354 1228 549 1304; x_wconf 79' lang='lat' dir='ltr'><strong>catholicum,</strong></span> <span class='ocrx_word' id='word_1_85' title='bbox 571 1227 813 1290; x_wconf 84' lang='lat' dir='ltr'><strong>aedificatorium</strong></span> <span class='ocrx_word' id='word_1_86' title='bbox 836 1229 887 1300; x_wconf 76' lang='lat' dir='ltr'><strong>sit,</strong></span> <span class='ocrx_word' id='word_1_87' title='bbox 908 1233 939 1286; x_wconf 86' lang='lat' dir='ltr'><strong>ei</strong></span> <span class='ocrx_word' id='word_1_88' title='bbox 960 1233 1067 1286; x_wconf 84' lang='lat' dir='ltr'><strong>temen</strong></span> 
     </span>
     <span class='ocr_line' id='line_1_14' title="bbox 137 1309 1067 1390; baseline -0.004 -18"><span class='ocrx_word' id='word_1_89' title='bbox 137 1312 198 1372; x_wconf 87' lang='lat' dir='ltr'><strong>hoe</strong></span> <span class='ocrx_word' id='word_1_90' title='bbox 224 1311 324 1390; x_wconf 88' lang='lat' dir='ltr'><strong>ipsum</strong></span> <span class='ocrx_word' id='word_1_91' title='bbox 348 1310 514 1373; x_wconf 75' lang='lat' dir='ltr'><strong>damnant?</strong></span> <span class='ocrx_word' id='word_1_92' title='bbox 547 1311 622 1387; x_wconf 78' lang='lat' dir='ltr'><strong>Quis</strong></span> <span class='ocrx_word' id='word_1_93' title='bbox 650 1329 723 1372; x_wconf 87' lang='lat' dir='ltr'><strong>vero</strong></span> <span class='ocrx_word' id='word_1_94' title='bbox 747 1329 808 1372; x_wconf 88' lang='lat' dir='ltr'><strong>non</strong></span> <span class='ocrx_word' id='word_1_95' title='bbox 835 1309 950 1372; x_wconf 86' lang='lat' dir='ltr'><strong>ambiat</strong></span> <span class='ocrx_word' id='word_1_96' title='bbox 972 1309 1067 1369; x_wconf 88' lang='lat' dir='ltr'><strong>etism</strong></span> 
     </span>
     <span class='ocr_line' id='line_1_15' title="bbox 138 1392 1068 1475; baseline -0.004 -20"><span class='ocrx_word' id='word_1_97' title='bbox 138 1392 177 1455; x_wconf 85' lang='lat' dir='ltr'><strong>sb</strong></span> <span class='ocrx_word' id='word_1_98' title='bbox 199 1394 236 1453; x_wconf 90' lang='lat' dir='ltr'><strong>iis</strong></span> <span class='ocrx_word' id='word_1_99' title='bbox 258 1394 373 1454; x_wconf 87' lang='lat' dir='ltr'><strong>insanis</strong></span> <span class='ocrx_word' id='word_1_100' title='bbox 396 1393 549 1471; x_wconf 79' lang='lat' dir='ltr'><strong>damnari,</strong></span> <span class='ocrx_word' id='word_1_101' title='bbox 571 1397 621 1474; x_wconf 91' lang='lat' dir='ltr'><strong>qui</strong></span> <span class='ocrx_word' id='word_1_102' title='bbox 644 1414 701 1456; x_wconf 89' lang='lat' dir='ltr'><strong>sua</strong></span> <span class='ocrx_word' id='word_1_103' title='bbox 721 1395 847 1475; x_wconf 88' lang='lat' dir='ltr'><strong>propria</strong></span> <span class='ocrx_word' id='word_1_104' title='bbox 868 1392 1068 1452; x_wconf 75' lang='lat' dir='ltr'><strong>damnatione</strong></span> 
     </span>
     <span class='ocr_line' id='line_1_16' title="bbox 139 1473 1068 1558; baseline -0.006 -20"><span class='ocrx_word' id='word_1_105' title='bbox 139 1475 304 1538; x_wconf 88' lang='lat' dir='ltr'><strong>ostendunt</strong></span> <span class='ocrx_word' id='word_1_106' title='bbox 326 1495 359 1536; x_wconf 91' lang='lat' dir='ltr'><strong>se</strong></span> <span class='ocrx_word' id='word_1_107' title='bbox 382 1476 527 1538; x_wconf 80' lang='lat' dir='ltr'><strong>damoeta</strong></span> <span class='ocrx_word' id='word_1_108' title='bbox 548 1475 679 1557; x_wconf 88' lang='lat' dir='ltr'><strong>probare</strong></span> <span class='ocrx_word' id='word_1_109' title='bbox 702 1484 733 1536; x_wconf 92' lang='lat' dir='ltr'><strong>et</strong></span> <span class='ocrx_word' id='word_1_110' title='bbox 753 1475 883 1558; x_wconf 77' lang='lat' dir='ltr'><strong>probato</strong></span> <span class='ocrx_word' id='word_1_111' title='bbox 896 1473 1068 1536; x_wconf 79' lang='lat' dir='ltr'><strong>damnare?</strong></span> 
     </span>
     <span class='ocr_line' id='line_1_17' title="bbox 138 1559 1069 1631; baseline -0.004 -11"><span class='ocrx_word' id='word_1_112' title='bbox 138 1559 199 1620; x_wconf 86' lang='lat' dir='ltr'><strong>hoc</strong></span> <span class='ocrx_word' id='word_1_113' title='bbox 222 1564 285 1631; x_wconf 87' lang='lat' dir='ltr'><strong>est,</strong></span> <span class='ocrx_word' id='word_1_114' title='bbox 308 1560 421 1620; x_wconf 86' lang='lat' dir='ltr'><strong>truncis</strong></span> <span class='ocrx_word' id='word_1_115' title='bbox 443 1567 474 1620; x_wconf 91' lang='lat' dir='ltr'><strong>et</strong></span> <span class='ocrx_word' id='word_1_116' title='bbox 495 1559 634 1621; x_wconf 87' lang='lat' dir='ltr'><strong>cautibus</strong></span> <span class='ocrx_word' id='word_1_117' title='bbox 656 1578 725 1621; x_wconf 86' lang='lat' dir='ltr'><strong>sese</strong></span> <span class='ocrx_word' id='word_1_118' title='bbox 745 1559 964 1621; x_wconf 87' lang='lat' dir='ltr'><strong>insensatiores</strong></span> <span class='ocrx_word' id='word_1_119' title='bbox 988 1575 1069 1631; x_wconf 85' lang='lat' dir='ltr'><strong>esse,</strong></span> 
     </span>
     <span class='ocr_line' id='line_1_18' title="bbox 139 1641 1068 1723; baseline -0.001 -22"><span class='ocrx_word' id='word_1_120' title='bbox 139 1641 241 1723; x_wconf 84' lang='lat' dir='ltr'><strong>palam</strong></span> <span class='ocrx_word' id='word_1_121' title='bbox 272 1660 341 1702; x_wconf 90' lang='lat' dir='ltr'><strong>cum</strong></span> <span class='ocrx_word' id='word_1_122' title='bbox 370 1661 489 1703; x_wconf 89' lang='lat' dir='ltr'><strong>summa</strong></span> <span class='ocrx_word' id='word_1_123' title='bbox 518 1663 574 1704; x_wconf 88' lang='lat' dir='ltr'><strong>soa</strong></span> <span class='ocrx_word' id='word_1_124' title='bbox 608 1641 778 1722; x_wconf 81' lang='lat' dir='ltr'><strong>ignominis</strong></span> <span class='ocrx_word' id='word_1_125' title='bbox 814 1648 1068 1704; x_wconf 77' lang='lat' dir='ltr'><strong>commonstrant.</strong></span> 
     </span>
     <span class='ocr_line' id='line_1_19' title="bbox 138 1721 1069 1806; baseline -0.003 -22"><span class='ocrx_word' id='word_1_126' title='bbox 138 1724 184 1786; x_wconf 87' lang='lat' dir='ltr'><strong>lte</strong></span> <span class='ocrx_word' id='word_1_127' title='bbox 206 1742 279 1804; x_wconf 87' lang='lat' dir='ltr'><strong>ergo</strong></span> <span class='ocrx_word' id='word_1_128' title='bbox 303 1744 359 1786; x_wconf 86' lang='lat' dir='ltr'><strong>vos</strong></span> <span class='ocrx_word' id='word_1_129' title='bbox 387 1726 470 1805; x_wconf 91' lang='lat' dir='ltr'><strong>impii</strong></span> <span class='ocrx_word' id='word_1_130' title='bbox 499 1734 530 1786; x_wconf 92' lang='lat' dir='ltr'><strong>et</strong></span> <span class='ocrx_word' id='word_1_131' title='bbox 556 1724 705 1786; x_wconf 87' lang='lat' dir='ltr'><strong>insensati</strong></span> <span class='ocrx_word' id='word_1_132' title='bbox 733 1726 889 1806; x_wconf 83' lang='lat' dir='ltr'><strong>pepistae,</strong></span> <span class='ocrx_word' id='word_1_133' title='bbox 919 1731 950 1784; x_wconf 89' lang='lat' dir='ltr'><strong>et</strong></span> <span class='ocrx_word' id='word_1_134' title='bbox 971 1721 1069 1783; x_wconf 88' lang='lat' dir='ltr'><strong>sobrii</strong></span> 
     </span>
     <span class='ocr_line' id='line_1_20' title="bbox 139 1805 1069 1887; baseline -0.004 -19"><span class='ocrx_word' id='word_1_135' title='bbox 139 1806 276 1885; x_wconf 79' lang='lat' dir='ltr'><strong>scribite,</strong></span> <span class='ocrx_word' id='word_1_136' title='bbox 308 1809 334 1867; x_wconf 94' lang='lat' dir='ltr'><strong>si</strong></span> <span class='ocrx_word' id='word_1_137' title='bbox 356 1807 427 1887; x_wconf 89' lang='lat' dir='ltr'><strong>quid</strong></span> <span class='ocrx_word' id='word_1_138' title='bbox 450 1807 583 1869; x_wconf 87' lang='lat' dir='ltr'><strong>scribere</strong></span> <span class='ocrx_word' id='word_1_139' title='bbox 606 1808 712 1878; x_wconf 79' lang='lat' dir='ltr'><strong>vultis,</strong></span> <span class='ocrx_word' id='word_1_140' title='bbox 742 1828 812 1869; x_wconf 90' lang='lat' dir='ltr'><strong>nam</strong></span> <span class='ocrx_word' id='word_1_141' title='bbox 843 1808 925 1868; x_wconf 88' lang='lat' dir='ltr'><strong>hanc</strong></span> <span class='ocrx_word' id='word_1_142' title='bbox 951 1805 1069 1866; x_wconf 87' lang='lat' dir='ltr'><strong>bullam</strong></span> 
     </span>
     <span class='ocr_line' id='line_1_21' title="bbox 139 1890 1071 1972; baseline -0.004 -22"><span class='ocrx_word' id='word_1_143' title='bbox 139 1897 268 1971; x_wconf 87' lang='lat' dir='ltr'><strong>apparet</strong></span> <span class='ocrx_word' id='word_1_144' title='bbox 294 1890 343 1951; x_wconf 86' lang='lat' dir='ltr'><strong>vei</strong></span> <span class='ocrx_word' id='word_1_145' title='bbox 370 1892 449 1952; x_wconf 86' lang='lat' dir='ltr'><strong>inter</strong></span> <span class='ocrx_word' id='word_1_146' title='bbox 479 1901 610 1972; x_wconf 83' lang='lat' dir='ltr'><strong>putaras</strong></span> <span class='ocrx_word' id='word_1_147' title='bbox 639 1897 789 1953; x_wconf 86' lang='lat' dir='ltr'><strong>nocturno</strong></span> <span class='ocrx_word' id='word_1_148' title='bbox 820 1890 966 1952; x_wconf 87' lang='lat' dir='ltr'><strong>convivio</strong></span> <span class='ocrx_word' id='word_1_149' title='bbox 1000 1907 1071 1948; x_wconf 89' lang='lat' dir='ltr'><strong>esse</strong></span> 
     </span>
     <span class='ocr_line' id='line_1_22' title="bbox 140 1973 1070 2054; baseline -0.004 -20"><span class='ocrx_word' id='word_1_150' title='bbox 140 1980 288 2054; x_wconf 79' lang='lat' dir='ltr'><strong>egestam,</strong></span> <span class='ocrx_word' id='word_1_151' title='bbox 310 1981 363 2034; x_wconf 86' lang='lat' dir='ltr'><strong>aut</strong></span> <span class='ocrx_word' id='word_1_152' title='bbox 383 1975 414 2035; x_wconf 92' lang='lat' dir='ltr'><strong>in</strong></span> <span class='ocrx_word' id='word_1_153' title='bbox 432 1973 654 2036; x_wconf 76' lang='lat' dir='ltr'><strong>canicularibus</strong></span> <span class='ocrx_word' id='word_1_154' title='bbox 677 1975 760 2034; x_wconf 84' lang='lat' dir='ltr'><strong>iuriis</strong></span> <span class='ocrx_word' id='word_1_155' title='bbox 774 1973 942 2050; x_wconf 85' lang='lat' dir='ltr'><strong>confusam,</strong></span> <span class='ocrx_word' id='word_1_156' title='bbox 964 1989 1070 2050; x_wconf 87' lang='lat' dir='ltr'><strong>neque</strong></span> 
     </span>
     <span class='ocr_line' id='line_1_23' title="bbox 139 2055 739 2119; baseline 0.003 -2"><span class='ocrx_word' id='word_1_157' title='bbox 139 2058 220 2117; x_wconf 90' lang='lat' dir='ltr'><strong>enim</strong></span> <span class='ocrx_word' id='word_1_158' title='bbox 243 2055 296 2117; x_wconf 93' lang='lat' dir='ltr'><strong>ulii</strong></span> <span class='ocrx_word' id='word_1_159' title='bbox 319 2058 473 2118; x_wconf 89' lang='lat' dir='ltr'><strong>moriones</strong></span> <span class='ocrx_word' id='word_1_160' title='bbox 496 2059 541 2118; x_wconf 90' lang='lat' dir='ltr'><strong>sic</strong></span> <span class='ocrx_word' id='word_1_161' title='bbox 561 2058 739 2119; x_wconf 84' lang='lat' dir='ltr'><strong>insanirent.</strong></span> 
     </span>
    </p>

    <p class='ocr_par' dir='ltr' id='par_1_4' title="bbox 140 2137 1073 2550">
     <span class='ocr_line' id='line_1_24' title="bbox 224 2137 1072 2220; baseline -0.004 -21"><span class='ocrx_word' id='word_1_162' title='bbox 224 2138 468 2219; x_wconf 86' lang='lat' dir='ltr'><strong>Retorqueamus</strong></span> <span class='ocrx_word' id='word_1_163' title='bbox 489 2147 591 2202; x_wconf 85' lang='lat' dir='ltr'><strong>sutem</strong></span> <span class='ocrx_word' id='word_1_164' title='bbox 615 2138 850 2220; x_wconf 87' lang='lat' dir='ltr'><strong>imprudentiam</strong></span> <span class='ocrx_word' id='word_1_165' title='bbox 879 2139 968 2199; x_wconf 83' lang='lat' dir='ltr'><strong>istam</strong></span> <span class='ocrx_word' id='word_1_166' title='bbox 994 2137 1072 2198; x_wconf 89' lang='lat' dir='ltr'><strong>anti·</strong></span> 
     </span>
     <span class='ocr_line' id='line_1_25' title="bbox 140 2218 1071 2302; baseline -0.004 -20"><span class='ocrx_word' id='word_1_167' title='bbox 140 2221 295 2282; x_wconf 87' lang='lat' dir='ltr'><strong>christiin</strong></span> <span class='ocrx_word' id='word_1_168' title='bbox 319 2223 452 2302; x_wconf 86' lang='lat' dir='ltr'><strong>ossius,</strong></span> <span class='ocrx_word' id='word_1_169' title='bbox 480 2232 573 2284; x_wconf 88' lang='lat' dir='ltr'><strong>etex</strong></span> <span class='ocrx_word' id='word_1_170' title='bbox 596 2220 789 2285; x_wconf 89' lang='lat' dir='ltr'><strong>sermonibus</strong></span> <span class='ocrx_word' id='word_1_171' title='bbox 809 2222 971 2301; x_wconf 87' lang='lat' dir='ltr'><strong>ipsiusmet</strong></span> <span class='ocrx_word' id='word_1_172' title='bbox 993 2218 1071 2280; x_wconf 90' lang='lat' dir='ltr'><strong>iudi·</strong></span> 
     </span>
     <span class='ocr_line' id='line_1_26' title="bbox 141 2301 1073 2382; baseline -0.003 -17"><span class='ocrx_word' id='word_1_173' title='bbox 141 2323 245 2365; x_wconf 90' lang='lat' dir='ltr'><strong>cemus</strong></span> <span class='ocrx_word' id='word_1_174' title='bbox 273 2311 304 2364; x_wconf 86' lang='lat' dir='ltr'><strong>et</strong></span> <span class='ocrx_word' id='word_1_175' title='bbox 336 2304 576 2366; x_wconf 85' lang='lat' dir='ltr'><strong>condemnemus</strong></span> <span class='ocrx_word' id='word_1_176' title='bbox 609 2325 696 2382; x_wconf 83' lang='lat' dir='ltr'><strong>eum,</strong></span> <span class='ocrx_word' id='word_1_177' title='bbox 728 2312 761 2365; x_wconf 90' lang='lat' dir='ltr'><strong>ut</strong></span> <span class='ocrx_word' id='word_1_178' title='bbox 792 2303 937 2382; x_wconf 87' lang='lat' dir='ltr'><strong>deinceps</strong></span> <span class='ocrx_word' id='word_1_179' title='bbox 969 2301 1073 2363; x_wconf 85' lang='lat' dir='ltr'><strong>diseat</strong></span> 
     </span>
     <span class='ocr_line' id='line_1_27' title="bbox 142 2386 1070 2466; baseline -0.004 -18"><span class='ocrx_word' id='word_1_180' title='bbox 142 2387 270 2448; x_wconf 89' lang='lat' dir='ltr'><strong>astutius</strong></span> <span class='ocrx_word' id='word_1_181' title='bbox 294 2395 325 2448; x_wconf 91' lang='lat' dir='ltr'><strong>et</strong></span> <span class='ocrx_word' id='word_1_182' title='bbox 347 2388 473 2450; x_wconf 89' lang='lat' dir='ltr'><strong>meliore</strong></span> <span class='ocrx_word' id='word_1_183' title='bbox 493 2389 642 2449; x_wconf 86' lang='lat' dir='ltr'><strong>memoris</strong></span> <span class='ocrx_word' id='word_1_184' title='bbox 664 2389 791 2448; x_wconf 88' lang='lat' dir='ltr'><strong>mentiri.</strong></span> <span class='ocrx_word' id='word_1_185' title='bbox 840 2386 971 2466; x_wconf 85' lang='lat' dir='ltr'><strong>Oportet</strong></span> <span class='ocrx_word' id='word_1_186' title='bbox 988 2386 1070 2446; x_wconf 92' lang='lat' dir='ltr'><strong>euim</strong></span> 
     </span>
     <span class='ocr_line' id='line_1_28' title="bbox 142 2467 1070 2550; baseline -0.003 -20"><span class='ocrx_word' id='word_1_187' title='bbox 142 2470 321 2531; x_wconf 88' lang='lat' dir='ltr'><strong>mendaeem</strong></span> <span class='ocrx_word' id='word_1_188' title='bbox 344 2490 412 2531; x_wconf 89' lang='lat' dir='ltr'><strong>esse</strong></span> <span class='ocrx_word' id='word_1_189' title='bbox 435 2489 601 2532; x_wconf 89' lang='lat' dir='ltr'><strong>memorem</strong></span> <span class='ocrx_word' id='word_1_190' title='bbox 624 2471 712 2532; x_wconf 90' lang='lat' dir='ltr'><strong>iuxta</strong></span> <span class='ocrx_word' id='word_1_191' title='bbox 733 2469 937 2550; x_wconf 83' lang='lat' dir='ltr'><strong>proverbium.</strong></span> <span class='ocrx_word' id='word_1_192' title='bbox 971 2467 1005 2530; x_wconf 81' lang='lat' dir='ltr'><strong>si</strong></span> <span class='ocrx_word' id='word_1_193' title='bbox 1019 2467 1070 2527; x_wconf 86' lang='lat' dir='ltr'><strong>alii</strong></span> 
     </span>
    </p>
   </div>
   <div class='ocr_carea' id='block_1_3' title="bbox 27 2553 1069 2630">
    <p class='ocr_par' dir='ltr' id='par_1_5' title="bbox 27 2553 1069 2630">
     <span class='ocr_line' id='line_1_29' title="bbox 27 2553 1069 2630; baseline 0.001 -21"><span class='ocrx_word' id='word_1_194' title='bbox 27 2589 32 2608; x_wconf 81' lang='grc'><strong>.</strong></span> <span class='ocrx_word' id='word_1_195' title='bbox 142 2561 212 2612; x_wconf 91' lang='lat' dir='ltr'><strong>sunt</strong></span> <span class='ocrx_word' id='word_1_196' title='bbox 241 2554 358 2613; x_wconf 87' lang='lat' dir='ltr'><strong>articuli</strong></span> <span class='ocrx_word' id='word_1_197' title='bbox 388 2553 527 2615; x_wconf 81' lang='lat' dir='ltr'><strong>offensivi</strong></span> <span class='ocrx_word' id='word_1_198' title='bbox 550 2560 581 2614; x_wconf 89' lang='lat' dir='ltr'><strong>et</strong></span> <span class='ocrx_word' id='word_1_199' title='bbox 611 2553 662 2615; x_wconf 84' lang='lat' dir='ltr'><strong>alii</strong></span> <span class='ocrx_word' id='word_1_200' title='bbox 686 2553 847 2630; x_wconf 88' lang='lat' dir='ltr'><strong>haeretici,</strong></span> <span class='ocrx_word' id='word_1_201' title='bbox 880 2559 912 2612; x_wconf 91' lang='lat' dir='ltr'><strong>et</strong></span> <span class='ocrx_word' id='word_1_202' title='bbox 938 2559 970 2611; x_wconf 91' lang='lat' dir='ltr'><strong>tu</strong></span> <span class='ocrx_word' id='word_1_203' title='bbox 999 2569 1069 2611; x_wconf 89' lang='lat' dir='ltr'><strong>eum</strong></span> 
     </span>
    </p>
   </div>
   <div class='ocr_carea' id='block_1_4' title="bbox 142 2634 1071 3791">
    <p class='ocr_par' dir='ltr' id='par_1_6' title="bbox 142 2634 1071 3791">
     <span class='ocr_line' id='line_1_30' title="bbox 142 2634 1070 2716; baseline -0.002 -22"><span class='ocrx_word' id='word_1_204' title='bbox 142 2634 280 2711; x_wconf 79' lang='lat' dir='ltr'><strong>damnus,</strong></span> <span class='ocrx_word' id='word_1_205' title='bbox 303 2637 353 2716; x_wconf 89' lang='lat' dir='ltr'><strong>qui</strong></span> <span class='ocrx_word' id='word_1_206' title='bbox 376 2655 437 2698; x_wconf 88' lang='lat' dir='ltr'><strong>non</strong></span> <span class='ocrx_word' id='word_1_207' title='bbox 462 2645 509 2698; x_wconf 89' lang='lat' dir='ltr'><strong>est</strong></span> <span class='ocrx_word' id='word_1_208' title='bbox 530 2636 717 2710; x_wconf 78' lang='lat' dir='ltr'><strong>haereticus,</strong></span> <span class='ocrx_word' id='word_1_209' title='bbox 746 2654 783 2696; x_wconf 88' lang='lat' dir='ltr'><strong>ac</strong></span> <span class='ocrx_word' id='word_1_210' title='bbox 811 2655 867 2713; x_wconf 90' lang='lat' dir='ltr'><strong>psr</strong></span> <span class='ocrx_word' id='word_1_211' title='bbox 895 2635 956 2696; x_wconf 92' lang='lat' dir='ltr'><strong>hoc</strong></span> <span class='ocrx_word' id='word_1_212' title='bbox 978 2651 1070 2694; x_wconf 85' lang='lat' dir='ltr'><strong>verus</strong></span> 
     </span>
     <span class='ocr_line' id='line_1_31' title="bbox 144 2716 1071 2796; baseline -0.001 -19"><span class='ocrx_word' id='word_1_213' title='bbox 144 2716 369 2795; x_wconf 60' lang='lat' dir='ltr'><strong>acatholicus,</strong></span> <span class='ocrx_word' id='word_1_214' title='bbox 392 2720 509 2779; x_wconf 89' lang='lat' dir='ltr'><strong>etiamsi</strong></span> <span class='ocrx_word' id='word_1_215' title='bbox 522 2720 562 2779; x_wconf 89' lang='lat' dir='ltr'><strong>sit</strong></span> <span class='ocrx_word' id='word_1_216' title='bbox 579 2719 751 2779; x_wconf 86' lang='lat' dir='ltr'><strong>sexcenties</strong></span> <span class='ocrx_word' id='word_1_217' title='bbox 763 2717 941 2796; x_wconf 82' lang='lat' dir='ltr'><strong>offensivus,</strong></span> <span class='ocrx_word' id='word_1_218' title='bbox 964 2734 1071 2777; x_wconf 90' lang='lat' dir='ltr'><strong>nonne</strong></span> 
     </span>
     <span class='ocr_line' id='line_1_32' title="bbox 142 2798 1068 2881; baseline -0.001 -22"><span class='ocrx_word' id='word_1_219' title='bbox 142 2798 304 2879; x_wconf 88' lang='lat' dir='ltr'><strong>impudens</strong></span> <span class='ocrx_word' id='word_1_220' title='bbox 318 2819 353 2862; x_wconf 90' lang='lat' dir='ltr'><strong>os</strong></span> <span class='ocrx_word' id='word_1_221' title='bbox 366 2808 448 2862; x_wconf 88' lang='lat' dir='ltr'><strong>tuum</strong></span> <span class='ocrx_word' id='word_1_222' title='bbox 473 2801 597 2863; x_wconf 87' lang='lat' dir='ltr'><strong>damnat</strong></span> <span class='ocrx_word' id='word_1_223' title='bbox 612 2803 765 2881; x_wconf 82' lang='lat' dir='ltr'><strong>seipsum,</strong></span> <span class='ocrx_word' id='word_1_224' title='bbox 783 2819 845 2863; x_wconf 89' lang='lat' dir='ltr'><strong>non</strong></span> <span class='ocrx_word' id='word_1_225' title='bbox 859 2799 951 2861; x_wconf 90' lang='lat' dir='ltr'><strong>modo</strong></span> <span class='ocrx_word' id='word_1_226' title='bbox 964 2799 1068 2860; x_wconf 86' lang='lat' dir='ltr'><strong>haere·</strong></span> 
     </span>
     <span class='ocr_line' id='line_1_33' title="bbox 142 2882 1071 2964; baseline 0 -23"><span class='ocrx_word' id='word_1_227' title='bbox 142 2900 224 2960; x_wconf 86' lang='lat' dir='ltr'><strong>scos,</strong></span> <span class='ocrx_word' id='word_1_228' title='bbox 237 2882 623 2964; x_wconf 85' lang='lat' dir='ltr'><strong>sedextremaeimpietatis</strong></span> <span class='ocrx_word' id='word_1_229' title='bbox 637 2883 895 2964; x_wconf 86' lang='lat' dir='ltr'><strong>ctblssphemiae‚</strong></span> <span class='ocrx_word' id='word_1_230' title='bbox 906 2882 1071 2962; x_wconf 85' lang='lat' dir='ltr'><strong>ieesaoque</strong></span> 
     </span>
     <span class='ocr_line' id='line_1_34' title="bbox 143 2965 1069 3044; baseline -0.002 -18"><span class='ocrx_word' id='word_1_231' title='bbox 143 2965 310 3026; x_wconf 85' lang='lat' dir='ltr'><strong>maiestatis</strong></span> <span class='ocrx_word' id='word_1_232' title='bbox 332 2967 362 3026; x_wconf 91' lang='lat' dir='ltr'><strong>in</strong></span> <span class='ocrx_word' id='word_1_233' title='bbox 385 2969 544 3028; x_wconf 78' lang='lat' dir='ltr'><strong>veritatem</strong></span> <span class='ocrx_word' id='word_1_234' title='bbox 574 2966 731 3027; x_wconf 83' lang='lat' dir='ltr'><strong>divinam?</strong></span> <span class='ocrx_word' id='word_1_235' title='bbox 763 2965 957 3044; x_wconf 88' lang='lat' dir='ltr'><strong>ostenditque</strong></span> <span class='ocrx_word' id='word_1_236' title='bbox 987 2983 1069 3038; x_wconf 80' lang='lat' dir='ltr'><strong>rere,</strong></span> 
     </span>
     <span class='ocr_line' id='line_1_35' title="bbox 142 3046 1070 3128; baseline -0.002 -20"><span class='ocrx_word' id='word_1_237' title='bbox 142 3053 173 3108; x_wconf 90' lang='lat' dir='ltr'><strong>te</strong></span> <span class='ocrx_word' id='word_1_238' title='bbox 194 3066 263 3108; x_wconf 88' lang='lat' dir='ltr'><strong>sum</strong></span> <span class='ocrx_word' id='word_1_239' title='bbox 287 3067 355 3108; x_wconf 87' lang='lat' dir='ltr'><strong>esse</strong></span> <span class='ocrx_word' id='word_1_240' title='bbox 377 3050 548 3127; x_wconf 83' lang='lat' dir='ltr'><strong>hominem,</strong></span> <span class='ocrx_word' id='word_1_241' title='bbox 579 3050 630 3128; x_wconf 92' lang='lat' dir='ltr'><strong>qui</strong></span> <span class='ocrx_word' id='word_1_242' title='bbox 651 3048 830 3110; x_wconf 82' lang='lat' dir='ltr'><strong>adversetur</strong></span> <span class='ocrx_word' id='word_1_243' title='bbox 861 3054 892 3108; x_wconf 89' lang='lat' dir='ltr'><strong>et</strong></span> <span class='ocrx_word' id='word_1_244' title='bbox 914 3046 1070 3112; x_wconf 84' lang='lat' dir='ltr'><strong>extollitur</strong></span> 
     </span>
     <span class='ocr_line' id='line_1_36' title="bbox 145 3128 1069 3211; baseline 0 -21"><span class='ocrx_word' id='word_1_245' title='bbox 145 3149 238 3210; x_wconf 88' lang='lat' dir='ltr'><strong>super</strong></span> <span class='ocrx_word' id='word_1_246' title='bbox 261 3149 369 3208; x_wconf 86' lang='lat' dir='ltr'><strong>omne,</strong></span> <span class='ocrx_word' id='word_1_247' title='bbox 397 3129 479 3211; x_wconf 89' lang='lat' dir='ltr'><strong>quod</strong></span> <span class='ocrx_word' id='word_1_248' title='bbox 507 3132 615 3192; x_wconf 82' lang='lat' dir='ltr'><strong>dicitur</strong></span> <span class='ocrx_word' id='word_1_249' title='bbox 643 3141 697 3192; x_wconf 86' lang='lat' dir='ltr'><strong>sut</strong></span> <span class='ocrx_word' id='word_1_250' title='bbox 726 3129 808 3210; x_wconf 86' lang='lat' dir='ltr'><strong>quod</strong></span> <span class='ocrx_word' id='word_1_251' title='bbox 832 3131 941 3192; x_wconf 89' lang='lat' dir='ltr'><strong>colitur</strong></span> <span class='ocrx_word' id='word_1_252' title='bbox 963 3128 1069 3191; x_wconf 80' lang='lat' dir='ltr'><strong>Deus?</strong></span> 
     </span>
     <span class='ocr_line' id='line_1_37' title="bbox 142 3212 1069 3296; baseline -0.003 -21"><span class='ocrx_word' id='word_1_253' title='bbox 142 3212 253 3275; x_wconf 87' lang='lat' dir='ltr'><strong>Nonus</strong></span> <span class='ocrx_word' id='word_1_254' title='bbox 265 3222 297 3274; x_wconf 93' lang='lat' dir='ltr'><strong>tu</strong></span> <span class='ocrx_word' id='word_1_255' title='bbox 315 3233 348 3272; x_wconf 92' lang='lat' dir='ltr'><strong>es</strong></span> <span class='ocrx_word' id='word_1_256' title='bbox 365 3213 458 3275; x_wconf 91' lang='lat' dir='ltr'><strong>homo</strong></span> <span class='ocrx_word' id='word_1_257' title='bbox 480 3214 531 3275; x_wconf 88' lang='lat' dir='ltr'><strong>ilie</strong></span> <span class='ocrx_word' id='word_1_258' title='bbox 543 3217 662 3296; x_wconf 77' lang='lat' dir='ltr'><strong>peccati</strong></span> <span class='ocrx_word' id='word_1_259' title='bbox 675 3225 705 3275; x_wconf 88' lang='lat' dir='ltr'><strong>et</strong></span> <span class='ocrx_word' id='word_1_260' title='bbox 717 3213 797 3274; x_wconf 86' lang='lat' dir='ltr'><strong>iilius</strong></span> <span class='ocrx_word' id='word_1_261' title='bbox 807 3213 996 3294; x_wconf 82' lang='lat' dir='ltr'><strong>perditionis,</strong></span> <span class='ocrx_word' id='word_1_262' title='bbox 1018 3212 1069 3290; x_wconf 87' lang='lat' dir='ltr'><strong>qui</strong></span> 
     </span>
     <span class='ocr_line' id='line_1_38' title="bbox 143 3294 1068 3376; baseline -0.003 -20"><span class='ocrx_word' id='word_1_263' title='bbox 143 3303 238 3376; x_wconf 81' lang='lat' dir='ltr'><strong>negat</strong></span> <span class='ocrx_word' id='word_1_264' title='bbox 249 3295 349 3356; x_wconf 87' lang='lat' dir='ltr'><strong>Deum</strong></span> <span class='ocrx_word' id='word_1_265' title='bbox 360 3303 508 3360; x_wconf 87' lang='lat' dir='ltr'><strong>emtorem</strong></span> <span class='ocrx_word' id='word_1_266' title='bbox 519 3316 606 3358; x_wconf 90' lang='lat' dir='ltr'><strong>suum</strong></span> <span class='ocrx_word' id='word_1_267' title='bbox 621 3298 818 3358; x_wconf 85' lang='lat' dir='ltr'><strong>etosritetem</strong></span> <span class='ocrx_word' id='word_1_268' title='bbox 829 3297 965 3358; x_wconf 84' lang='lat' dir='ltr'><strong>veritatis</strong></span> <span class='ocrx_word' id='word_1_269' title='bbox 980 3294 1068 3369; x_wconf 88' lang='lat' dir='ltr'><strong>tollit,</strong></span> 
     </span>
     <span class='ocr_line' id='line_1_39' title="bbox 142 3377 1067 3459; baseline 0.002 -23"><span class='ocrx_word' id='word_1_270' title='bbox 142 3383 177 3437; x_wconf 89' lang='lat' dir='ltr'><strong>ut</strong></span> <span class='ocrx_word' id='word_1_271' title='bbox 198 3379 408 3458; x_wconf 81' lang='lat' dir='ltr'><strong>operationem</strong></span> <span class='ocrx_word' id='word_1_272' title='bbox 423 3381 533 3440; x_wconf 88' lang='lat' dir='ltr'><strong>erroris</strong></span> <span class='ocrx_word' id='word_1_273' title='bbox 547 3381 592 3440; x_wconf 90' lang='lat' dir='ltr'><strong>sui</strong></span> <span class='ocrx_word' id='word_1_274' title='bbox 616 3387 739 3456; x_wconf 77' lang='lat' dir='ltr'><strong>statuat,</strong></span> <span class='ocrx_word' id='word_1_275' title='bbox 761 3397 824 3459; x_wconf 91' lang='lat' dir='ltr'><strong>quo</strong></span> <span class='ocrx_word' id='word_1_276' title='bbox 837 3377 997 3440; x_wconf 83' lang='lat' dir='ltr'><strong>credemus</strong></span> <span class='ocrx_word' id='word_1_277' title='bbox 1014 3377 1067 3438; x_wconf 92' lang='lat' dir='ltr'><strong>ini·</strong></span> 
     </span>
     <span class='ocr_line' id='line_1_40' title="bbox 145 3459 1068 3540; baseline 0.003 -23"><span class='ocrx_word' id='word_1_278' title='bbox 145 3460 262 3538; x_wconf 85' lang='lat' dir='ltr'><strong>quitati,</strong></span> <span class='ocrx_word' id='word_1_279' title='bbox 285 3467 318 3520; x_wconf 94' lang='lat' dir='ltr'><strong>ut</strong></span> <span class='ocrx_word' id='word_1_280' title='bbox 331 3460 439 3521; x_wconf 82' lang='lat' dir='ltr'><strong>Paulus</strong></span> <span class='ocrx_word' id='word_1_281' title='bbox 449 3461 621 3540; x_wconf 86' lang='lat' dir='ltr'><strong>praedixit?</strong></span> <span class='ocrx_word' id='word_1_282' title='bbox 644 3462 675 3522; x_wconf 85' lang='lat' dir='ltr'><strong>Si</strong></span> <span class='ocrx_word' id='word_1_283' title='bbox 693 3460 772 3522; x_wconf 90' lang='lat' dir='ltr'><strong>enim</strong></span> <span class='ocrx_word' id='word_1_284' title='bbox 789 3460 933 3522; x_wconf 89' lang='lat' dir='ltr'><strong>articulus</strong></span> <span class='ocrx_word' id='word_1_285' title='bbox 942 3459 1068 3520; x_wconf 90' lang='lat' dir='ltr'><strong>haereti·</strong></span> 
     </span>
     <span class='ocr_line' id='line_1_41' title="bbox 146 3542 1068 3622; baseline 0.001 -23"><span class='ocrx_word' id='word_1_286' title='bbox 146 3548 334 3614; x_wconf 80' lang='lat' dir='ltr'><strong>ousnonest,</strong></span> <span class='ocrx_word' id='word_1_287' title='bbox 352 3561 414 3603; x_wconf 88' lang='lat' dir='ltr'><strong>non</strong></span> <span class='ocrx_word' id='word_1_288' title='bbox 424 3549 527 3622; x_wconf 87' lang='lat' dir='ltr'><strong>potest</strong></span> <span class='ocrx_word' id='word_1_289' title='bbox 539 3563 608 3604; x_wconf 86' lang='lat' dir='ltr'><strong>esse</strong></span> <span class='ocrx_word' id='word_1_290' title='bbox 618 3544 783 3605; x_wconf 83' lang='lat' dir='ltr'><strong>offensivus</strong></span> <span class='ocrx_word' id='word_1_291' title='bbox 800 3542 1068 3615; x_wconf 84' lang='lat' dir='ltr'><strong>sutscandclosus‚</strong></span> 
     </span>
     <span class='ocr_line' id='line_1_42' title="bbox 146 3619 1069 3705; baseline 0.008 -26"><span class='ocrx_word' id='word_1_292' title='bbox 146 3619 204 3680; x_wconf 88' lang='lat' dir='ltr'><strong>nisi</strong></span> <span class='ocrx_word' id='word_1_293' title='bbox 214 3620 373 3684; x_wconf 87' lang='lat' dir='ltr'><strong>haereticis</strong></span> <span class='ocrx_word' id='word_1_294' title='bbox 381 3622 565 3686; x_wconf 88' lang='lat' dir='ltr'><strong>antichristis</strong></span> <span class='ocrx_word' id='word_1_295' title='bbox 574 3633 606 3687; x_wconf 92' lang='lat' dir='ltr'><strong>et</strong></span> <span class='ocrx_word' id='word_1_296' title='bbox 617 3626 870 3705; x_wconf 83' lang='lat' dir='ltr'><strong>satanispietstis.</strong></span> <span class='ocrx_word' id='word_1_297' title='bbox 893 3624 971 3688; x_wconf 88' lang='lat' dir='ltr'><strong>Vide</strong></span> <span class='ocrx_word' id='word_1_298' title='bbox 984 3642 1069 3704; x_wconf 75' lang='lat' dir='ltr'><strong>ergo,</strong></span> 
     </span>
     <span class='ocr_line' id='line_1_43' title="bbox 150 3703 1070 3791; baseline 0.009 -31"><span class='ocrx_word' id='word_1_299' title='bbox 150 3719 242 3782; x_wconf 77' lang='lat' dir='ltr'><strong>quom</strong></span> <span class='ocrx_word' id='word_1_300' title='bbox 275 3703 401 3788; x_wconf 87' lang='lat' dir='ltr'><strong>pulchre</strong></span> <span class='ocrx_word' id='word_1_301' title='bbox 431 3703 513 3772; x_wconf 87' lang='lat' dir='ltr'><strong>bulla</strong></span> <span class='ocrx_word' id='word_1_302' title='bbox 544 3707 604 3772; x_wconf 85' lang='lat' dir='ltr'><strong>ists</strong></span> <span class='ocrx_word' id='word_1_303' title='bbox 639 3709 774 3776; x_wconf 81' lang='lat' dir='ltr'><strong>omnium</strong></span> <span class='ocrx_word' id='word_1_304' title='bbox 808 3705 1070 3791; x_wconf 78' lang='lat' dir='ltr'><strong>impudentissima</strong></span> 
     </span>
    </p>
   </div>
   <div class='ocr_carea' id='block_1_5' title="bbox 0 0 1141 4002">
    <p class='ocr_par' dir='ltr' id='par_1_7' title="bbox 0 0 1141 4002">
     <span class='ocr_line' id='line_1_44' title="bbox 0 0 1141 4002; baseline 0 0"><span class='ocrx_word' id='word_1_305' title='bbox 0 0 1141 4002; x_wconf 95' lang='lat' dir='ltr'><strong> </strong></span> 
     </span>
    </p>
   </div>
  </div>
 </body>
</html>
