2250 4008
323 181 449 237 &tionis
467 179 649 238 Latomlsnae
667 189 718 236 etc.
928 179 990 246 477

70 336 184 397 surdae
205 335 244 397 ad
269 337 346 397 haec
367 337 535 398 occludunt
555 357 645 399 aures
667 345 851 398 stavertnnt
873 338 990 415 oculos,

70 427 190 482 tanturn
220 428 252 479 ut
273 419 395 480 unicum
418 419 489 480 illud
513 440 601 480 suum
624 420 719 482 semel
741 429 916 500 susceptum
940 420 990 480 de-

67 503 228 563 cretalium
249 504 279 562 in
303 503 426 582 publico
449 503 625 565 obtineant:
668 504 840 564 Anatbema
862 505 916 583 sit,
939 505 990 582 qui

69 586 202 663 dixerit,
224 585 324 646 Deum
346 585 436 647 nobis
459 587 655 666 praecepisse
682 585 880 667 impossibile.
922 586 991 646 Hoc

69 671 239 729 humanum
262 668 386 730 verbum
409 687 538 749 regnare
560 687 688 731 necesse
710 678 772 746 est,
802 669 861 728 hoc
883 687 989 729 omnes

69 752 214 833 probare,
236 752 296 811 hoc
319 752 402 812 nulla
423 752 528 832 glossa
552 755 666 814 moveri
680 762 809 832 oportet.
855 756 894 813 At
915 755 991 814 toni-

67 847 139 895 trua
160 835 263 896 divina
285 833 374 896 silere
396 845 427 895 et
446 836 548 895 iacere
570 844 703 916 oportet,
727 845 788 896 tum
812 837 936 915 quasvis
959 836 990 895 li-

68 917 191 978 bidiues
214 917 386 1000 glossarum
410 916 569 979 admittere
584 919 791 997 cuiuscunque
814 918 991 996 nebulonis,

68 1002 204 1062 bominis
226 999 352 1061 verbum
375 1019 493 1061 sermm
517 1011 548 1061 et
569 1001 743 1062 venerabile
764 1010 826 1080 est,
849 1003 905 1061 Dei
928 1022 992 1062 ver-

67 1088 141 1146 bum
164 1083 364 1165 prostibulum
388 1092 443 1146 est.

156 1209 202 1269 lta
224 1215 254 1268 et
276 1207 336 1284 bic,
358 1225 426 1266 oum
443 1214 487 1268 tot
504 1226 592 1268 sacra
605 1208 732 1268 fulmina
746 1215 902 1287 testentur,
924 1230 992 1288 pcc·

66 1300 176 1353 catum
198 1299 228 1351 et
251 1291 531 1370 concupiscentiam
553 1289 683 1372 relinqui
706 1297 777 1372 post
799 1290 993 1372 baptismum,

67 1386 103 1436 ut
126 1375 219 1436 etiam
242 1375 328 1452 iram,
352 1371 522 1448 libidinem,
545 1373 719 1452 avaritiam,
740 1374 992 1436 incontinentiam

68 1466 181 1540 aperte
203 1456 374 1538 appellent,
409 1455 581 1530 numinibus
604 1456 719 1516 scilicet
741 1457 877 1518 omnium
901 1478 991 1518 senen

67 1543 127 1619 eis,
151 1540 261 1620 quibus
284 1539 357 1598 vitia
379 1539 710 1620 etpeocatanominari
733 1539 834 1601 solent
854 1541 884 1600 in
908 1545 990 1601 omni

69 1627 191 1705 lingua,
213 1622 314 1682 adbuc
336 1622 455 1702 erigunt
477 1640 546 1682 sese
567 1622 684 1683 frontes
699 1622 786 1699 istae,
809 1643 898 1684 aures
921 1642 993 1684 con-

67 1711 187 1784 tinent,
230 1706 337 1766 oculos
366 1704 526 1783 claudunt,
559 1724 614 1765 cor
636 1713 793 1786 avertunt,
823 1713 938 1766 tanturn
962 1718 993 1766 ut

67 1811 161 1852 suum
187 1790 247 1850 hoo
267 1787 432 1848 humanum
449 1788 575 1849 verbum
590 1790 725 1848 omniurn
748 1808 838 1850 aures
853 1799 994 1870 occupet,

68 1874 174 1935 solum
197 1872 257 1932 hoc
279 1873 319 1932 sit
345 1870 514 1952 theatrum,
547 1881 654 1932 eontra
682 1872 742 1932 hoo
764 1891 854 1932 nemo
878 1873 994 1950 mutiat,

69 1977 141 2018 esse
164 1955 280 2016 scilicet
301 1955 399 2015 solam
423 1955 569 2034 reliquam
585 1973 717 2034 poenam
736 1963 767 2015 et
787 1954 991 2016 infirmitatem

68 2048 144 2121 post
167 2040 361 2118 baptismum.
406 2035 485 2098 Huic
507 2037 618 2098 sileant
641 2038 742 2098 divina
766 2039 900 2115 oracula,
922 2039 992 2100 huic

69 2125 165 2184 cedat
187 2120 317 2198 Paulus,
339 2121 411 2180 buia
433 2120 523 2181 cedat
545 2131 575 2180 st
596 2122 664 2200 ipsa
687 2122 876 2201 experientia
892 2124 991 2201 quoti·

71 2208 167 2268 diana
197 2213 303 2264 nostra
324 2211 355 2264 et
377 2203 511 2264 omnium
535 2202 725 2264 Sanctorum.
772 2202 908 2280 Quodsi
932 2225 992 2266 non

70 2291 232 2366 cesserint,
255 2287 370 2347 larvam
392 2286 530 2363 induant,
553 2288 717 2348 etnomine
733 2288 852 2367 peccati
874 2307 995 2368 reprae-

71 2379 199 2434 sentent
218 2369 479 2450 imperfectionem
503 2376 534 2430 et
553 2367 770 2450 infirmitatem,
793 2380 993 2452 caveantque,

72 2457 188 2516 nostris
211 2454 322 2534 glossis
334 2472 403 2513 sese
423 2471 486 2512 non
500 2453 745 2517 accommodent.
788 2453 866 2514 Nam
890 2463 918 2514 et
933 2455 994 2514 hoc

72 2539 221 2601 Latomue
243 2538 381 2616 superius
404 2536 502 2596 lassus
525 2544 581 2613 est,
603 2535 733 2597 sanctos
747 2537 842 2598 multa
864 2556 993 2617 peooare

75 2625 154 2702 (suo
179 2620 296 2702 peccati
318 2615 509 2700 significatu)
535 2621 736 2700 surreptione,
757 2620 941 2700 ignorantia,
964 2631 995 2681 et

73 2706 144 2767 aliis
168 2703 282 2784 modis,
311 2701 342 2762 id
364 2702 445 2781 quod
471 2701 581 2762 Paulus
614 2711 706 2763 vocat
728 2705 994 2784 concupiscentias

74 2790 197 2870 peccati
221 2789 250 2846 iu
275 2804 405 2864 corpore
427 2785 565 2863 mortali,
588 2784 697 2866 quibus
719 2804 779 2846 non
804 2785 994 2862 obediamus,

75 2871 193 2947 idest,
229 2888 290 2930 non
313 2867 551 2929 consentiemus.
594 2867 702 2947 Neque
730 2870 810 2929 enim
850 2869 994 2950 ignorans

76 2968 128 3016 aut
152 2959 335 3034 praeventus
358 2959 409 3013 eut
435 2952 547 3010 invitus
578 2953 751 3012 consentire
780 2961 885 3032 potes,
921 2954 996 3014 dixit

76 3039 157 3099 enim
181 3036 292 3098 invitos
319 3052 457 3115 pecuare.
503 3037 542 3094 At
570 3035 642 3114 quia
664 3033 776 3095 Paulus
802 3035 882 3096 idem
906 3045 996 3098 vocat

76 3128 250 3203 peccatum,
271 3119 391 3200 cogitur
412 3136 466 3197 per
477 3123 638 3197 peccatum
659 3136 792 3198 poenam
814 3117 995 3198 intelligere,

77 3205 161 3268 nulla
175 3221 283 3280 cauea,
297 3219 387 3281 quam
403 3199 484 3280 quod
497 3201 620 3280 spiritus
635 3209 666 3261 et
680 3220 741 3261 non
754 3201 847 3261 bomo
871 3201 930 3262 boc
954 3203 995 3263 lo·

78 3293 166 3349 cutus
189 3292 245 3364 est,
268 3293 301 3345 ut
322 3291 382 3344 stet
403 3285 432 3344 in
446 3282 569 3344 arbitrio
584 3281 806 3363 Sophistarum,
829 3283 900 3364 quid
923 3303 993 3366 pec-

77 3377 192 3448 eatum,
214 3367 285 3448 qnid
309 3386 411 3449 poena
432 3385 500 3426 esse
514 3365 634 3444 debeat,
657 3366 797 3444 obsecro,
819 3385 910 3446 quem
933 3387 994 3430 non

79 3467 145 3515 urat
169 3473 205 3550 pa
227 3450 404 3530 arrogantia
426 3450 494 3530 plus
517 3467 607 3528 quam
630 3447 822 3512 Moabitica?

163 3577 202 3636 At
224 3573 322 3636 dices:
360 3572 428 3634 Nou
457 3581 488 3634 tu
511 3571 609 3633 credis
632 3591 707 3653 ergo
736 3571 824 3632 dictis
846 3572 994 3633 Petrum?

77 3657 280 3744 Respondeo:
319 3655 472 3718 Credam?
505 3656 572 3736 quis
607 3654 764 3718 mandavit
795 3654 855 3716 illis
884 3655 990 3718 credi?
