2252 4006
56 1100 199 1200 Quone
234 1099 458 1226 Poniiflnis
497 1049 676 1198 Romani
711 1107 756 1200 ot
791 1101 972 1224 distipu-

55 1238 193 1333 lnrum
225 1239 317 1334 nius
352 1237 460 1335 iibri
495 1267 523 1335 n
557 1242 741 1368 Dootoro
783 1239 972 1336 Montiun

234 1375 423 1472 Luthnro
453 1375 664 1472 oombusti
692 1376 793 1473 siut.

77 1573 316 1651 iunnunntmt
342 1577 487 1652 nintssinn
520 1577 670 1672 qntsqntn
696 1577 799 1669 nutet,
826 1597 886 1652 nnn
913 1577 947 1651 t.

185 1693 318 1772 iinnttui
343 1693 479 1772 initient
505 1695 610 1772 lituos
637 1698 841 1774 exusserint.

455 2043 575 2104 lesus.

53 2193 202 2255 Omnibus
225 2193 415 2256 Christianae
437 2196 572 2255 veritatis
595 2195 759 2257 cultoribus
782 2204 812 2256 et
825 2194 969 2257 studiosis

177 2276 314 2338 (in-utinm
337 2286 367 2338 et
387 2297 495 2358 punem
519 2298 536 2339 o
558 2278 627 2339 Deo
650 2279 718 2360 opt.
733 2277 848 2356 Msx.¹)

134 2405 980 2488 ΕὶςοΜεινῐίιιιιεΙιιιῑὴετῖ),ἀίοιυε[ΜαίονἸῚιεοΙοςίιιε,Ι

55 2489 179 2552 notifloo
201 2491 230 2550 in
254 2490 427 2550 uniuersum
449 2489 599 2565 omnibus,
621 2509 690 2550 meu
713 2491 877 2569 uoluntate,
898 2509 973 2552 oon·

56 2574 120 2634 uilio
144 2580 176 2634 et
209 2591 305 2653 opera
327 2572 376 2634 die
397 2573 501 2635 Lunae
535 2582 605 2652 post
626 2572 766 2634 Natalem
789 2573 819 2635 S.
842 2573 972 2652 nicolai,

56 2657 144 2718 Anno
185 2656 309 2718 Domini
338 2656 376 2716 Μ.
400 2656 437 2721 D.
460 2656 525 2718 XX.
558 2666 684 2718 exustos
717 2676 786 2718 osse
818 2656 973 2719 Pontiflois

56 2740 184 2800 Romani
217 2739 310 2801 libros
346 2748 377 2802 et
398 2739 613 2800 nonnullorum
647 2741 711 2800 eins
745 2740 973 2820 discipulorum.

57 2822 85 2884 Si
107 2823 175 2902 quis
200 2822 306 2902 igitur,
328 2832 361 2884 ut
383 2822 456 2884 mihi
476 2822 608 2884 iutnnnm
630 2822 816 2903 persuadeo,
842 2823 902 2884 boo
923 2822 973 2884 ud·

57 2906 222 2982 mirabitur,
243 2906 499 2985 interrogaturus,
526 2905 635 2984 quibus
659 2905 697 2967 de
729 2907 830 2966 nonusis
861 2915 973 2986 eiquo
1076 2931 1079 2944 ¹

57 2987 201 3085 mondnto
224 2988 285 3050 hoo
305 2988 445 3067 tenerum,
468 2989 514 3048 his
535 2989 610 3069 ipsis
631 2988 687 3048 sibi
710 3007 890 3069 responsum
909 3008 973 3070 peu·
1021 3046 1033 3058 ,

58 3079 237 3216 mmaiirimo
261 3162 308 3216 est
329 3156 440 3214 ueteris
463 3153 597 3234 exempli
626 3164 657 3214 et
678 3156 793 3235 antiqui
816 3155 909 3216 moris
931 3157 974 3216 in-

57 3239 150 3300 iectos
173 3246 205 3299 ot
225 3238 383 3317 improbos
403 3235 526 3298 oodioes
542 3236 755 3313 comburendi3
779 3237 974 3318 quemadmo-

59 3321 126 3382 dum
160 3321 290 3402 legimns
323 3322 353 3382 in
378 3321 462 3381 Antis
486 3319 706 3402 Apostolorum
730 3323 778 3385 19.
801 3320 839 3383 nd
862 3320 980 3411 dootri-¹

109 3587 349 3660 mnesteus:
379 3603 468 3657 pacem
493 3583 586 3640 asson
616 3591 691 3656 putre
717 3589 744 3640 et
762 3583 883 3640 Domino
909 3584 973 3640 loun

59 3661 173 3716 Christo.
211 3661 244 3729 2)
265 3659 385 3716 Ibidem:
406 3657 550 3712 Luthnrns.

83 3767 170 3812 tntum
183 3777 235 3818 opp.
249 3766 276 3809 V.
290 3765 317 3806 Δ.
332 3765 360 3804 nt
374 3763 415 3804 rot.
428 3761 479 3805 hist.
492 3764 507 3806 t.
521 3775 544 3814 p.
558 3763 608 3806 Vol.
621 3762 649 3806 V.
769 3731 808 3800 17
