2254 4008
161 191 204 262 22
417 193 460 251 De
479 195 555 267 capt
572 193 671 265 Babyl.
690 195 833 254 Ecclesiae

163 352 256 412 sterio
284 348 448 413 meditatus
484 352 700 432 promoverim.
732 337 828 412 'Num
861 369 922 430 quc
945 356 1088 431 tempore

164 453 337 496 sermonem
362 433 400 495 de
422 434 605 495 eucharistia
626 433 771 512 edebam,
800 435 831 495 in
853 454 910 494 usu
934 434 1090 494 communi

162 517 343 595 haerebam,
377 517 450 578 nibil
478 517 516 578 de
544 537 643 598 papae
678 519 744 579 sive
776 519 857 596 iure,
886 519 951 578 sive
979 516 1090 577 iniuria

165 602 323 663 sollicitus.
367 603 408 661 At
429 620 509 660 nunc
531 609 716 680 provocatus
738 608 769 662 et
790 603 996 679 exercitatus,
1026 601 1090 660 imo

163 703 218 765 per
237 685 298 744 vim
320 691 426 763 raptus
447 685 477 744 in
500 685 579 744 banc
601 704 741 763 arenam,
770 683 850 745 dabo
874 683 983 762 libere,
1007 702 1090 763 quae

163 769 272 831 sentio.
316 767 448 828 Rideam
478 769 542 828 sive
563 767 683 848 plorent
711 769 851 848 papistae
880 767 927 828 rel
957 767 1091 828 universi

165 871 195 910 ιιι
210 870 330 911 unum..

207 985 210 990 .
248 933 382 994 Primum
405 934 513 1013 capti.
538 931 600 994 loh.
623 935 653 994 in
677 940 773 994 toturn
798 941 845 994 est
867 932 1090 1013 seponendum,

163 1026 196 1078 ut
217 1016 300 1096 quod
322 1035 380 1076 nec
401 1015 522 1097 syllaba
541 1015 663 1095 quidem
686 1016 723 1077 de
738 1025 933 1078 sacramento
944 1016 1091 1096 loquitur,

165 1119 226 1161 non
251 1099 359 1180 modo,
390 1098 473 1179 quod
495 1105 719 1160 sacramentum
741 1100 876 1161 nondum
899 1109 980 1161 esset
1001 1098 1093 1159 insti·

164 1189 271 1262 tutum,
293 1183 347 1244 sed
370 1182 464 1244 multo
487 1183 595 1262 magis,
614 1182 695 1261 quod
718 1184 785 1264 ipsa
800 1185 950 1244 sermonis
969 1189 1001 1244 et
1023 1201 1093 1242 sen·

163 1268 326 1328 tentiarum
354 1267 574 1344 consequentia
603 1265 641 1325 de
667 1265 727 1326 fide
751 1271 803 1339 (ut
823 1267 903 1344 dixi)
938 1266 1092 1326 incarnati

165 1348 249 1410 verbi
271 1349 422 1410 Christum
451 1349 533 1428 loqui
562 1348 643 1409 clare
672 1348 846 1410 ostendunt.
888 1349 970 1409 Dicit
990 1349 1092 1410 enim:

164 1432 269 1496 Verba
289 1452 358 1492 mea
380 1432 503 1513 spiritus
535 1440 565 1492 et
598 1433 765 1509 vitasunt,
799 1431 964 1493 ostendens
993 1451 1029 1492 se
1053 1430 1092 1491 de

165 1515 402 1576 manducatione
422 1515 569 1596 spirituali
585 1514 679 1594 loqui,
702 1533 762 1594 qua
774 1517 825 1595 qui
838 1514 982 1594 comedit,
1005 1515 1093 1591 vivit,

165 1619 234 1659 cnm
261 1597 365 1660 ludaei
397 1597 434 1658 de
464 1597 578 1658 carnali
608 1617 677 1658 eum
706 1598 924 1679 intelligerent,
957 1597 1094 1676 ideoque

163 1683 327 1762 litigarent.
370 1681 411 1766 At
432 1681 516 1742 nulla
536 1680 732 1743 manducatio
755 1680 905 1760 vivificat,
927 1682 985 1741 nisi
1007 1679 1092 1758 fidei,

164 1765 243 1826 baec
265 1765 346 1825 enim
370 1769 416 1824 est
439 1784 509 1824 rere
537 1763 700 1845 spiritualis
723 1771 753 1824 et
783 1765 852 1824 vira
880 1764 1095 1842 manducatio,

163 1850 242 1910 sicut
263 1853 294 1909 et
322 1847 512 1927 Augustinus
544 1846 630 1909 dicit:
654 1847 694 1907 Ut
722 1846 793 1926 quid
828 1866 918 1927 paras
952 1852 1092 1907 ventrem

163 1938 194 1992 et
224 1931 368 1992 dentem?
403 1930 494 1991 crede
530 1936 561 1990 et
592 1929 792 1991 manducasti.
852 1929 1093 1990 Sacramentalis

164 2015 247 2075 enim
267 2033 330 2075 non
354 2012 502 2093 vivificat,
535 2032 604 2072 cum
627 2013 712 2073 multi
741 2012 926 2074 manducent
954 2012 1094 2093 indigne,

163 2102 196 2158 ut
227 2115 290 2156 non
324 2096 423 2177 possit
457 2096 496 2156 de
534 2101 727 2157 sacramento
758 2096 886 2177 intelligi
923 2095 983 2157 hoc
1017 2095 1093 2157 loco

163 2180 293 2240 locutus.

248 2259 325 2321 Sunt
345 2279 419 2322 sane
450 2260 573 2340 quidam
595 2261 641 2320 his
665 2259 764 2322 verbis
792 2260 831 2321 ad
859 2267 1090 2323 sacramentum

162 2343 335 2406 docendum
359 2343 461 2422 abusi,
489 2350 523 2404 ut
543 2350 574 2404 et
594 2344 763 2405 Decretalis
787 2343 915 2424 dudum,
947 2345 1091 2406 etmulti

163 2428 221 2488 alii.
266 2425 326 2487 sed
348 2427 430 2487 aliud
452 2432 499 2487 est
515 2425 641 2487 abusire
652 2426 832 2507 Scripturas,
853 2426 941 2487 aliud
951 2427 1092 2508 legitime

160 2509 346 2590 intelligere,
377 2510 491 2590 alioqui
513 2529 581 2570 cum
612 2510 698 2571 dicit:
734 2510 798 2570 Nisi
826 2510 1087 2572 manducaveritis

164 2612 289 2655 carnem
311 2611 426 2671 meam,
460 2599 491 2655 ct
518 2591 653 2653 biberitis
676 2593 857 2673 sanguinem
875 2613 992 2670 meum,
1024 2613 1088 2656 non

109 2685 111 2690 ’
161 2675 311 2737 habebitis
338 2677 448 2755 vitam,
481 2695 588 2737 omnes
617 2676 763 2754 infantes,
795 2694 901 2737 omnes
934 2675 1088 2755 infirmos,

163 2778 270 2821 omnes
307 2758 467 2838 absentes,
503 2764 557 2819 aut
589 2777 713 2840 quoquo
747 2758 840 2820 modo
874 2759 1041 2841 impeditos
1069 2779 1091 2819 a

162 2841 377 2902 sacramentali
418 2841 654 2903 manducatione
695 2841 869 2919 damnaret,
902 2860 1091 2923 quacunque

161 2923 222 2984 fide
243 2931 449 3005 praestarent,
481 2927 507 2985 si
534 2925 787 2987 sacramentalem
815 2925 1090 2986 manducationem

138 3006 202 3068 vibi
232 3008 449 3088 praecepisset.
505 3006 555 3068 Sic
588 3007 777 3089 Augustinus
818 3008 895 3070 libro
924 3011 953 3072 2.
977 3015 1091 3070 contra

161 3087 246 3151 iulia.
263 3110 302 3150 ex
314 3091 492 3152 Innocentio
507 3090 626 3171 probat,
638 3091 729 3153 etiam
741 3091 960 3166 iniantescitra
982 3110 1089 3153 sacra-

161 3179 298 3234 mentum
327 3173 510 3235 manducare
540 3193 677 3254 carnem,
713 3180 743 3234 et
770 3173 874 3235 bibere
903 3175 1089 3255 sanguinem

162 3255 289 3326 Christi,
317 3256 349 3316 id
371 3263 433 3330 ost,
456 3256 563 3317 eadem
592 3256 653 3318 fide
674 3257 823 3318 ccclesiae
846 3259 1086 3319 communicare.

162 3336 208 3398 Sit
229 3356 303 3418 ergo
332 3344 399 3400 rata
418 3339 498 3400 haec
526 3342 692 3418 sententia,
719 3359 786 3420 cap.
809 3344 838 3406 6.
861 3339 927 3402 Ich.
949 3340 1024 3400 nibil
1046 3339 1088 3401 ed

162 3439 226 3479 rem
247 3421 356 3486 lacere.
400 3420 488 3482 Unde
517 3429 548 3482 et
575 3422 651 3483 alias
680 3424 804 3502 scripsi,
837 3423 993 3484 Bohcmos
1021 3441 1088 3483 non

162 3519 256 3644 P⁰⁵.⁸n.⁰
276 3522 333 3584 pro
355 3509 483 3583 ubsque
506 3506 610 3584 specie
631 3505 744 3567 tuenda
770 3505 840 3566 huic
861 3507 930 3568 loco
953 3505 1090 3567 fideliter

163 3603 226 3644 mm
252 3631 260 3647 .
