2258 4002
232 179 341 234 Bullsm
362 181 442 234 beon.
459 179 494 236 X.
515 179 636 236 damnet.
656 196 681 234 a,
703 179 782 236 1520.
909 179 971 245 181

64 339 153 394 sutem
177 352 292 414 assero,
316 341 346 396 et
367 335 466 415 ipsum
477 333 507 414 ¹)
538 354 578 396 ex
599 334 852 415 praecedentibus
873 335 971 397 iniero

61 425 86 477 et
110 415 214 496 probo.
266 417 342 480 Cum
372 419 452 479 enim
481 418 633 479 Iohannes
661 418 868 498 apostolus*)
899 439 973 480 vere

62 499 147 559 dicat:
169 501 274 562 Timor
297 520 428 582 poenum
451 501 553 582 hebet,
575 509 605 562 et
628 501 766 562 timorem
789 521 850 563 non
871 501 973 583 expel-

59 583 105 660 lat,
126 583 180 642 nisi
202 585 336 663 perlecta
359 585 481 664 caritas,
505 593 536 644 nt
557 584 638 644 idem
662 583 745 662 dicit,
767 584 881 645 clarum
896 585 972 646 arbi·

57 669 113 725 tror
133 667 204 725 hinc
224 667 305 746 fieri,
333 669 471 728 timorem
495 687 563 727 esse
586 669 615 726 in
636 667 814 746 imperfecta
837 669 973 746 caritate,

58 767 128 826 quae
150 769 218 808 eum
242 750 397 832 expellere
419 751 532 829 nequit.
575 749 643 811 Hoc
664 758 766 810 autem
791 751 895 811 vitium
919 770 971 812 ca·

57 833 144 891 ritatis
173 829 271 912 (sicut
298 834 486 914 Augustinus
514 832 668 914 appellat)
709 832 780 912 quid
810 841 856 894 est
890 833 973 894 aliud

56 932 139 992 quam
169 915 268 977 lomes
296 924 327 977 et
357 915 510 982 residuum
541 915 699 996 originalis
728 917 862 996 peccati,
889 915 972 998 quod

56 997 202 1057 hominem
224 1001 355 1080 privavit
378 1019 396 1059 a
417 1005 515 1074 recta,
546 1017 654 1059 secura
681 1008 711 1058 et
740 999 876 1080 perlecta
898 1000 972 1060 cari·

39 1083 111 1139 'tate
132 1080 211 1140 Dei?
234 1083 336 1158 Quare
358 1101 462 1143 verum
485 1090 547 1160 est,
575 1081 784 1162 imperfectam
814 1083 972 1144 entitatem

55 1163 265 1242 impedimento
278 1185 347 1226 esse
368 1164 405 1225 ed
420 1166 573 1225 introitum
596 1165 682 1246 regni
704 1172 830 1246 propter
855 1166 972 1244 vitium,

56 1265 109 1324 quo
131 1248 311 1326 imperfecta
332 1254 386 1311 est,
422 1245 462 1307 m
474 1249 538 1307 scio
552 1247 743 1308 adversarios
759 1247 833 1308 nihil
848 1248 973 1326 habere,

56 1327 129 1407 quod
153 1340 261 1392 contra
289 1331 407 1408 dicant,
436 1332 493 1391 nisi
523 1350 593 1390 snas
625 1332 786 1410 opiniones
818 1332 883 1392 sine
911 1330 973 1395 ulla

55 1413 210 1473 autoritate
232 1413 413 1495 Scripturas.
446 1459 448 1464 ,

129 1495 203 1571 Quis
226 1515 300 1577 ergo
322 1498 382 1558 iam
405 1503 512 1576 neget,
541 1497 681 1556 timorem
714 1495 805 1556 istum
837 1515 970 1577 poenam

55 1575 209 1638 habentem
235 1599 328 1661 posse
350 1599 420 1639 vere
441 1579 651 1660 purgatorium
676 1597 743 1639 esse
765 1579 881 1659 solum,
903 1598 971 1640 cum

55 1679 108 1719 non
132 1661 172 1721 sit
194 1665 290 1724 maior
311 1682 411 1743 poena
434 1662 556 1741 spiritns
579 1662 693 1733 nostri,
721 1680 813 1741 quam
841 1661 914 1742 fuga
943 1667 974 1722 et

54 1744 166 1823 pavor?
188 1746 244 1805 nisi
268 1747 334 1825 quie
357 1751 462 1807 contra
485 1745 621 1805 omnium
644 1741 767 1805 sensum
789 1764 900 1825 sapere
922 1764 972 1804 ve-

53 1826 88 1889 lit.
125 1827 170 1888 ,Et
208 1828 362 1908 Scriptura
395 1828 501 1908 paucis
534 1827 609 1889 locis
636 1828 754 1908 ignem,
789 1828 970 1908 frequentis·

54 1909 124 1969 sime
156 1919 256 1971 autem
294 1929 440 1991 pavorem
477 1909 580 1970 tribuit
612 1909 762 1970 damnalia
795 1919 823 1970 et
859 1911 970 1991 impiis,

54 1998 81 2050 nt
110 1991 220 2055 Psalm.
251 1996 286 2058 2:
328 1994 415 2053 Tunc
447 1993 588 2071 loquetur
620 1992 658 2053 nd
692 2013 746 2053 eos
773 1994 803 2053 in
833 1994 877 2052 ira
906 2012 971 2069 sue,

54 2080 80 2133 et
98 2076 130 2134 in
148 2075 248 2138 lurore
263 2096 319 2136 suo
342 2075 534 2136 conturbabit
557 2094 621 2136 eos.
654 2075 694 2136 Et
716 2095 823 2136 omnes
840 2074 971 2136 fatentur

55 2156 157 2218 faciem
179 2158 286 2219 iudicis
309 2159 418 2220 christi
442 2159 547 2218 lortius
570 2161 716 2220 torturam
735 2159 856 2239 impios,
880 2178 971 2238 quem

56 2239 147 2318 ipsum
177 2243 278 2322 ignem
307 2242 424 2304 inferni.
472 2238 534 2301 lam
564 2260 633 2301 cum
659 2243 781 2322 ipsimet
810 2241 972 2318 fateantur,

55 2323 163 2385 animas
187 2343 248 2385 non
272 2325 310 2385 eb
333 2327 421 2405 igne,
450 2322 504 2383 sed
535 2323 565 2382 in
587 2325 659 2404 igne
681 2325 761 2405 pati,
784 2343 875 2404 qnam
898 2342 970 2404 pos·

56 2414 119 2465 sunt
139 2407 229 2469 aliam
253 2426 385 2488 poenam
409 2405 482 2466 dere
514 2423 604 2485 quem
628 2408 730 2487 fugam
745 2413 775 2468 et
790 2405 971 2468 horrorem?

56 2486 109 2548 Sed
125 2509 238 2552 ,secure
261 2491 319 2572 ipsi
342 2491 386 2550 sin
408 2489 571 2568 opinantur
592 2488 630 2550 de
652 2488 759 2566 rebus,
781 2509 875 2570 quare
896 2488 970 2550 nihil

58 2590 181 2650 unquam
211 2579 410 2654 gustaverunt
433 2578 463 2632 et
485 2579 714 2652 cognoverunt,
735 2571 806 2633 ideo
829 2580 970 2654 prompte

57 2653 194 2717 damnant
216 2655 323 2717 aliena.
344 2661 347 2668 '
368 2655 436 2736 Ego
465 2661 565 2714 autem
595 2657 675 2716 nitor
702 2655 750 2716 vel
780 2657 830 2716 uni
860 2657 971 2716 autori·

56 2737 102 2796 teti
121 2737 281 2816 Iohannis,
317 2739 367 2818 qui
397 2737 497 2799 timori
525 2756 657 2819 poenam
687 2743 718 2798 et
745 2739 885 2799 timorem
918 2736 971 2799 det

57 2819 242 2899 imperfectae
265 2822 398 2894 caritati,
428 2821 591 2880 sitantum
616 2827 646 2882 et
667 2821 723 2901 ipsi
746 2840 802 2901 pro
825 2839 882 2880 sua
902 2839 971 2880 sen·

58 2905 140 2962 tentia
163 2903 346 2964 adduxerint
368 2902 597 2982 Scripturss²),
625 2910 750 2984 paratus
779 2923 831 2964 ero
854 2903 969 2965 doceri.

422 3101 601 3178 Quintus:

110 3229 181 3289 Tres
205 3249 274 3290 esse
296 3237 398 3310 partes
413 3229 628 3309 poenitentiae,
651 3231 875 3308 contritionem,
897 3247 968 3290 con·

109 3311 287 3389 sessionem,
330 3311 584 3389 satisfactionem,
624 3331 685 3372 non
726 3321 773 3373 est
809 3311 966 3372 fundatum

325 3555 332 3572 b

68 3611 70 3616 ⁸
104 3597 133 3658 1)
153 3595 184 3649 Iu
205 3595 247 3650 ed.
267 3599 309 3650 ori
331 3612 350 3650 .:
369 3598 469 3666 ipsam.
499 3597 532 3664 2)
552 3598 583 3652 In
602 3597 646 3654 sd.
662 3596 741 3668 ,lena
760 3597 926 3668 scripturae.

106 3668 133 3734 ⁸)
154 3614 329 3730 Mobeni
