2258 4002
229 137 441 213 Bullam'Leon.
462 159 493 210 X.
517 157 635 211 damnat.
657 173 681 210 a.
703 157 781 214 ¹5²0.
903 153 963 220 177

56 331 104 392 pro
125 329 195 370 vero
224 317 369 390 peooato,
400 316 452 370 aut
481 310 639 371 eludamus
669 312 762 373 totius
791 309 965 392 Scripturas

55 396 245 455 autoritatem.
270 393 338 454 Non
363 402 409 454 est
426 395 504 453 enim
518 413 628 474 poena,
652 394 817 474 sedoulpa,
841 393 963 472 quando

55 477 176 550 tioiu*):
197 474 485 557 (lonoupisoentiam
512 477 686 536 nesciebam
704 496 772 536 esse
794 483 964 556 peooatum,

55 561 102 618 uisi
145 559 195 618 lex
233 559 363 620 diceret:
420 558 488 620 Non
532 561 748 640 oononpisoesr
795 579 869 639 ergo
914 559 965 638 qui

54 644 234 720 oonoupisoit
264 643 361 716 (siout
390 643 488 702 omnis
516 641 589 702 laoit
619 643 805 722 baptisatus]
841 643 897 701 soit
932 659 964 700 se

54 727 113 804 lege
135 727 290 804 magistra,
313 732 419 785 oontra
442 743 532 804 quam
555 725 638 801 fauit,
660 744 731 785 vere
754 743 891 804 pecuare.

125 807 163 866 ur
187 809 262 868 mire
284 805 393 887 plaoet,
416 809 455 868 ab
467 807 611 887 apostolo
627 806 790 868 adduotum
814 808 966 866 crassissi-

54 909 110 949 mus
131 907 230 969 genus
252 892 380 970 peooati,
403 890 486 969 qnod
508 892 537 950 io
563 892 730 950 novissimo
752 909 844 950 sensu
863 896 966 950 taotus

53 991 151 1033 omnes
173 974 317 1036 sentiunt.
361 972 526 1048 Quomodo
542 974 620 1032 enim
637 973 848 1052 persuasisset,
869 973 966 1032 inten-

53 1057 141 1115 tiones
154 1063 184 1116 et
196 1056 358 1136 opiniones
371 1054 472 1116 sordis
485 1065 613 1135 peuoats
625 1075 692 1116 esse
703 1058 750 1133 iia,
765 1057 816 1137 qui
832 1056 967 1115 nondum

52 1138 220 1224 persuaderi
242 1139 364 1214 volunt,
395 1140 673 1219 oononpisoentlam
703 1157 770 1199 esse
795 1145 965 1218 peooatum,

52 1229 77 1280 et
96 1229 203 1281 oontra
225 1223 445 1282 orassissimum
457 1241 580 1281 sensum
599 1223 807 1302 experientiae
830 1227 861 1279 et
882 1239 967 1300 aper·

52 1305 190 1363 tissimam
215 1304 312 1383 legem
337 1305 467 1384 sapiunt.
511 1303 690 1383 Namquem
713 1303 861 1365 nonfaoit
881 1323 966 1364 reum

52 1389 102 1445 ista
121 1385 189 1446 lex:
215 1386 331 1467 Diliges
343 1387 506 1448 Dominum
532 1407 570 1446 ex
593 1393 658 1446 toto
681 1388 774 1448 oorde
796 1385 870 1446 tuo?
892 1385 967 1462 Quis

54 1487 107 1528 uon
138 1475 226 1549 parte
258 1471 360 1549 aliqua
387 1489 498 1549 magna
521 1471 674 1550 seipsum
699 1468 817 1549 diligit?
854 1469 965 1529 Verum

53 1551 160 1612 solebat
182 1552 341 1631 apostolus
370 1553 430 1613 hoo
465 1561 662 1633 praeseptum
699 1551 858 1613 sublimius
891 1570 968 1626 esse,

53 1653 134 1712 quum
158 1641 192 1694 ut
213 1635 405 1695 inexercitati
426 1653 537 1716 sapere
550 1641 685 1715 possent,
707 1636 778 1695 ideo
792 1636 966 1714 assumpsit,

53 1735 120 1795 qnos
142 1719 349 1797 praesumpsit
377 1736 438 1778 non
461 1735 553 1797 posse
576 1720 679 1798 negari
702 1717 740 1778 ab
761 1717 854 1798 ipsis,
884 1717 968 1777 nimi·

53 1819 109 1858 rum
132 1801 270 1861 omnium
292 1818 384 1860 sensu
406 1800 571 1880 cognitum.

126 1882 296 1943 Videamus
317 1891 435 1962 autem,
469 1901 529 1962 qna
559 1885 676 1944 ratione
706 1889 901 1960 moveantur,
939 1889 971 1943 ut

16 1971 17 2032 ]
53 1975 156 2043 negent
179 1973 340 2046 peooatnm
364 1966 423 2025 dioi
449 1967 596 2045 reliquam
627 1965 779 2046 baptismo
804 1965 970 2027 libidinem.

53 2048 157 2108 Diount
180 2050 260 2108 enim
283 2048 424 2130 baptismi
448 2051 586 2110 iniuriam
610 2068 689 2126 esse,
711 2049 736 2108 si
759 2067 820 2108 non
834 2051 970 2107 omnium
1003 2105 1005 2110 .

16 2191 17 2206 ,
54 2138 243 2209 peooatorum
258 2131 388 2192 tribuere
411 2131 759 2212 dioaturremissionem,
783 2133 861 2191 siout
877 2131 971 2191 habet

16 2217 17 2248 ³
54 2212 121 2273 oues
145 2214 299 2274 catholica
321 2214 471 2276 eeclesiae
493 2223 523 2275 et
545 2223 681 2274 sanetum
705 2215 916 2293 evangelium,
945 2215 970 2273 si

54 2315 118 2376 ergo
140 2299 272 2358 remissa
293 2307 363 2357 suut
392 2299 495 2357 omnia
525 2305 670 2376 peooata,
707 2298 788 2376 quod
821 2297 968 2376 reliquum
1070 2367 1076 2376 ⁸

54 2387 101 2456 est,
127 2387 291 2459 peooatum
320 2379 377 2439 dioi
412 2399 473 2441 noo
508 2380 608 2442 debet.
652 2380 711 2440 Res
736 2380 855 2442 oudeo:
889 2379 969 2455 Quid

55 2462 96 2520 hio
116 2461 219 2522 diuers
242 2481 382 2542 possum,
407 2464 465 2522 nisi
487 2463 569 2542 quod
593 2399 769 2542 urgentilus
793 2463 901 2524 eodem
926 2481 971 2522 ar·

55 2553 192 2622 gumento
221 2545 393 2624 Pelagiaois
420 2547 610 2624 Augustinus
632 2544 725 2622 dixit,
758 2546 875 2605 soilioet
902 2563 971 2625 peo-

56 2635 149 2687 oalum
174 2629 285 2688 remitti
308 2629 409 2709 quoad
432 2640 559 2706 reatum,
581 2628 636 2688 sed
660 2647 721 2688 non
735 2628 837 2708 quoad
860 2639 971 2709 uotum,

56 2729 101 2770 sen
122 2718 155 2770 ut
175 2711 271 2790 ipsius
285 2711 384 2772 verbis
401 2717 480 2772 utar:
503 2712 666 2773 Peooatum
679 2712 758 2771 istud
775 2718 860 2772 reatu
874 2721 974 2772 traus-

56 2793 90 2872 it,
119 2801 189 2853 aotu
218 2801 346 2855 manet·
374 2794 457 2855 Siout
479 2796 558 2854 enim
582 2801 634 2868 (ut
655 2795 734 2854 idem
757 2797 816 2873 sit)
848 2793 971 2875 aliquod

56 2883 208 2954 peooatum
242 2879 349 2938 transit
383 2884 452 2938 aotu
488 2886 519 2937 et
551 2885 655 2938 manet
683 2885 770 2937 reatu
804 2873 901 2960 (siout
924 2882 971 2937 est
1057 2901 1059 2905 ¹

57 2975 140 3020 omne
161 2959 317 3041 notuale),
350 2961 392 3020 ita
414 2967 540 3021 eooutra
572 2961 631 3020 hoo
664 2961 789 3040 originis
812 2968 971 3040 peooatum

59 3044 156 3101 transit
177 3051 264 3102 reatu
286 3051 317 3102 st
338 3050 442 3103 manat
465 3051 543 3106 aotn.
588 3043 670 3102 Elaos
698 3061 758 3104 oon
788 3051 881 3123 negat
903 3061 972 3102 esse

57 3133 220 3205 peooatnm,
243 3144 301 3186 neo
312 3125 385 3184 dioit
400 3125 498 3186 solum
513 3125 663 3186 delectum
677 3132 729 3186 aut
751 3122 882 3206 po'euam
894 3144 972 3201 esee,

60 3205 105 3266 sed
127 3216 287 3288 peecatum
310 3218 380 3268 aotu
403 3216 433 3268 et
455 3227 526 3268 vere
548 3227 624 3269 esse.

132 3291 261 3351 Rursum
292 3291 409 3351 dioeut:
440 3291 481 3350 At
509 3310 564 3351 uos
593 3299 709 3351 reatum
740 3291 821 3351 huno
850 3291 973 3371 proprie

60 3389 196 3434 vooamus
217 3379 396 3454 peooatum,
425 3393 487 3433 non
517 3373 590 3434 illud
614 3373 695 3453 quod
718 3383 864 3435 remanet.
918 3371 973 3432 lle·
1076 3383 1080 3397 ¹

109 3644 136 3703 ‘l
156 3642 254 3696 Κοωι.
274 3644 297 3699 7.

21 3755 22 3762 ’
84 3744 166 3785 botheri
180 3757 232 3796 opp.
247 3747 273 3788 V.
289 3746 316 3785 Δ.
332 3743 366 3787 od.
384 3744 425 3785 ret'.
440 3731 490 3788 hlut.
505 3746 520 3784 l.
534 3755 555 3794 p.
569 3744 619 3786 Vol.
634 3743 661 3786 v„
852 3712 890 3774 12
