2250 4008
346 177 473 234 Rationis
491 176 673 234 Latomisnaa
691 179 742 232 ete.
925 169 989 240 457

65 327 206 412 dalaias,
238 333 410 414 potentins,
437 333 557 414 plenius
581 331 708 410 andiu,
729 332 774 396 sio
795 331 876 395 enim
893 337 990 394 sonat

64 413 230 480 hebroino:
275 417 362 494 Quae
389 415 598 482 blandilioavit
625 416 776 480 Dominus
802 416 886 478 Deus
919 421 989 478 tuus

66 501 190 562 eunetis
212 501 334 582 populis
355 499 412 562 sub
427 502 528 565 noelo.
551 500 700 579 Obseoro,
722 506 837 581 quante
858 497 988 562 eruditio

64 585 215 663 pietatis?
249 591 363 664 quanta
392 586 557 647 concitatio
587 583 772 648 affectuum?
802 590 989 662 quantave

49 667 174 747 ,lnptes
195 669 225 728 in
248 687 286 730 eo
308 667 402 730 verbo
424 669 492 730 est?
526 668 609 748 quod
632 669 780 730 Dominus
803 667 886 728 Deus
908 673 991 728 astra

63 750 121 810 illa
146 751 224 813 ooeli
246 751 387 812 omnibus
403 750 526 832 populis
544 751 670 828 dederit,
693 751 776 814 velut
797 749 937 810 adulatus
959 756 991 810 et

65 833 226 896 blanditus
250 835 309 909 eis,
334 852 396 914 quo
418 854 473 896 eos
497 836 678 898 suavissima
701 841 731 896 el
753 833 917 895 tenerrime
937 831 990 894 bo·

67 917 170 978 nitate
190 937 249 979 sua
273 917 311 980 ad
333 937 403 978 sese
424 918 570 998 allideret,
593 925 624 980 et
647 918 787 980 mollibus
809 917 875 976 istis
897 915 990 976 bene·

65 999 152 1060 liniis
174 1000 212 1063 ad
234 1002 280 1062 sni
299 1019 435 1064 amorem
450 1003 602 1078 invitaret,
624 1021 685 1064 non
709 1001 797 1063 aliter
818 1019 909 1081 quem
932 1000 988 1060 sie·

66 1091 101 1144 ut
126 1091 226 1145 mater
247 1083 310 1146 filio
332 1103 388 1146 sno
412 1104 503 1166 super
524 1100 627 1165 genua
649 1105 706 1146 sua
727 1082 888 1146 blanditur.

156 1165 215 1230 Ubi
237 1168 263 1228 si
284 1168 356 1228 milri
370 1169 591 1248 aequivocator
606 1168 783 1246 assesseris,
805 1174 837 1228 et
857 1165 887 1228 id
908 1164 991 1226 verbi

67 1249 993 1414 tt‘ttttztlttttt.{ttztljttttillisit

67 1417 125 1478 sed
163 1424 278 1495 quanta
309 1419 408 1499 gratia
440 1418 529 1479 simul
560 1437 609 1478 me
636 1419 777 1499 privasti,
810 1424 841 1478 st
872 1415 993 1476 velute

67 1497 218 1579 paradiso
240 1501 270 1560 in
292 1506 403 1562 terram
427 1501 616 1581 deposuisti?
654 1500 725 1562 dum
759 1501 848 1560 nimis
870 1498 994 1580 proprie

69 1589 102 1644 et
125 1583 204 1644 eitra
225 1581 355 1664 figuram
379 1584 524 1664 loqueris,
547 1603 616 1646 oum
639 1586 669 1644 in
683 1583 782 1664 ligura
797 1581 871 1644 nihil
884 1584 993 1658 minus,

69 1673 102 1726 et
125 1671 211 1726 tuam
238 1665 492 1745 significationem
515 1686 583 1728 eum
607 1668 765 1748 voluptate
789 1664 992 1746 possederim.

69 1749 153 1810 llam
177 1748 259 1828 quod
280 1749 353 1811 hine
373 1751 490 1831 portio,
521 1769 608 1831 pers,
640 1769 723 1828 sors,
743 1749 897 1812 hereditas
921 1748 992 1808 diei

71 1839 136 1907 tur,
172 1832 239 1911 quis
262 1851 323 1894 non
347 1833 429 1894 videt
451 1831 522 1894 inde
544 1853 685 1914 manere,
719 1831 801 1914 quod
824 1831 992 1894 Deusmni-

71 1916 187 1994 unique
214 1914 367 1978 blanditur
389 1935 444 1997 pro
468 1936 523 1978 sua
545 1917 744 1995 nenessitate,
778 1923 809 1976 et
829 1913 992 1976 blandities

72 2017 146 2060 snas
169 2005 291 2059 nostras
311 2000 383 2062 laoit
402 2002 571 2080 portiones,
592 2007 625 2060 ut
644 2001 746 2080 possis
769 1999 884 2060 diesne:
907 1994 994 2058 Haeo

73 2079 224 2142 blanditia
245 2082 301 2143 Dei
327 2083 453 2146 mihist
482 2102 551 2144 mea
578 2083 680 2163 portio
703 2091 765 2158 est,
801 2089 833 2142 et
864 2081 935 2141 hine
952 2078 992 2140 ·id

73 2162 161 2226 uerbi
182 2163 340 2226 divisionis
362 2165 616 2246 significationem
638 2165 777 2226 videatur
794 2163 825 2244 ¹)
856 2182 911 2244 per
932 2181 992 2224 me

74 2247 217 2326 talepsinr
246 2247 386 2310 traxisse.
436 2247 524 2310 Unde
558 2248 630 2309 illud
661 2247 738 2310 Gen.
759 2250 816 2311 49:
853 2245 993 2307 Dividam

74 2329 147 2390 illos
175 2331 206 2390 in
228 2327 333 2394 Iaoob.
378 2333 419 2392 At
441 2331 551 2395 Psalm.
576 2335 609 2396 5:
644 2332 767 2412 Linguis
796 2331 858 2392 suis
886 2328 993 2390 dolose

75 2410 227 2494 agebant,
249 2433 305 2494 pro
327 2415 434 2495 lingua
456 2434 511 2475 sua
532 2413 660 2476 blanditi
683 2421 769 2493 sunt,
797 2414 906 2473 retinet
927 2430 994 2492 gra-

75 2495 151 2558 tiam
169 2494 260 2558 verbi.
283 2495 378 2575 Igitur
398 2496 429 2558 id
452 2497 534 2576 quod
548 2496 694 2570 dividere,
717 2496 856 2571 blandiri,
879 2513 993 2570 oreore,

77 2577 163 2654 uelut
194 2580 251 2638 tria
284 2578 436 2642 voeabula
457 2579 548 2659 lanis,
582 2587 707 2661 propter
734 2599 821 2640 usum
844 2585 994 2658 sutorum,

77 2660 124 2722 rel
151 2661 363 2741 ligurantinm,
397 2664 446 2724 rel
479 2662 591 2743 flgsrrss
614 2662 795 2739 tollentium,
816 2668 940 2742 poteras
963 2661 994 2720 in
1108 2727 1110 2742 ι

77 2759 141 2806 uno
164 2744 319 2807 voeabula
341 2745 535 2822 oonoludere,
559 2746 675 2807 maiore
696 2747 795 2826 grstia
817 2752 848 2805 et
869 2743 946 2804 luee.

162 2826 213 2889 ain
235 2847 303 2890 eum
328 2829 417 2890 Dent.
440 2831 469 2894 6.
494 2829 617 2890 dieitur:
646 2827 843 2890 sternatis
865 2846 903 2888 ea
926 2825 995 2894 liliis

78 2911 148 2986 tuis,
169 2910 275 2974 fortius
297 2921 396 2992 sonat,
419 2913 448 2984 si,
467 2911 597 2974 dixeris:
620 2912 659 2972 Et
673 2930 766 2973 soues
789 2931 828 2972 ea
843 2909 911 2971 liliis
926 2911 994 2972 tuis.

79 2993 158 3056 Nam
180 3013 241 3056 non
265 3013 334 3056 esse
348 2994 518 3076 simplioem
540 2995 757 3072 narrationem,
779 2993 892 3075 probat
913 2993 994 3072 quod

79 3078 233 3156 sequitur:
257 3077 451 3158 alloqueris
473 3077 512 3138 de
534 3079 588 3154 eis,
610 3079 675 3140 sive
698 3077 816 3138 habites
838 3076 868 3136 in
893 3075 994 3149 domo,

80 3161 146 3222 sive
167 3158 305 3222 ambules
327 3161 357 3222 in
381 3162 440 3238 vis,
463 3161 527 3222 sive
550 3160 654 3238 subse,
676 3162 742 3222 sive
756 3178 871 3241 surges.
905 3156 995 3234 Quod

81 3245 106 3305 si
128 3243 304 3324 obstrepes,
326 3262 437 3306 uouere
458 3261 520 3305 non
543 3243 580 3303 ad
604 3244 713 3318 verba,
747 3241 801 3304 sed
823 3242 862 3302 ad
883 3241 994 3302 serrum

82 3326 242 3406 pertinere,
265 3333 298 3386 ut
318 3326 369 3388 hio
390 3327 512 3407 proprie
535 3325 660 3388 verbum
681 3327 762 3388 istud
782 3327 903 3400 iterare,
925 3341 994 3386 nar·

83 3429 159 3487 rare,
178 3409 332 3472 insulense
346 3427 442 3492 togas
455 3409 637 3490 signifians,
660 3410 832 3490 permittam
854 3405 995 3486 bibis-ssd

88 3582 133 3588 -..
139 3579 292 3587 -..αμα-...μ
299 3577 376 3584 ...η-...-

154 3676 185 3748 1)
206 3677 236 3730 ln
256 3675 324 3732 edit.
342 3674 418 3732 Jemt
438 3675 554 3730 ridetur.
