2252 4006
339 235 344 243 ,
379 179 463 234 Docta
483 177 616 232 Saxoniae
634 183 686 233 eto.
748 175 751 180 ’
934 172 996 240 249

125 333 183 394 Per
205 333 367 396 Heurioum
390 333 525 394 Priorem
548 331 785 408 Gundenseml)
811 331 933 413 soripta.

157 414 279 489 Dum&
307 417 453 478 Martinus
476 415 714 492 Caraotsolus²j
740 421 770 476 et
790 414 995 496 Hieronymus

71 498 240 574 Aleander,
262 501 373 562 summi
395 499 551 560 Pontitlois
574 499 730 576 Oratores,
754 498 834 580 apud
854 498 998 564 Carolum

69 579 310 661 Imperatorem,
334 584 423 644 Rom.
446 582 602 643 Pontillois
624 583 748 642 nomine
770 587 876 644 oontio
899 575 1000 641 Marti-

70 684 146 729 eum
169 665 345 727 Lutherum
370 666 613 746 interpellarent,
650 666 749 724 lerunt
780 664 999 745 Imperatorem
1043 699 1056 725 ι

70 747 221 809 Carolum
244 749 288 809 eis
311 767 383 809 mox
407 769 445 808 ex
468 758 624 828 tempore,
658 747 740 808 nullo
764 746 937 825 oonsulto,
956 766 1001 807 re·

69 831 256 910 spondiase:
301 832 468 892 Audiamus
492 838 583 892 antea
617 830 676 890 hae
696 832 727 890 in
749 849 782 890 re
803 830 923 890 Patrem
946 848 1000 890 no·

70 921 169 974 strum
206 913 388 974 Friderioum
419 915 533 974 Ducem
557 913 712 975 Saxoniae
745 921 819 990 eto,
856 912 1001 993 deinoeps

69 995 217 1056 Pontifici
238 997 500 1076 respondebimus.

158 1079 305 1140 Orotores
338 1079 428 1140 iidem
462 1081 591 1140 Erasmo
620 1077 829 1138 Roterodamo
857 1079 1003 1158 promise·

70 1169 145 1221 runt
168 1162 324 1223 Pontillois
346 1163 446 1222 verbis
469 1163 701 1242 pinguissimum
724 1162 953 1242 episcopatum,
976 1161 1001 1220 si

71 1262 131 1322 pro
155 1243 305 1305 Pontitios
328 1251 435 1306 eontra
456 1245 619 1306 Lutherum
643 1245 810 1324 scripturus
833 1249 923 1308 esset.
961 1243 1001 1304 Iis

70 1329 192 1402 verni)
216 1327 373 1408 respoudit
395 1327 556 1388 Erasmus:
579 1329 676 1388 Maior
697 1335 754 1403 est,
775 1327 926 1405 inquiens,
948 1325 1004 1386 Lu·

72 1408 198 1486 theras,
221 1408 350 1489 quaml)
375 1413 405 1470 in
438 1410 522 1470 illum
552 1409 683 1470 soribam
713 1428 790 1490 ego,
827 1411 925 1472 maior
958 1416 1004 1469 est

72 1492 239 1567 botherus,
262 1511 353 1572 qnam
377 1500 409 1553 ut
431 1515 448 1553 a
471 1513 519 1554 me
531 1493 728 1572 intelligatur,
751 1491 843 1573 plane
857 1492 1004 1553 Lutherus

72 1581 182 1636 tentus
205 1586 266 1652 est,
296 1575 416 1657 utplus
439 1575 558 1636 erudiar
581 1581 612 1635 et
629 1573 785 1655 proficiam
808 1595 848 1636 ex
870 1575 1004 1636 leotioue

75 1658 170 1718 unius
194 1657 335 1738 pagellae
356 1659 568 1733 Lutheraoae,
590 1677 681 1738 quam
705 1676 744 1718 ex
768 1665 833 1719 toto
855 1657 983 1722 Thema.

164 1741 276 1802 Comes
314 1740 352 1802 de
373 1741 514 1814 Nasson,
550 1739 728 1814 Flaodriae,
760 1739 942 1802 Brabantiae
975 1746 1007 1800 st

76 1823 270 1884 Hollandiae
305 1823 504 1905 subregulus,
542 1821 804 1904 praedieatoribus
848 1824 1007 1885 moosohis

74 1907 105 1965 in
130 1906 224 1986 Haga
262 1912 369 1967 eontra
394 1907 554 1968 botherum
591 1904 759 1966 furentibus
782 1905 873 1966 dixit:
909 1905 954 1966 Ite
976 1913 1006 1964 et

75 1987 258 2068 praedicate
287 1987 487 2069 Evangelium
521 1998 582 2050 tam
605 1989 779 2063 sinceriter,
811 2007 902 2067 quam
935 1988 1007 2049 laoit

75 2071 240 2147 Lutherus,
264 2073 415 2132 nemiuem
431 2071 630 2147 offendentes,
653 2090 709 2131 neo
721 2089 904 2150 quemquam
923 2071 1004 2131 dein-

74 2154 115 2214 de
129 2154 283 2214 habebitis
300 2155 471 2216 iooessendi
495 2155 701 2216 oooasionem.
745 2153 895 2214 Dominus
917 2153 952 2214 N.
968 2153 1006 2214 de

75 2382 234 2454 gemeldtss
252 2382 371 2436 Dootors
390 2380 498 2433 Martini
518 2379 620 2433 halben
639 2381 758 2432 mitons
778 2375 931 2448 gehendslt,
951 2374 1007 2429 oud

74 2458 131 2509 wie
152 2453 289 2524 dieselbig
307 2451 456 2520 Hsudlung
475 2450 660 2505 allenthalben
678 2454 716 2503 ist
734 2467 763 2504 er
785 2464 893 2517 angen,
920 2446 1008 2500 werdt

74 2527 119 2580 ihr
139 2541 190 2579 aus
208 2523 380 2595 inlisgender
400 2522 532 2592 Copeyen
551 2523 725 2576 vornshmarr.
763 2467 805 2575 gb
824 2520 895 2572 auch
912 2517 1008 2572 furder

76 2598 232 2668 der-wagan
256 2603 341 2649 etwas
373 2596 470 2648 weiter
494 2608 546 2648 ans
573 2608 625 2646 uos
648 2593 752 2663 langen
772 2591 857 2656 wird‚
887 2589 934 2643 das
953 2589 1007 2644 soll

76 2670 149 2724 euoh
169 2667 348 2722 ooverhalten
379 2665 504 2728 bleiben,
530 2667 580 2716 wir
598 2669 691 2718 wtren
721 2665 790 2717 euch
818 2661 1008 2731 wohlgeneigt

77 2741 151 2794 eooh
172 2755 257 2794 unser
275 2737 427 2798 Bedanken
444 2739 473 2790 iu
496 2737 544 2789 der
562 2736 666 2790 Saohen
691 2737 871 2805 anzunsigen,
900 2748 932 2788 so
958 2735 1009 2784 wir

76 2811 152 2866 doeh
172 2810 248 2863 nieht
266 2811 303 2864 ob
323 2809 479 2862 mittlernsit
497 2815 579 2862 etwas
606 2811 730 2862 weiterer
750 2805 927 2875 burgetallsn,
957 2805 1009 2856 wir

79 2883 171 2936 baben
192 2883 261 2934 auch
280 2882 332 2935 den
352 2879 441 2933 Boten
460 2895 606 2950 versegna,
626 2881 662 2933 ob
680 2880 724 2932 ihr
744 2876 1008 2944 lernsrAnraigung

77 2955 135 3007 und
157 2953 269 3007 Berioht
286 2953 352 3004 than
373 2951 478 3016 wurdt,
507 2950 609 3004 wollen
636 2951 689 3002 wir
707 2949 774 3003 euch
793 2947 929 3018 gntdigsr
946 2945 1009 3000 Mei·

78 3041 157 3095 nnng
185 3024 263 3077 nieht
281 3023 453 3081 unverotinet
477 3021 575 3076 lusson.
613 3021 711 3074 Datum
743 3036 776 3074 ru
802 3019 952 3088 Honberge
979 3020 1009 3069 ia

80 3098 198 3156 Hessen,
226 3111 268 3148 am
302 3095 480 3148 ocbtrahnteo
508 3091 568 3163 Τις
596 3093 767 3146 Novembris.
806 3090 877 3145 Ann.
900 3090 1007 3144 Domini

81 3169 114 3221 n.
135 3169 165 3221 D.
187 3166 246 3220 XX.
283 3163 353 3220 Dem
373 3165 589 3234 hoohgelehrtsn
616 3180 742 3218 anserem
764 3163 855 3217 lieben
875 3166 1006 3232 gstreuen

79 3240 197 3292 Peteren
215 3236 401 3304 Buroharden,
423 3237 557 3290 Doctoren
577 3235 634 3288 und
654 3235 788 3288 Rectorsn
810 3249 926 3287 nnserer
944 3231 1008 3284 Uni·

80 3313 199 3364 versittt
217 3325 250 3363 nu
271 3309 455 3361 Witeuberolr.

155 3385 181 3440 tt
204 3381 233 3433 ln
261 3378 303 3433 ed.
331 3379 403 3433 lem:
437 3377 490 3431 Per
523 3375 557 3432 D.
588 3377 735 3431 Henrionm
767 3373 1004 3441 Zudphanisnsem
1056 3404 1060 3410 -

81 3455 188 3521 scripta.
225 3450 257 3515 2)
278 3449 361 3506 ibid:
388 3448 566 3504 Oaraeeiolns.
603 3449 635 3517 3)
658 3447 736 3502 ibid:
757 3445 871 3512 Quibus.
909 3443 938 3509 4)
956 3441 1008 3495 Ibi·

81 3523 156 3578 dem:
177 3538 257 3591 qnam
278 3527 315 3574 ut.

152 3594 183 3650 *l
201 3593 277 3660 Quae
305 3597 457 3662 sequnntur
482 3590 655 3659 aSpalatino
679 3587 768 3640 addita
793 3601 854 3640 erse
878 3584 1006 3640 dicuntur

84 3667 133 3734 (ot.
155 3662 429 3718 Waloh.1ntrod.in
450 3663 529 3716 Tum.
549 3662 605 3728 XV,
623 3677 649 3730 p.
674 3659 749 3724 113).
849 3675 851 3680 ·
