2258 4002
114 117 177 201 152
345 132 487 190 Adversus
502 132 704 189 exsecrabilem
719 129 828 187 Eulism

112 298 142 350 et
166 289 301 350 oerniiex
323 287 585 351 eonsoientiarum.
629 287 711 368 Lege
734 295 835 348 autem
859 284 952 347 libros
973 284 1039 344 iiio·

112 393 179 434 rum
202 372 406 451 sophistarum
430 372 467 433 de
490 369 690 451 poenitentia,
714 379 744 432 et
766 369 882 431 videbis
905 387 959 428 eos
981 387 1040 428 neo

113 456 341 536 promissionis,
377 474 435 516 nee
465 454 535 515 fidei
574 455 666 516 uiiam
704 455 900 522 mentionem,
928 452 1038 513 faeere.
1126 465 1127 470 ’

113 537 175 600 Has
208 539 287 598 eninr
320 548 421 619 partes
451 539 658 618 poenitentiae
694 539 778 597 vivas
810 537 970 610 omittunt,
1010 541 1041 594 et

112 621 185 683 solis
210 623 336 682 mortuis
359 621 593 684 contritionibus
616 621 755 681 homines
777 621 946 698 exagitent.
978 617 1040 676 Sed

115 704 205 765 latius
229 703 315 766 alias.

200 785 260 848 Sed
282 786 354 866 quid
378 787 479 848 denuo
502 787 645 847 artionios
668 805 775 847 omnes
798 785 940 866 probem,
969 802 1039 843 oum
1124 811 1127 816 r

112 877 234 933 exstent
256 867 359 949 libelii,
383 870 432 930 ubi
452 871 587 931 omnium
601 871 750 930 rationem
766 868 882 929 reddidi
906 867 1040 945 abunde,

112 952 199 1032 plura
222 952 360 1030 daturus,
399 954 423 1013 si
457 953 623 1013 adversarii
651 973 705 1014 sna
736 971 859 1032 qnoque
881 953 910 1011 in
940 951 1041 1010 iuoem
1125 969 1126 974 ¹

114 1035 278 1096 dedissent.
312 1035 399 1112 Quae
421 1044 467 1096 est
486 1037 728 1109 enimssstnititia,
751 1044 784 1096 ut
806 1036 866 1096 hoo
880 1053 942 1094 uuo
968 1032 1041 1093 mihi

112 1137 293 1198 responsum
318 1119 425 1194 veiint,
448 1118 531 1198 quod
555 1119 675 1195 dieunt,
696 1119 753 1179 sibi
777 1119 922 1179 damnata
945 1115 1043 1178 videri
1127 1133 1128 1168 1

113 1201 216 1266 omnia
238 1221 322 1275 mea,
353 1221 421 1262 oum
451 1221 510 1282 ego
538 1205 567 1261 in
591 1203 650 1262 boo
671 1204 770 1282 ipsum
793 1202 986 1282 sumpserim,
1010 1208 1043 1258 ut
1127 1225 1128 1250 1

111 1303 185 1346 suos
206 1303 324 1346 errores
351 1286 409 1364 ipsi
433 1291 652 1365 agnosoerent,
681 1285 789 1364 quibus
811 1284 959 1365 populum
985 1283 1043 1341 Dei
1127 1299 1128 1355 ι

112 1364 261 1427 haetenus
293 1367 561 1442 dementaverunt,
599 1387 662 1430 non
694 1368 755 1428 hoe
782 1369 979 1448 exspectavi,
1011 1372 1043 1424 ut

112 1450 282 1530 damnarer,
304 1452 355 1530 qui
377 1451 476 1510 soiens
500 1460 528 1510 et
548 1451 682 1530 prudens
708 1450 853 1513 damnata
874 1452 934 1511 iam
966 1449 1042 1510 oiim
1127 1483 1128 1501 ι

112 1532 150 1592 ab
173 1534 217 1592 eis
253 1532 391 1594 adduotis
414 1533 576 1613 Soripturis
607 1541 637 1593 et
663 1534 831 1594 rationibus
865 1532 1042 1593 iustificari.
1127 1565 1128 1586 ι

197 1615 263 1676 Nee
285 1617 413 1678 voiuiut
434 1616 579 1694 dicerent,
602 1617 672 1696 qnid
687 1618 744 1696 ipsi
767 1623 919 1697 saperent.
958 1615 1043 1676 Seio·
1127 1636 1128 1640 ¹

110 1697 179 1759 bem
204 1693 421 1778 enim'omnia,
445 1699 498 1759 sed
523 1720 562 1760 an
585 1709 667 1760 reete
689 1706 843 1779 saperent,
866 1699 896 1760 id
920 1697 1043 1779 quaesi·

5 1848 8 1856 ¹
111 1789 174 1841 tum
197 1787 243 1851 est
263 1803 282 1842 a
304 1797 362 1858 me,
383 1782 528 1843 hievolui
551 1782 672 1862 erudiri,
697 1788 728 1843 et
745 1801 818 1843 ecee
841 1803 931 1844 nemo
945 1779 1044 1842 audet

111 1863 240 1944 prodire.

195 1946 432 2023 Quare'video,
462 1949 565 2010 asinos
597 1949 672 2008 istos
703 1967 763 2010 uon
795 1948 886 2012 modo
916 1967 988 2009 mea
1012 1953 1045 2008 et

111 2049 167 2089 sua
188 2048 250 2090 non
272 2028 453 2111 intelligere,
476 2032 529 2091 sed
553 2051 626 2110 prae
641 2032 750 2112 insigni
774 2031 960 2093 hebetudine
983 2048 1044 2090 neo

111 2113 171 2172 boo
192 2115 377 2194 percepisse,
399 2113 469 2192 quid
494 2115 568 2174 meis
591 2113 698 2174 libellis
721 2117 912 2195 quaesierim.
953 2113 1044 2174 Arbi-

110 2203 225 2254 trantur
247 2193 327 2256 ebim
355 2215 389 2256 se
421 2197 496 2257 teies
526 2199 555 2257 in
580 2198 726 2277 opinione
749 2217 817 2258 mea
839 2218 923 2278 esse,
955 2195 1042 2278 apud

109 2296 187 2356 quos
210 2278 250 2339 sit
270 2279 397 2357 veritas,
425 2299 494 2340 oum
517 2280 589 2340 nihii
614 2281 710 2340 minus
734 2280 771 2341 de
794 2283 837 2341 eis
860 2281 1042 2361 suspicatus

109 2362 176 2424 sim.
222 2361 297 2422 Gum
310 2363 390 2422 enim
404 2362 476 2423 oiim
499 2362 537 2423 ab
551 2365 594 2422 eis
617 2365 721 2424 omnia
742 2365 802 2423 ista
824 2366 931 2424 seirsm
954 2362 1042 2424 dam·

110 2450 182 2504 nate
205 2463 283 2522 esse,
306 2464 368 2505 non
390 2444 592 2520 damnandus,
615 2446 668 2506 sed
685 2446 767 2506 veiut
789 2447 849 2506 iam
872 2447 1041 2508 damnatus

109 2527 148 2587 ab
171 2528 214 2586 eis
237 2526 346 2607 prodii,
370 2527 597 2590 damnationem
621 2547 727 2590 eorum
750 2528 961 2609 tmdueturus,
985 2532 1042 2591 im·

110 2609 191 2688 piam
230 2618 261 2670 et
295 2611 479 2672 haereticam
512 2618 545 2672 et
581 2611 790 2692 blasphemam
826 2631 943 2693 eosque
980 2615 1041 2672 nisi

108 2693 227 2752 ratione
249 2692 367 2753 reddita
389 2703 472 2767 reete
495 2713 563 2754 sess
586 2715 694 2774 sapere
716 2696 901 2775 doouissent,
925 2697 1041 2757 erroris

110 2783 141 2834 et
163 2774 326 2836 haereseos
340 2777 467 2837 erimine
484 2777 605 2858 pubiioe
627 2797 696 2839 reos
719 2775 850 2854 returns,
873 2779 931 2859 ipsi
955 2777 1041 2838 velut

109 2856 253 2918 ridiouius
277 2858 488 2940 citharoedus,
517 2861 632 2920 ohorda
662 2879 783 2942 semper
810 2857 917 2924 eadem
950 2862 1040 2922 ober-

89 2929 191 3015 ¹resne,
216 2942 310 3020 petito
335 2943 483 3022 prinoipio
506 2943 587 3004 aliud
603 2961 670 3004 non
693 2939 838 3021 reddunt,
872 2946 929 3004 nisi
953 2944 1040 3004 dam·

109 3041 228 3102 namus,
251 3043 330 3103 quse
353 3025 574 3103 damnavimus,
599 3045 680 3087 nova
696 3027 855 3087 dialeotioa
869 3027 1038 3107 probantes

107 3104 188 3166 idem
211 3109 443 3186 perseipsum,
468 3108 695 3170 damnationem
719 3129 773 3189 per
795 3110 1036 3174 damnationem.
1121 3155 1128 3170 .

107 3187 134 3248 Ο
156 3189 362 3268 ineptissimos
385 3199 415 3250 et
436 3191 655 3252 insulsissimos
678 3192 883 3269 damnatores,
906 3192 956 3254 ubi
974 3213 1037 3253 ma-

109 3279 161 3330 net
181 3272 254 3331 iilud
278 3272 371 3332 Petri:
403 3273 531 3353 Semper
552 3276 650 3353 parati
674 3275 712 3336 ad
736 3275 921 3346 reddendam
946 3279 1036 3337 ratio-

109 3371 176 3412 nem
200 3354 239 3412 de
260 3373 306 3429 ee,
329 3357 458 3432 quaein
483 3356 569 3416 vobis
592 3367 647 3433 est,
670 3357 729 3418 tide
752 3365 780 3418 et
803 3377 866 3438 spe.

192 3433 310 3512 Quare,
350 3455 417 3495 oum
454 3439 593 3516 pupistae
630 3448 659 3498 et
696 3439 836 3501 bullistae
868 3441 919 3501 isti
949 3441 1037 3522 igno·

110 3515 271 3574 rantissimi
301 3524 372 3577 ante
394 3520 528 3577 veritatis
559 3523 737 3582 manifestae
764 3523 871 3584 faeiem
902 3523 947 3583 sio
975 3524 1037 3582 sint

110 3593 229 3655 noniusi
264 3605 407 3676 metuque
438 3602 585 3678 persulsi,
618 3612 650 3670 ut
683 3624 738 3686 pro
761 3625 795 3670 se
822 3623 940 3686 suaque
968 3624 1036 3666 sen.
