2262 4006
209 267 215 271 .
326 175 472 236 Annam
490 164 601 234 crtum
621 193 646 236 a.
666 177 745 236 rou.
767 159 770 166 '
908 154 1000 240 [361

62 333 396 414 mine’Erangelllet
417 333 527 396 Oltristi
551 341 606 395 sua
634 337 736 416 potius
757 332 895 410 tradunt,
923 331 1001 394 indi·

62 431 194 478 cantes.
542 421 545 435 '

159 500 388 581 Prosequsmur
417 500 537 562 Petrum
548 499 603 580 l),
636 501 705 577 ubi,
737 499 864 579 Angeli,
892 500 1000 578 inquit,

63 599 141 644 cum
172 586 234 668 sint
253 583 429 646 fortitudine
451 592 482 644 et
502 585 612 646 virtute
634 587 775 656 maiores,
797 601 860 644 non
877 589 1001 664 portant

65 665 300 728 adversumne
329 667 518 729 exsecrabile
547 668 703 742 iudicium.
751 668 788 728 Hi
817 684 889 727 vero
919 664 1002 725 velut

60 749 297 831 irrationabilis
334 769 449 831 pecora
487 753 575 828 (nam
612 753 752 832 pnpistae
783 748 875 811 hodie
909 749 1001 828 plane

65 851 134 892 non
183 834 309 894 credunt
348 826 468 906 animae
509 835 783 907 immortalitatem,
821 833 1000 914 praesertim

65 913 219 991 Romae)
245 916 422 978 naturaliter
443 920 544 998 genita
558 919 587 978 in
612 924 768 997 capturam
785 923 815 975 et
835 915 1000 995 perniciem
1028 938 1033 949 “

69 998 110 1075 (ο
136 999 400 1078 similitudinem),
421 999 453 1062 in'
474 1001 532 1073 his,
556 1019 636 1078 quae
658 1020 718 1061 nnn
735 999 917 1077 intelligunt,
940 1017 1002 1058 ma·

65 1081 257 1158 ledicentes,
280 1082 310 1142 id
333 1091 395 1162 est,
418 1082 528 1143 Christi
552 1083 720 1144 doctrinam
744 1082 938 1158 damnantes,
962 1081 1001 1142 ob
1117 1127 1118 1136 t

65 1183 148 1224 sune
172 1167 374 1227 inventiones.
419 1165 469 1226 Sic
495 1167 600 1228 ludas:
627 1167 690 1243 Ea,
724 1184 802 1245 quse
824 1184 885 1226 non
910 1183 1002 1224 nove·

67 1257 164 1328 runt,
190 1247 413 1328 blasphemant.
456 1250 489 1310 ln
518 1249 689 1330 perditione
719 1267 775 1308 sua
807 1247 937 1322 (idest,
970 1251 1003 1306 ut

65 1327 170 1390 Iudas
192 1333 251 1406 ait,
273 1347 353 1410 quas
375 1350 453 1411 vero¹
478 1341 588 1393 natura
614 1351 668 1392 seu
691 1331 858 1393 animantia
885 1333 1003 1390 ratione

68 1415 219 1492 expertia
254 1415 368 1491 sciunt,
408 1416 439 1475 in
477 1415 523 1475 his
560 1417 811 1495 corrumpuntur)
850 1412 1002 1495 peribunt,

67 1501 271 1574 reportantes
302 1499 471 1558 mercedem
503 1499 668 1559 iniustitiae
699 1499 808 1576 (quern
836 1498 894 1576 ipsi
924 1515 1003 1556 sum·
1100 1535 1112 1560 ι

72 1593 162 1638 mam
187 1581 331 1640 iustitiam
354 1582 485 1655 iactant,
519 1587 551 1642 dt
572 1581 776 1642 obedientiam
800 1579 950 1641 ecclesiae
972 1583 1004 1638 et

70 1661 262 1744 religionum
277 1662 518 1740 observantias),
540 1682 596 1743 pro
619 1664 777 1742 voluptate
798 1663 954 1737 ducentes,
977 1661 1002 1721 si

72 1745 105 1804 in
134 1743 255 1805 deliciis
282 1745 419 1806 fruantur
448 1745 496 1826 (id
517 1754 579 1818 est,
610 1748 724 1808 ventris
751 1745 896 1806 animalia
923 1746 1003 1823 sunt,

74 1830 127 1905 qni
155 1828 217 1888 hoc
240 1833 331 1890 unuln
356 1832 503 1910 optimum
526 1829 676 1902 iudicant,
700 1830 726 1888 si
746 1829 831 1890 brevi
861 1829 920 1890 hac
942 1829 1005 1888 vita

72 1909 252 1988 abundent,
274 1930 343 1971 nam
355 1913 453 1972 terme
475 1912 573 1973 nullus
597 1933 635 1973 ex
649 1913 692 1973 eis
705 1913 878 1991 episcopus,
901 1929 1000 1971 sacar·

74 1994 144 2068 dos,
169 1994 330 2072 religiosus
352 1995 400 2069 tlt,
423 1997 480 2055 nisi
510 2004 542 2055 ut
565 1997 681 2076 otioet
702 1997 783 2055 rictu
808 1997 872 2055 sine
893 1993 1001 2056 labore

76 2077 177 2154 partis
199 2076 279 2137 benc
301 2078 420 2156 vivat),
452 2077 539 2139 labes
573 2089 604 2138 et
633 2079 773 2139 maculae
805 2079 893 2156 (sunt
923 2078 1003 2136 enim

75 2157 107 2217 lri
131 2159 275 2220 homines
298 2160 369 2220 nibil
394 2161 450 2220 nisi
482 2161 635 2222 dedecora
663 2166 694 2222 et
721 2160 807 2222 labes
835 2163 864 2221 in
888 2159 1002 2240 popolo

78 2241 155 2312 Dei,
190 2260 257 2302 cum
287 2261 412 2322 prorsus
441 2245 563 2305 inutiles
592 2247 654 2305 suis
682 2251 799 2306 tantum
831 2244 946 2304 deliciis
973 2249 1004 2304 et

78 2323 162 2383 vitiis
187 2325 217 2384 in
240 2325 372 2386 ecclesia
393 2329 523 2406 saginati
553 2327 609 2388 sibi
631 2329 796 2402 serviunt),
825 2326 940 2388 deliciis
963 2326 1004 2385 as·

78 2405 212 2468 fluentes
234 2409 263 2466 in
288 2409 436 2486 conviviis
457 2411 519 2469 suis
541 2411 730 2471 luxuriantes
754 2409 922 2471 vobiscum.

165 2489 238 2550 nihi
259 2491 310 2550 hio
332 2491 589 2573 loouscorruptus
613 2492 741 2570 videtur,
763 2512 832 2553 nam
847 2492 936 2553 ludas
959 2493 1003 2551 sic

79 2572 174 2632 refert
195 2573 340 2633 eundem:
369 2573 410 2635 Hi
438 2583 508 2636 sunt
534 2577 613 2636 inter
634 2576 776 2636 caritates
800 2584 918 2637 vestras
941 2592 1002 2636 ms-

81 2655 187 2730 culae,
219 2656 299 2716 inter
329 2659 626 2718 sese'ocnvivantes
654 2657 772 2738 absque
799 2656 861 2718 ullo
885 2661 1003 2734 timore,

82 2743 180 2798 semet
206 2740 290 2819 ipsos
319 2749 490 2818 pascentes.
533 2739 713 2801 Pontificum
738 2735 819 2801 e'nim
848 2750 878 2800 et
905 2759 1003 2802 secer-

82 2819 226 2899 dotuml)
252 2822 536 2903 monachorumque
559 2823 720 2886 delicatam
742 2825 836 2883 ettam
851 2822 1003 2902 describit,

82 2904 132 2982 qui
154 2903 202 2977 iis,
224 2923 302 2982 quse
324 2907 376 2984 pia
398 2907 524 2967 caritate
544 2905 678 2967 fidelium
701 2907 739 2968 ad
758 2907 919 2967 ecclesiam
943 2906 1003 2966 ccl-

81 2985 144 3045 latu
166 2996 245 3064 sunt,
267 2998 297 3046 et
319 2987 515 3048 conteruntur
538 2988 670 3068 indies,
693 2989 905 3069 profusissimo
930 2987 1003 3050 luxu

83 3068 222 3146 perdunt,
245 3084 302 3128 nec
323 3070 495 3146 hominum,
523 3089 581 3131 nec
602 3070 659 3132 Dei
683 3079 881 3151 conspectum
904 3073 1003 3148 veriti,

85 3152 300 3212 necscandalis
309 3152 509 3226 intirmorum,
521 3171 578 3213 neo
589 3155 665 3216 odiis
679 3154 828 3215 bonorum
840 3157 1002 3234 quicquam

84 3235 237 3295 commoti.
281 3234 321 3295 Se
335 3237 421 3316 ipsos
444 3238 523 3296 enim
548 3238 659 3298 eximis
681 3243 789 3298 curant
811 3247 840 3297 et
862 3245 1001 3316 pascunt,

85 3316 153 3375 nihil
176 3315 257 3377 eliud
271 3334 360 3396 quam
376 3318 505 3396 macule,
528 3319 623 3398 labes,
646 3321 789 3395 dedecus,
812 3339 889 3381 onus
906 3318 1002 3381 eccle-

136 3532 170 3666 Β
188 3535 221 3656 ln
233 3531 354 3657 {litim
367 3604 480 3670 legitur:
500 3603 662 3658 Pontificum
675 3607 748 3658 enirn
768 3611 793 3657 ct
803 3603 1001 3673 cardinalium,
1020 3593 1024 3602 ’

88 3679 287 3746 episcoporum,
305 3675 501 3730 sacerdotnm·
927 3681 929 3692 ¹
