2262 4006
138 203 201 274 316
367 207 523 278 Responsio
541 205 576 263 D.
591 209 626 265 tt.
644 207 673 264 L.
692 205 728 265 ad
746 203 846 266 librum
886 175 890 182 Ι

139 363 223 428 solas
244 362 422 428 traditiones
444 363 600 424 homiuum
623 371 654 424 et
674 363 805 426 iustitias
816 361 934 442 impias.
979 356 1062 418 Nam

138 447 283 509 haeretici
305 448 396 528 prisci
419 448 449 509 in
465 445 636 527 Scripturas
661 449 774 508 sanctis
797 444 964 506 certabant.
1002 437 1065 502 Hic

139 538 240 592 autern
272 550 327 592 rex
356 540 442 590 extra
464 530 634 610 Scripturas
657 532 719 590 suis
742 523 1065 606 doctrinisregnabit.

138 614 211 676 ldeo
234 613 342 674 Daniel
366 613 454 687 dicit,
470 612 567 694 ,quod
599 613 805 676 obscurabunt
834 631 887 672 eos
907 607 1066 690 praevari-

140 699 295 774 cationes,
324 704 389 758 tota
410 704 511 758 autem
533 697 703 776 Scriptura,
738 696 914 776 praesertim
937 691 1067 762 Paulus,

140 783 335 854 caecitatem,
357 779 514 857 tenebras,
538 782 739 860 ignorantiam
767 777 969 851 contribuit,
1006 772 1067 832 nisi

139 863 438 945 praesumptionibus
459 864 559 944 impiis
572 864 714 945 proprias
726 863 858 922 iustitiae
870 866 902 921 et
922 875 1068 938 operum,

140 953 174 1007 ut
203 955 307 1008 notum
342 951 388 1006 est
421 947 533 1026 legenti
567 949 631 1010 eius
653 946 818 1026 Epistolas.
861 944 901 1004 Et
923 941 1068 1004 Christus

139 1030 209 1092 ideo
233 1050 266 1090 se
288 1030 385 1090 lucem
410 1029 555 1109 appellat,
577 1029 659 1109 quod
680 1028 756 1090 fides
778 1030 807 1088 in
820 1047 889 1088 euni
910 1024 1069 1086 illuminet

139 1120 169 1174 et
189 1112 331 1173 iustificat
355 1131 473 1173 omnes.
1052 1113 1073 1154 ·'

224 1195 326 1257 Glaret
359 1215 432 1276 ergo
466 1197 546 1256 hunc
580 1213 683 1274 regem
718 1194 783 1256 iore
809 1201 881 1274 post
908 1191 1068 1253 Christum

140 1278 365 1361 praedicatum,
397 1286 427 1339 et
448 1278 594 1338 adversus
616 1277 869 1338 illuminationem
891 1273 1070 1353 Evangelii,

141 1381 202 1442 quo
225 1362 410 1423 illuminatus
438 1369 485 1422 est
507 1359 647 1424 muudus.
690 1359 956 1422 Obscurariteuim
977 1373 1070 1436 prae·

140 1444 378 1507 varicatiouibus
406 1445 507 1524 arguit
539 1444 719 1510 coaluisse
739 1444 943 1518 illuminatos,
977 1437 1068 1519 quod

141 1530 243 1609 regnis
273 1529 334 1588 illis
367 1527 612 1589 antechristum
643 1545 704 1588 non
739 1527 897 1598 convenit,
930 1532 963 1584 ut
986 1539 1070 1602 quac

141 1631 297 1692 nunquam
321 1610 486 1672 obscurata
506 1616 591 1689 suut,
613 1611 685 1690 quia
708 1629 861 1688 nunquam
883 1608 1070 1678 illuminata,

142 1714 200 1755 nec
220 1695 441 1775 praevaricata,
464 1695 536 1773 quia
548 1713 701 1774 nunquam
723 1703 805 1754 recte
817 1691 1070 1762 ambulaverunt,

143 1777 197 1838 sed
220 1777 258 1838 de
281 1779 325 1838 eis
338 1778 526 1857 temporibus
542 1776 727 1856 intelligitur,
751 1775 860 1855 quibus
882 1773 1068 1836 etGhristue

142 1851 1068 1942 abominationempraedixiteisdempeneverbis,·diceus*):

144 1944 296 2020 Quoniam
310 1942 477 2003 abundabit
498 1944 652 2023 iniquitas,
674 1943 851 2022 refrigescet
864 1941 976 2000 caritas
991 1936 1068 1998 mul·

142 2033 253 2087 torum.
296 2025 335 2086 Et
356 2025 549 2098 Paulus**):
583 2025 623 2088 Ut
654 2025 824 2086 iudicentur
855 2041 979 2100 omues,
1018 2021 1069 2099 qui

143 2128 205 2169 non
229 2108 422 2170 crediderunt
444 2110 572 2186 veritati,
595 2107 648 2168 sed
660 2115 883 2170 consenserunt
892 2104 1069 2184 iniquitati,

144 2200 175 2254 et
202 2196 231 2256 2.
254 2192 333 2252 Patr.
355 2194 384 2254 2.
413 2192 602 2271 gravissimis
630 2191 730 2252 verbis
758 2191 885 2252 reditum
909 2188 948 2248 ad
971 2186 1069 2248 vomi-

144 2284 207 2337 tum
237 2276 336 2354 arguit
369 2275 399 2333 in
427 2275 488 2348 sis,
524 2275 576 2354 qui
608 2275 639 2334 in
672 2274 845 2335 novissimis
877 2269 1068 2351 temporibus

145 2365 241 2434 erunt,
265 2359 327 2418 fere
350 2376 427 2416 unus
452 2358 587 2417 omnium
610 2359 753 2437 exponit,
778 2375 856 2436 quaa
878 2355 917 2414 sit
938 2354 990 2414 illa
1015 2353 1068 2412 ini·

142 2442 254 2520 quites,
276 2459 354 2520 quae
367 2438 544 2514 abundabit,
557 2447 656 2518 etqua
669 2439 922 2510 obscurabuntur,
944 2436 1068 2496 dicens:

143 2523 276 2584 Fuerunt
298 2529 399 2582 autem
423 2531 453 2582 et
475 2522 764 2603 pseudoprophetae
786 2524 817 2581 in
839 2519 967 2600 populo,
989 2520 1069 2578 sicut

144 2613 176 2666 et
196 2607 227 2666 in
250 2605 336 2666 vobis
358 2612 461 2680 erunt,
484 2605 551 2665 falsi
574 2605 728 2680 doctores,
750 2605 803 2686 qui
823 2605 910 2664 iuxta
930 2601 1068 2662 introdu-

145 2695 215 2749 cent
237 2699 336 2748 sectas
365 2688 544 2767 perditionis
575 2689 673 2766 [pene
702 2687 830 2748 dixisset
851 2686 946 2747 filium
969 2683 1068 2766 perdi-

144 2771 266 2848 tionis),
288 2769 379 2831 etiam
392 2771 567 2848 Dominum,
590 2773 641 2851 qui
655 2789 709 2832 cos
724 2775 875 2832 mercatus
898 2775 955 2848 est,
977 2766 1068 2828 ahoe·

145 2860 268 2934 gentes,
298 2853 485 2914 adducentes
515 2853 571 2914 sibi
598 2855 672 2934 ipsis
700 2852 829 2913 celerem
853 2851 1067 2932 perditionem.

145 2935 185 2996 lut
208 2935 292 2996 multi
314 2945 479 3016 sequentur
502 2956 606 2997 eorum
622 2936 819 3017 perditiones,
841 2954 895 3014 per
917 2953 996 3012 quos
1018 2934 1068 2991 via

147 3020 282 3079 veritatis
316 3017 593 3099 blasphemabitur,
626 3027 657 3079 et
683 3021 712 3078 in
747 3018 875 3080 avaritia
902 3037 957 3096 per
979 3014 1068 3076 fictos

145 3119 303 3163 sermones
337 3120 393 3162 vos
421 3101 681 3181 cauponabuntor.
730 3102 858 3165 Prorsus
891 3100 942 3160 hic
962 3098 1067 3158 Petrus

143 3185 361 3266 Magistarium,
384 3185 591 3263 episcopatus,
617 3191 647 3246 et
669 3184 928 3262 ecelesiasticam,
961 3189 992 3240 ut
1014 3200 1065 3240 vo·

147 3276 234 3345 caut,
268 3267 561 3327 administrationem
591 3269 703 3348 tangit,
737 3276 767 3328 et
796 3266 857 3328 hoc
888 3265 1000 3326 malum
1029 3284 1067 3324 ex

147 3368 252 3408 eorum
283 3351 450 3410 ministerio
479 3356 696 3427 proventurum
719 3355 884 3426 monstrat,
916 3349 967 3428 qui
998 3347 1065 3407 loco

147 3431 204 3491 Dei
228 3430 345 3513 sedent,
367 3438 397 3492 et
418 3431 551 3511 populos
575 3450 682 3513 regere
703 3434 733 3492 in
747 3432 843 3494 verbo
856 3430 976 3492 debent.
1012 3429 1065 3509 lgi-

204 3693 236 3762 *t
256 3695 349 3752 usae.
368 3698 411 3757 24.
449 3696 496 3765 ⁸⁸>
515 3697 541 3754 a.
560 3695 657 3758 uncas.
677 3693 703 3750 2.
760 3729 771 3746 ..
