2258 4002
133 167 197 236 164
331 166 468 234 ,Aramo
487 185 562 224 omn.
580 173 632 224 art.
652 169 685 224 D.
704 170 738 222 ll.
757 169 788 224 L.
806 185 855 242 per

132 325 208 388 lices
232 325 417 386 monitiones
441 343 568 386 necesse
594 330 642 386 est
663 342 771 385 omnes
792 329 1003 402 contemnere,
1024 327 1047 386 si
1108 369 1109 396 ,

134 405 289 489 quaelibet
309 407 432 469 Petrum
456 407 538 470 dicta
560 413 683 487 oportet
694 407 810 486 absque
822 405 934 468 iudicio
949 407 1048 470 admit·
1108 405 1109 414 ’

133 499 208 568 tere,
229 491 354 572 iudicio,
374 491 655 572 inquam,apiritus,
676 491 759 570 quod
782 489 872 550 nullis
891 491 1048 553 nisisacris

134 575 229 636 literis
251 575 348 636 voluit
368 573 482 636 includi
503 582 534 634 et
556 573 714 634 contineri.

217 659 319 738 Atque
331 663 364 717 ut
373 656 475 736 latius,
488 655 573 738 quod
584 658 740 734 mirentur,
751 657 861 734 dicam,
875 655 1002 736 legimus
1021 659 1049 718 in
1109 661 1110 698 f

135 741 211 802 sctis
234 740 444 822 apostolorum
468 760 536 821 cap.
559 739 618 818 17,
636 741 718 819 quod
745 740 783 818 ii,
806 741 857 820 qui
880 742 1049 802 cumomni

136 823 283 885 aviditate
304 821 430 884 verbum
453 823 539 884 Pauli
568 823 744 899 audierant,
771 822 908 902 quotidie
943 833 1049 885 scruta-

134 906 245 969 bantur
267 906 455 988 Scripturas,
477 909 502 966 si
536 906 614 969 baec
645 908 688 967 ita
715 905 872 968 haberent.
922 905 955 967 Si
981 926 1049 988 ergo
1110 954 1111 958 ,

135 989 222 1051 Pauli
242 989 445 1072 Evangelium
468 1008 522 1050 seu
545 1009 658 1050 novum
670 989 900 1050 Testamentum
923 993 1051 1069 oportuit

92 1116 96 1135 .
134 1073 259 1156 probari
281 1092 336 1154 per
354 1081 488 1133 veterem
511 1072 715 1153 scripturam,
737 1093 776 1135 an
795 1074 837 1134 ita
851 1071 1051 1154 haberet,qui

135 1163 238 1218 tamen
260 1157 455 1218 autoritatem
478 1154 585 1216 habuit
612 1155 720 1216 aDeo
750 1154 807 1216 sibi
829 1154 952 1236 datam,
978 1159 1052 1218 sicut

140 1239 316 1319 ¹apostolus,
342 1248 373 1299 ut
395 1241 459 1320 ejus
483 1239 576 1300 verbo
601 1237 788 1316 crederetur,
811 1238 883 1317 quid
906 1256 964 1298 nos
985 1240 1052 1300 laci·
1111 1302 1112 1306 ,

137 1342 222 1400 mus,
245 1323 297 1403 qui
317 1321 440 1382 Petrum
463 1321 560 1400 dicta,
583 1340 712 1402 quorum
735 1321 810 1382 nulli
832 1322 888 1382 fuit
910 1325 1053 1384 autoritas
1111 1315 1112 1324 ¹

139 1424 222 1467 nova
235 1405 377 1480 docendi,
389 1405 444 1466 sed
466 1411 584 1465 tentum
601 1411 731 1486 accepta
741 1425 796 1484 per
809 1405 969 1486 apostolos
982 1424 1053 1468 con·

139 1489 293 1568 servandi,
315 1488 447 1550 nolimus
469 1487 508 1548 ad
531 1487 706 1567 Scripturae
726 1487 871 1548 iudicium
896 1489 1009 1552 vocari.

220 1571 360 1650 Denique
382 1591 444 1632 non
466 1571 566 1632 solum
589 1571 657 1651 ipse
673 1570 787 1632 Paulus
808 1589 864 1631 sua
882 1573 988 1632 omnia
1003 1591 1056 1654 per

138 1661 226 1716 vetus
248 1655 477 1716 Testamentum
500 1654 621 1734 probat,
643 1660 676 1714 ut
696 1655 726 1713 in
750 1655 887 1734 epistolis
920 1656 986 1716 eius
1008 1656 1057 1717 ab

138 1737 219 1799 unde
241 1738 396 1817 videmus,
425 1737 504 1798 adeo
534 1743 568 1796 ut
593 1737 623 1796 in
654 1739 814 1817 prooemio
844 1739 997 1817 epistolae
1020 1738 1058 1800 ad

138 1822 295 1884 Romanos
326 1826 454 1882 testetur
483 1819 676 1899 evangelium
699 1840 787 1882 suum
810 1820 999 1900 praedictum
1028 1823 1059 1881 in

137 1903 298 1985 Scripturis
321 1904 435 1966 sanctis
456 1923 512 1984 per
540 1903 725 1984 prophetas:
767 1904 821 1963 sed
851 1911 881 1964 et
902 1903 1010 1968 Petrus
1033 1913 1062 1965 et

137 2007 244 2051 omnes
267 1987 401 2068 apostoli
425 1989 516 2047 etiam
531 1986 663 2047 concilio
681 1988 871 2067 congregati,
893 1988 983 2050 Aeto.
999 1992 1060 2065 15,

138 2090 194 2154 per
208 2069 379 2151 Scripturas
401 2089 458 2130 sua
479 2069 699 2148 demonstrant,
721 2071 793 2150 quin
805 2079 836 2131 et
846 2071 913 2150 ipse
924 2071 1063 2134 Christus

140 2155 276 2216 omnium
308 2152 450 2214 dominus
472 2151 568 2214 voluit
595 2173 651 2233 per
670 2153 821 2214 Johannis
852 2155 1062 2216 testimonium

142 2235 338 2316 comprobari
361 2239 392 2298 et
413 2255 491 2299 voce
513 2237 608 2315 patris
631 2235 670 2296 de
690 2236 780 2297 coelo
802 2236 988 2316 confirmari,
1012 2238 1063 2300 ad-

139 2320 200 2391 huc
223 2327 325 2382 tamen
347 2319 591 2399 frequentissime
614 2339 670 2380 sua
691 2319 856 2398 persuadet
878 2322 1063 2382 testimoniis

141 2401 325 2483 Scripturas,
346 2402 553 2464 iubensetiam
568 2402 705 2484 ludaeis,
728 2411 761 2464 ut
782 2403 1064 2485 scrutenturScrip·

142 2493 236 2564 turae,
259 2505 338 2566 quae
359 2487 569 2548 testimonium
591 2485 772 2567 perhibeant
793 2485 832 2546 de
854 2505 901 2549 eo.

223 2569 300 2632 blira
323 2589 397 2650 ergo
418 2577 524 2630 nostra
545 2571 745 2651 perversitas,
774 2581 807 2632 ut
828 2569 895 2630 aliis
928 2571 1065 2632 testimo·

143 2654 200 2714 niis
223 2672 313 2733 quam
336 2651 511 2733 Scripturas
533 2661 638 2717 nostra
660 2652 788 2714 velimus
806 2652 947 2733 probare,
971 2673 1066 2734 quan·

141 2735 181 2798 do
210 2735 346 2798 Christus
368 2745 399 2796 et
420 2737 552 2816 apostoli
575 2755 682 2799 omnes
705 2757 762 2798 sua
785 2736 890 2797 volunt
911 2739 941 2798 in
965 2736 1066 2819 Scrip-

142 2826 211 2880 tura
233 2817 399 2898 testificari,
420 2820 483 2881 imo
505 2818 600 2899 quel)
632 2815 672 2880 sit
692 2821 812 2880 insania
833 2821 1065 2900 intolerabilior,

143 2901 328 2981 Scripturas,
348 2902 430 2965 unde
452 2904 628 2966 testimonia
647 2923 704 2985 pro
726 2903 816 2966 nobis
838 2904 972 2983 petenda
985 2913 1065 2982 sunt,

144 2985 285 3046 volumus
308 2987 491 3048 testimoniis
513 2985 670 3049 hominum
693 2987 962 3067 probassettueri.
984 2987 1066 3050 Non-

144 3086 184 3130 ne
204 3067 266 3128 hoc
288 3077 334 3130 est
354 3069 436 3130 aliud
458 3070 547 3148 nihil,
571 3089 660 3149 quam
691 3071 769 3132 velle
790 3070 930 3132 humanis
961 3071 1066 3134 divina

143 3149 277 3212 formare
299 3159 329 3214 et
350 3151 525 3214 elucidare?
547 3153 656 3216 Nonne
678 3154 738 3216 boc
759 3164 805 3215 est
823 3154 959 3234 gladium
982 3157 1066 3236 spiri·

145 3241 211 3314 tus,
240 3253 302 3314 quo
325 3253 383 3296 nos
406 3235 549 3298 defensos
571 3242 722 3319 oportuit,
744 3240 866 3304 obiecta
886 3262 980 3305 carne
1002 3245 1066 3306 bra·

146 3316 206 3376 chii
227 3317 324 3379 nostri
345 3317 443 3379 tueri?

149 3523 567 3548 m-

204 3661 236 3730 1)
255 3663 287 3718 ln
304 3666 369 3721 edit
386 3668 460 3724 dem:
482 3672 566 3740 quod.
593 3669 598 3676 ”
