2258 4002
211 234 213 238 .
245 163 355 220 Rullum
374 161 795 220 nemu.uumnatu.1tuu.
920 157 981 264 in

70 317 164 378 mundi
188 324 219 378 et
239 317 329 380 timul
349 319 506 396 immundi,
528 319 693 398 ntpnrgnri
713 323 837 398 egeant,
858 318 909 396 qui
925 318 982 377 niei

68 401 164 464 mnndi
196 410 316 482 essent,
348 403 477 462 fructum
509 420 572 461 non
606 401 771 462 efferrent?
807 397 982 479 Nisi'qnod

67 503 165 546 verum
187 493 245 564 eet,
271 486 352 565 qnod
374 487 455 545 idem
476 485 498 544 1.
521 485 626 547 luben.
652 491 678 546 i.
701 485 786 545 dicit:
819 484 851 544 Si
873 483 983 543 dixeri·

66 587 137 644 mus,
159 570 305 647 quonium
324 575 486 650 peecatum
507 587 570 628 non
592 567 756 646 babemus,
778 569 836 647 ipei
858 585 915 626 noe
938 585 984 626 ee·

66 651 214 729 dnoimue,
249 659 280 712 et
304 653 422 712 'veritae
448 653 479 710 in
503 650 591 711 nobie
606 669 681 711 ‘non
704 658 761 713 eet.
803 649 927 712 Notavit
951 649 982 710 Β.

64 735 259 812 Augustinus,
281 736 363 814 qnod
385 753 446 796 non
471 734 562 794 dixit:
598 733 785 811 Habuimus,
812 733 867 792 eod
891 733 981 793 hebe-

65 835 137 877 mus.
181 817 222 876 Et
247 817 358 880 Peuim.
388 817 484 892 19¹J:
516 816 638 879 Delicta
666 818 733 896 quie
761 815 923 896 inteiligit?
945 816 984 876 ab

64 899 188 960 oeoultis
227 903 303 961 mein
336 901 448 962 munda
477 919 534 962 me.
589 899 630 960 Et
655 899 766 962 Penlm.
795 898 874 977 51²9
909 899 985 978 petit

64 984 198 1063 spiritum
222 992 336 1044 neotum
368 994 399 1044 et
427 1002 480 1044 eor
507 984 652 1044 mnndum
681 985 710 1043 in
741 1001 774 1042 se
803 982 884 1061 fieri,
914 1001 983 1042 oum

63 1067 119 1126 hou
141 1085 204 1126 non
227 1069 284 1126 nini
305 1069 367 1128 inm
388 1067 519 1127 mundus
541 1085 630 1127 orere
653 1071 768 1146 posset.
801 1065 888 1128 Unde
910 1083 984 1145 ergo

63 1152 117 1209 ietn
138 1150 332 1210 immunditia
354 1157 415 1210 tam
433 1151 546 1210 eunetis
567 1151 639 1208 viris
662 1151 767 1230 spiritu
789 1147 985 1227 ferventibus,

64 1233 172 1292 nedum
196 1233 380 1314 baptisatis?
403 1231 493 1308 Quod
517 1233 629 1292 mulum
652 1233 708 1292 hoe
732 1243 836 1292 movet
857 1232 984 1292 immun·

64 1315 170 1376 ditius?
201 1317 262 1376 nisi
291 1317 425 1377 radicale
454 1315 527 1377 illud
552 1317 678 1396 originis
701 1316 829 1392 melum,
863 1315 984 1394 dequo

62 1398 217 1477 Puuiue*)
240 1399 475 1460 colossensibus
508 1402 621 1458 eunetis
655 1399 775 1459 floribit:
803 1397 985 1458 Mortificate

64 1481 198 1542 membre
221 1491 337 1562 ventre,
365 1501 444 1562 qune
467 1491 537 1544 eunt
559 1501 650 1564 super
673 1491 800 1560 terram,
832 1482 985 1544 iornionti·
1025 1525 1029 1533 ι

64 1583 167 1644 onem,
209 1567 446 1645 immunditiam,
490 1564 662 1644 libidinem,
702 1567 984 1646 eoncupieoentinm

64 1648 189 1726 mnium,
219 1650 396 1730 avaritiam,
430 1667 491 1710 non
525 1648 607 1728 quod
625 1649 687 1708 nis
709 1651 844 1729 peoontie
871 1649 985 1708 servite

63 1750 113 1791 eos
135 1739 257 1811 urgunt,
279 1732 334 1792 sed
358 1741 391 1791 ut
413 1740 593 1812 repugnent,
615 1751 654 1792 ne
676 1733 721 1792 eie
743 1733 885 1792 serviunt.

140 1815 182 1874 Et
209 1821 243 1873 ut
270 1815 361 1876 finem
393 1815 556 1894 suciamus,
591 1815 660 1875 eolo
689 1817 788 1876 oratio
822 1815 987 1875 Dominiou

63 1915 162 1958 nonne
195 1915 303 1958 omnes
332 1898 488 1962 oonoludit
520 1898 577 1958 nub
612 1905 792 1978 pennatum,
826 1897 897 1958 dum
922 1913 985 1958 om—

61 1982 145 2040 nibus
191 1980 413 2060 quantumlibet
446 1983 561 2042 eunetis
602 1981 726 2052 maudut
769 1999 873 2042 orare:
919 1981 986 2042 iiiut

12 2061 13 2142 J
62 2064 203 2124 voluntas
226 2072 293 2142 tun,
325 2063 536 2126 Sunotifieeinr
563 2082 676 2125 nomen
700 2073 801 2142 tuum,
834 2063 988 2126 Adveniet

62 2165 188 2226 regnum
210 2155 305 2208 tuum.
340 2147 419 2223 Quid
438 2147 609 2226 confitetur,
633 2149 684 2227 qui
706 2151 783 2228 petit
795 2147 859 2208 fleri
881 2148 987 2208 nolun-

63 2239 150 2292 tntem
175 2231 250 2310 Dei,
281 2232 339 2292 nisi
367 2250 435 2292 sese
457 2231 591 2293 nondum
614 2232 704 2312 plene
725 2232 826 2292 funere
848 2231 989 2290 volunte-

63 2322 118 2373 tem
142 2314 218 2389 Dei,
245 2332 283 2375 eo
304 2333 358 2394 per
379 2315 440 2375 boo
461 2333 531 2376 eene
552 2315 780 2375 inobedientem
803 2314 893 2375 Deo?
917 2313 986 2396 (ne-

64 2413 118 2475 que
140 2398 224 2456 enim
246 2396 325 2459 flotin
347 2398 398 2458 hie
418 2397 519 2458 verbis
542 2405 676 2478 oretur),
698 2397 759 2460 boe
782 2399 849 2458 eolo
871 2397 986 2476 solvus,

64 2481 140 2558 qnod
173 2482 316 2560 agnoseit
346 2488 377 2541 ot
404 2482 585 2562 depreeatur
617 2499 703 2542 snum
737 2481 986 2559 inobedientium,

64 2581 96 2622 uo
117 2564 147 2622 in
171 2571 317 2642 qnantum
341 2572 409 2625 oret
429 2571 462 2625 et
472 2566 634 2645 dignoscit,
655 2571 772 2625 tentum
793 2565 867 2624 iuuit
880 2564 985 2626 voiun-

65 2653 152 2706 tutem
177 2647 251 2725 Dei,
273 2647 303 2706 id
326 2655 388 2725 eet,
414 2648 444 2706 in
466 2650 589 2728 spiritu,
611 2648 665 2708 ned
688 2651 719 2708 in
742 2667 848 2726 nenne,
880 2657 988 2708 oontrn

67 2747 152 2807 quum
177 2732 223 2790 sio
239 2737 317 2809 oret,
338 2731 473 2792 nondum
497 2734 578 2792 feeit.
620 2733 666 2792 lte
688 2733 739 2811 qui
760 2733 836 2812 petit
856 2729 988 2792 sanetifi-

66 2814 123 2872 ouri
149 2833 264 2874 nomen
286 2813 427 2894 Domini,
456 2833 559 2876 nonne
587 2816 698 2876 fatetur
726 2834 839 2876 nomen
863 2815 986 2876 Domini

67 2895 163 2956 udhno
183 2899 215 2956 in
237 2915 272 2956 ee
292 2899 389 2977 pollui
411 2919 450 2960 ex
472 2899 582 2979 purte?
610 2899 693 2979 quod
715 2900 822 2960 dolens
844 2899 987 2978 deprene-

67 2985 123 3057 tur,
147 2987 180 3040 et
199 2980 342 3060 impletur
360 2982 437 3042 iliud
458 2985 488 3043 in
510 3001 566 3060 eo,
597 2983 706 3044 Romu.
730 2987 764 3048 7:
797 2982 888 3058 Quod
911 2982 984 3042 noio

68 3063 193 3144 muium,
224 3063 286 3124 hoo
306 3065 403 3146 sunio,
435 3067 517 3147 quod
547 3067 620 3128 volo
644 3068 772 3147 bonnm,
811 3087 871 3129 non
894 3066 985 3130 tenio.
1064 3097 1068 3102 ,

62 3145 113 3206 uie
134 3148 184 3226 qui
219 3146 364 3210 advenire
389 3169 517 3230 regnum
540 3152 597 3211 Dei
625 3154 716 3232 petit,
750 3159 832 3218 uerte
864 3169 984 3212 noevum

67 3229 175 3292 diaboli
198 3249 232 3291 ee
254 3249 292 3290 ex
314 3239 402 3312 perte
422 3235 594 3313 eonfitetun,
616 3256 683 3296 oum
707 3237 848 3316 apostolo
867 3235 986 3295 dioens:

69 3313 162 3374 Video
184 3314 275 3376 alium
308 3314 410 3395 legem
437 3319 468 3397 in
491 3320 633 3380 membris
656 3323 748 3400 meis,
780 3322 984 3400 oeptiventein

70 3399 164 3456 ine-in
187 3397 285 3479 legem
310 3401 439 3479 ponenti.

118 3608 149 3750 ἒξ
169 3609 261 3733 Ιόιιεᾱ.
282 3609 366 3736 οὲἰςα
387 3609 428 3664 18.
469 3607 501 3676 2)
523 3605 607 3661 ibid:
626 3606 668 3662 50.

194 3695 280 3737 noue.
318 3716 325 3733 .
