2254 4008
116 153 159 226 12
235 159 334 216 Leonis
353 159 386 216 K
401 159 450 231 ep.
469 157 513 214 ad.
532 157 605 216 lirid.
624 158 692 215 Dua.
716 157 790 217 Μ
802 174 827 214 a
849 159 925 218 1520.

200 313 334 392 Quarum
345 313 502 376 'literarum
524 314 668 396 exempla
688 315 719 376 in
734 311 817 376 aima
837 314 913 376 urbe
933 313 1071 375 nostra

116 399 267 481 impressa
289 397 327 460 ad
349 397 549 460 Nobilitatem
571 406 655 460 tuam
677 399 829 476 misimus,
852 399 985 474 utilia,
1015 411 1071 454 re·

118 483 250 564 eognitis
273 482 446 562 diligentius
469 482 596 543 ministri
613 481 748 544 Seianae
774 482 937 562 erroribus,
967 496 1071 552 eum,

117 567 196 627 sieut
216 567 247 625 in
270 564 385 626 eisdem
408 565 501 626 literis
523 583 579 645 pro
602 565 785 646 Apostoiioa
804 561 1070 627 mansuetudine

117 651 262 730 seriptum
288 655 344 728 est,
365 650 495 728 primum
518 648 631 709 hortari
656 655 686 708 et·
707 667 843 725 monere,
863 656 898 711 nt
919 648 1068 709 abieoto

117 733 331 794 sontumaoiae
353 740 384 790 ei
397 730 559 811 superbiae
581 732 686 812 spiritu
698 731 736 793 ad
760 733 921 794 sanitatem
931 729 1070 804 redire,

117 816 227 876 Daiei
250 820 386 874 nostram
410 813 603 875 elementiam
627 816 774 894 experiri,
806 814 973 896 abnegatis
1003 830 1070 892 pa-

119 898 179 960 lam
203 896 390 958 detestandis
403 898 610 977 opinionibus,
632 898 714 958 velit.
736 897 789 958 Sin
812 904 912 959 autem
934 895 1070 978 persii·

116 983 187 1042 terit
206 983 236 1040 in
265 981 418 1057 amentia,
454 987 527 1040 tuno
554 981 662 1061 elapso
690 982 836 1058 termine,
871 982 902 1040 in
925 979 1066 1041 eisdem

115 1065 209 1126 literis
232 1071 394 1140 oontenio,
417 1081 487 1124 eum
510 1062 696 1125 declaratum
721 1065 924 1140 haereticum,
949 1081 1066 1143 quan·

116 1154 180 1208 ium
201 1147 232 1206 in
254 1154 307 1207 tua
330 1154 376 1207 est
405 1147 567 1207 autoritate
595 1154 625 1206 et
652 1153 822 1227 potestate,
854 1148 940 1227 oapi,
975 1163 1065 1225 cap·

117 1239 243 1308 tumque
270 1229 309 1291 ad
341 1237 478 1290 nostram
506 1230 681 1291 instantiam
715 1230 862 1290 eustodiri
895 1236 988 1291 curet
1029 1235 1066 1286 et

116 1312 249 1373 studeat.
950 1319 952 1324 '

200 1397 233 1456 ln
263 1412 324 1473 quo
346 1392 497 1455 Nobilitas
526 1399 578 1454 tua
606 1395 771 1474 praeclaris
804 1395 896 1454 initiis
924 1394 1062 1454 virtutis

116 1497 192 1539 suae
214 1479 348 1538 eximiae
364 1496 454 1557 pares
467 1476 631 1537 reddiderit
653 1479 764 1554 exitus,
786 1497 844 1538 nee
857 1477 1061 1538 mediocrem

117 1560 269 1623 masolam
292 1579 312 1621 a
333 1580 389 1620 sua
410 1567 441 1619 et
462 1558 595 1636 familiae
626 1569 656 1621 et
678 1559 882 1622 Germanicae
909 1561 1058 1621 nationis

117 1643 254 1705 olariiate
275 1644 435 1724 repulerit,
457 1642 598 1722 banoque
621 1643 701 1724 apud
722 1644 822 1704 Deum
850 1650 880 1704 ei
902 1644 1057 1704 homines

118 1727 274 1788 exoslsem
297 1725 418 1788 laudem
436 1725 669 1806 promereberis,
693 1745 762 1787 esse
784 1725 1055 1788 tuaeNobilitaiis

116 1829 212 1891 opera
232 1828 269 1870 aa
291 1811 405 1890 pietate
433 1809 534 1869 oriens
565 1809 738 1869 inpendium
761 1829 876 1890 pravae
906 1808 1055 1870 haeresis
1103 1837 1120 1878 g

116 1893 321 1974 asplendore
343 1891 417 1975 fidei
427 1891 620 1953 orthodoxae
642 1899 673 1953 ei
694 1900 784 1953 ooetu
806 1890 943 1954 fidelium
962 1909 1052 1953 sum·

118 1983 236 2038 motum
260 1983 290 2036 ei
311 1976 505 2040 exstinctum.
1014 2039 1019 2050 .

115 2059 229 2120 Datum
257 2059 376 2119 Romae
396 2057 478 2136 apud
507 2057 537 2120 S.
561 2057 702 2132 Petrum,
725 2057 782 2120 sub
804 2058 918 2118 annulo
940 2057 1052 2117 Pisoa-

144 2143 235 2220 toris,
258 2141 306 2200 die
328 2141 356 2205 8.
379 2139 467 2216 Julii,
490 2140 580 2200 Anno
603 2140 642 2201 M.
664 2141 702 2200 D.
723 2139 790 2203 XX.
813 2140 1018 2202 Pontificatus

429 2224 525 2282 nostri
548 2241 629 2282 anno
652 2223 729 2285 Vlll.
