2262 4006
309 233 468 290 sabroni
485 233 594 290 Oaffiar.
612 247 636 291 a.
654 233 755 292 1621st
936 231 999 298 317
1031 181 1036 198 ¹

72 395 125 449 tur
149 389 300 471 principes
324 398 355 450 et
377 392 478 469 oapita
500 390 699 451 eeclesiarum
721 389 869 450 babemus
890 388 998 449 horum

73 473 229 533 malorum
254 480 386 536 autores

161 555 247 616 Haeo
270 563 371 616 autem
394 563 441 616 est
461 557 583 636 plaga
575 575 639 616 rrae
661 556 727 622 Dei
753 557 872 614 mittere
894 573 1000 635 opera-

71 639 179 698 tiones
201 641 311 700 erroris
343 647 373 699 et
394 637 689 719 pseudoprophetas
719 623 811 698 liam
833 639 1001 698 misericor·

72 721 147 780 diae
170 721 325 802 flagellum
339 730 396 799 est,
416 731 545 802 pestem,
568 721 715 802 gladium,
736 722 857 797 famem,
880 721 1000 800 aliaque

71 806 253 883 corporalia
275 805 356 865 mala
376 805 502 884 inferre,
531 814 560 864 at
584 806 704 884 privare
726 804 820 865 verbo
842 805 948 864 salutis
970 811 1001 864 et

73 889 199 947 mittere
220 907 371 949 venenum
394 889 608 965 erroris,'hoo
630 888 768 948 ultimum
792 897 837 946 ast
859 889 922 946 iras
942 887 1000 948 Dei

72 970 202 1034 malum.
246 970 370 1031 Poterat
391 971 430 1031 de
451 971 551 1031 Turoa
573 971 669 1030 videri
689 971 808 1031 loeutus
827 970 947 1048 Daniel,
970 972 1000 1029 in

71 1055 164 1112 ouius
202 1055 331 1134 imperio
366 1053 608 1114 obscuraverunt
645 1055 777 1133 populos
815 1053 1001 1131 iniquitates,
1028 1074 1034 1090 ,

72 1136 134 1194 nisi
159 1137 198 1196 de
220 1155 257 1196 ao
280 1138 452 1218 principatu
475 1137 651 1197 nosPetrns
674 1139 799 1198 dooeret
820 1135 1000 1216 intelligere,

73 1221 128 1298 qul
151 1221 184 1279 iu
205 1222 322 1300 populo
346 1221 402 1280 Dei
426 1221 549 1300 geritur,
571 1227 602 1280 et
623 1219 662 1278 de
684 1221 730 1298 iis,
753 1221 804 1298 qui
829 1219 898 1278 loeo
921 1219 1001 1278 Doe-

72 1313 178 1361 torum
201 1313 232 1361 at
254 1302 600 1382 episcoporumssdsnt,
622 1305 700 1362 siout
722 1314 752 1362 at
766 1303 874 1362 Daniel
897 1304 1001 1362 desis·

73 1384 147 1444 dent
171 1403 240 1445 sesa
263 1385 345 1465 loqui
368 1386 445 1446 infra
467 1385 617 1463 ostendet,
640 1387 744 1464 quales
766 1395 853 1444 arant
874 1388 903 1444 in
927 1387 1001 1445 anti·

73 1486 139 1546 qno
160 1468 277 1548 populo
300 1469 367 1529 falsi
389 1470 567 1548 prophetae.
610 1468 696 1528 Haeo
712 1469 792 1528 enirn
815 1467 853 1528 ad
871 1468 1001 1528 'laram

73 1569 138 1610 non
162 1552 329 1630 pertinent,
359 1554 410 1630 qui
433 1553 553 1612 abieoto
577 1551 759 1631 baptismate
781 1559 812 1610 et
832 1550 1001 1631 Evangelio

73 1637 136 1693 iam
161 1635 294 1714 populus
316 1635 372 1695 Dei
395 1652 457 1694 non
480 1645 528 1695 ast
549 1652 606 1694 neo
627 1634 764 1710 habetur,
787 1636 875 1694 siauti
891 1634 1002 1694 haben·

74 1723 135 1795 tur,
160 1719 211 1795 qni
235 1719 401 1798 episeopos
423 1717 538 1778 babent
556 1719 587 1776 iu
609 1718 776 1799 haoparte‚
799 1720 838 1776 ait
855 1735 929 1797 ergo
942 1717 1003 1777 hoo

73 1801 177 1880 primo
198 1803 347 1880 positum:

162 1881 250 1942 Hune
280 1901 385 1963 regern
406 1882 471 1942 iore
506 1901 666 1963 magnum,
701 1891 833 1962 quantus
864 1883 913 1942 vel
947 1902 1002 1942 rex

74 1965 240 2026 Persarum
264 1966 311 2026 val
334 1965 539 2044 (halanorum,
573 1968 620 2027 vel
642 1967 869 2043 Romanorum,
892 1965 1002 2025 deinde

75 2057 275 2128 regnaturum
297 2051 327 2109 in
351 2049 490 2109 doetrina
520 2050 693 2126 bominum,
727 2051 873 2110 adversus
895 2049 1002 2110 illumi·
1109 2097 1112 2104 .

76 2135 235 2192 nationem
257 2131 420 2212 Evangelii
442 2133 473 2192 in
497 2133 613 2212 populo
635 2132 756 2194 Christi.

163 2216 221 2276 Pro
243 2216 383 2295 ingressu
413 2216 539 2276 visionis
569 2218 658 2277 buius
685 2217 780 2276 verba
800 2215 881 2276 Patri
903 2215 1004 2275 videa·

79 2318 158 2359 mus.
201 2297 276 2373 Quis
303 2301 383 2358 eninr
412 2299 467 2358 has
489 2299 664 2378 iniquitates
693 2317 754 2359 non
784 2300 919 2360 videtin
942 2297 1003 2358 Ro·

80 2401 191 2442 manae
225 2381 376 2442 ecelesias
412 2391 552 2461 pastores
591 2383 629 2442 ad
665 2401 797 2462 unguem
832 2381 1004 2460 quadrare?

80 2463 199 2539 Quibus
220 2465 397 2544 loqueretur
418 2463 542 2542 Petrus,
565 2466 621 2526 nisi
644 2467 706 2525 suis
729 2466 890 2541 Romanis,
922 2466 1003 2544 apud

80 2567 160 2627 quos
183 2549 229 2608 sui
250 2547 317 2607 libri
330 2547 454 2628 reoepti‚
476 2555 575 2609 staua
596 2551 744 2609 autoritas
756 2551 889 2608 maxima
901 2547 1003 2608 valet?

80 2631 192 2691 Nonne
215 2631 318 2690 Moses
340 2639 371 2690 et
391 2631 560 2712 prophetae
581 2651 638 2692 suo
661 2632 778 2712 populo
801 2633 894 2692 locuti
912 2629 1004 2690 sunt?
1099 2708 1102 2712 .

81 2713 169 2775 Siout
191 2714 302 2788 Paulus
325 2714 397 2774 dioit
420 2713 507 2775 Rom.
531 2717 566 2779 3:
588 2713 723 2788 Scimus,
745 2715 889 2795 qnoniam
905 2733 1004 2794 'quae-

83 2815 203 2876 onuqne
225 2797 277 2858 lsx
299 2798 446 2876 loquitur,
481 2799 517 2856 iis
546 2801 596 2878 qui
619 2802 649 2858 in
671 2798 741 2879 lege
769 2807 841 2858 sunt
862 2799 1004 2878 loquitur.

83 2880 194 2956 Erunt,
226 2881 340 2960 inquit,
371 2882 401 2940 in
424 2881 522 2942 vobis.
573 2881 689 2956 Quibus
720 2881 830 2942 vobis?
863 2883 920 2941 nisi
953 2883 1004 2960 qui

84 2963 203 3024 Petrum
227 2962 355 3024 andiunt
375 2972 405 3024 at
433 2975 614 3046 agnoscunt.
657 2965 721 3024 Nos
746 2983 836 3045 ergo,
869 2967 919 3044 qui
949 2964 1005 3024 sub

85 3047 223 3108 Romana
244 3046 404 3126 Babylone
425 3067 545 3125 sumus,
568 3067 606 3108 aa
629 3047 721 3109 verba
738 3057 875 3128 tangunt,
896 3049 926 3107 in
950 3067 1004 3107 no-

86 3129 130 3188 bis
153 3129 270 3210 implsri
292 3137 429 3211 oportet,
461 3148 540 3211 quae
562 3131 689 3209 Daniel,
711 3130 865 3208 Christus,
889 3131 1005 3210 Petrus,

86 3212 206 3289 Paulus,
227 3213 328 3291 ludas,
350 3211 504 3275 Iohannes
525 3217 555 3274 iu
579 3216 677 3294 Apoo.
700 3215 927 3295 praedixerunt,

167 3296 273 3357 Falsas
295 3297 449 3358 Dostores
471 3317 573 3358 nonne
601 3301 663 3358 iam
693 3300 794 3359 multis
816 3299 902 3357 anuis
929 3298 1005 3376 pati·

88 3378 173 3439 mur?
204 3381 255 3458 qui
279 3381 432 3441 exstineto
455 3380 626 3460 Evangelio
648 3400 719 3441 suas
742 3382 919 3440 traditiones
947 3399 1004 3440 nos

89 3462 208 3526 donent.
251 3462 391 3524 Universi
406 3465 553 3545 episeopi,
575 3471 725 3546 pastores,
749 3464 884 3542 theologi
909 3464 1005 3523 notati

89 3555 156 3606 sunt
174 3546 224 3607 hia
247 3549 385 3627 egregie,
415 3566 543 3627 quorum
566 3549 702 3608 omniurn
727 3568 787 3607 una
807 3547 925 3605 insanin
949 3553 1006 3622 est,

90 3629 208 3690 deareta
231 3630 361 3692 Romani
382 3629 538 3692 Pontiflois
561 3631 698 3692 exaltare
720 3640 750 3690 et
766 3629 939 3690 homiuibus
961 3629 1003 3686 in-

91 3713 218 3775 ouloara.
270 3713 368 3790 Quam
403 3734 475 3777 varo
507 3714 687 3796 emphatiois
718 3720 749 3774 et
778 3712 877 3793 planis
906 3710 1004 3771 verbis
