2262 4006
129 217 132 224 ,
155 143 217 212 382
371 150 526 222 Romano
546 150 580 218 u.
598 152 633 219 u.
651 151 681 206 n.
701 151 737 206 au
754 153 854 209 rmum

154 311 233 368 ean.
277 303 364 380 Quae
385 307 466 366 enim
488 307 567 364 ratio
591 306 735 368 naturalis
758 325 820 371 uon
843 307 959 377 videat,
982 323 1072 384 quens

155 385 247 448 stulta
268 395 299 446 et
319 388 413 468 impia
436 395 467 448 et
488 389 657 468 praecipiat
687 397 718 450 et
739 389 831 450 iaciat
852 409 935 469 papa
956 390 987 451 in
1012 387 1071 466 pln-

154 471 237 531 rimis
259 472 349 532 etiam
373 472 439 530 siue
461 473 543 530 omni
566 471 693 551 specie?
715 472 756 532 Et
776 473 852 532 haec
875 481 975 535 tamen
991 489 1073 551 prae·

154 554 323 632 valuerunt,
346 553 425 614 adeo
449 564 481 614 ut
493 557 602 614 frustra
615 557 640 616 ei
653 557 809 616 resisteret
829 558 972 615 universa
982 554 1074 614 orse-

154 639 211 698 cia.
255 637 332 696 Nam
357 638 476 716 quoties
508 639 706 716 imperatores
736 657 859 717 quoque
881 637 1075 714 Germaniae,

154 721 274 802 quoties
296 720 347 780 alii
370 739 475 800 reges,
505 723 625 798 quoties
655 723 738 780 multi
769 723 926 801 episcopi,¹
953 720 1074 800 quoties

154 803 239 866 multi
262 801 334 863 boui
358 811 388 862 et
409 803 518 862 eruditi
542 805 594 863 viri
625 805 695 864 huia
718 814 854 864 monstro
877 801 1074 865 restiterunt?

153 885 214 950 Sed
237 905 344 946 omnes
368 886 452 961 victi,
476 888 616 966 oppressi
638 889 841 966 exstinctique
863 896 941 949 sunt.
987 885 1074 946 Prae-

154 969 249 1030 valuit
273 969 411 1048 operatio
435 971 554 1032 erroris.
599 970 686 1030 Unde
716 977 831 1030 tantum
864 970 921 1030 illis
951 969 1073 1028 inflatus

153 1065 199 1112 est
222 1056 351 1126 animus,
374 1060 406 1112 ut
428 1071 534 1112 secure
556 1055 705 1112 lactarent
726 1053 917 1113 formidinem
932 1056 989 1130 sui,
1014 1061 1073 1114 tau·

152 1154 243 1215 quam
267 1135 403 1196 Christus
425 1136 491 1216 ipse
514 1154 581 1196 cum
598 1133 648 1210 ‘eis
671 1137 831 1196 ecclesiam
862 1157 948 1196 suam
973 1135 1073 1199 defen-

152 1217 227 1278 dens
250 1226 394 1298 operatus
408 1219 512 1290 luerit.

234 1301 315 1362 Nota
337 1301 446 1380 loquor
467 1303 518 1379 iis,
540 1303 590 1380 qui
614 1301 754 1362 historias
779 1304 934 1381 legerunt,
957 1304 987 1360 in
1012 1302 1073 1380 qui-

152 1385 207 1444 bus
229 1385 306 1444 haec
328 1392 390 1445 tarn
414 1384 496 1444 clare
519 1383 671 1462 videntur,
701 1393 733 1446 ut
754 1386 888 1446 historici
911 1384 977 1446 ltali
1002 1385 1073 1444 nihil

152 1488 213 1528 uon
236 1469 265 1526 in
289 1467 410 1528 laudem
436 1465 590 1528 Pontificis
613 1467 744 1528 Romani
777 1461 983 1548 depravantes
1013 1466 1073 1526 foe·
1117 1504 1118 1515 κ

151 1551 337 1630 dissimeque
360 1550 518 1611 adulantes
556 1570 616 1611 non
644 1558 745 1612 tamen
776 1551 877 1612 celare
910 1553 1073 1630 potuerint,

151 1635 229 1696 adeo
253 1637 318 1714 ipse
341 1644 428 1694 tenor
451 1654 549 1694 rerum
574 1641 744 1714 gestarum,
773 1642 818 1696 tot
841 1635 1070 1696 mendaciorum

117 1732 120 1739 '
150 1720 226 1778 sucis
259 1725 290 1777 et
316 1717 525 1778 adulationum
554 1719 692 1778 versutiis
721 1737 774 1796 per
807 1718 874 1780 illos
906 1717 1070 1793 involutus,

151 1809 253 1862 tamen
267 1800 368 1881 prodit
382 1799 653 1878 abominationem,
675 1802 837 1880 palamque
851 1802 962 1880 arguit,
980 1801 1069 1860 etiam

151 1886 252 1945 invitis
283 1883 508 1961 adulatoribus,
547 1892 654 1944 contra
684 1883 884 1963 Evangelium
915 1903 1068 1964 pugnasse

150 1967 329 2045 Pontifices,
351 1985 418 2026 curn
441 1966 522 2027 aliud
546 1975 606 2028 non
620 1965 775 2027 obtineant
797 1967 936 2027 scelerati
959 1967 1001 2040 illi
1026 1987 1071 2046 sy·

151 2053 324 2132 cophautae
346 2053 408 2110 suis
432 2051 614 2128 mendaciis,
643 2069 734 2130 quarn
763 2069 873 2128 papam
896 2069 952 2129 pro
976 2049 1068 2109 eccle

149 2137 210 2212 sia,
238 2133 268 2194 id
291 2140 353 2213 est,
385 2153 441 2192 sua
464 2133 624 2213 tyrannide
646 2135 768 2212 egregie
790 2152 961 2219 pugnasse,
994 2133 1068 2192 frau-

150 2217 250 2295 dasse,
271 2219 419 2296 rapuisse,
442 2217 603 2294 occidisse,
626 2217 787 2288 caedibus,
811 2217 971 2296 sanguine,
993 2215 1068 2276 cala·

150 2303 254 2362 mitate
277 2302 381 2361 orbem
405 2299 580 2379 replevisse.
625 2297 711 2376 Quae
734 2317 898 2378 quamnou
922 2298 1067 2378 quadrent

150 2371 330 2463 Evangelio,
353 2393 507 2461 utcunque
529 2381 664 2457 Blandis,
687 2382 822 2460 Platinis,
844 2384 969 2462 suisque
992 2383 1066 2440 simi-

149 2469 228 2528 libus
250 2468 420 2545 laudentur,
442 2467 536 2546 stipes
559 2473 618 2534 est,
641 2466 691 2546 qui
714 2484 773 2526 uon
797 2465 955 2546 intelligat,
978 2484 1066 2544 quan-

148 2553 260 2612 tumvis
283 2554 375 2610 etiam
397 2547 552 2610 barbarus.
596 2549 660 2608 Pax
682 2550 761 2607 enim
786 2557 816 2608 et
839 2551 924 2627 pacis
938 2550 1066 2608 ministe-

148 2638 235 2713 rium,
258 2640 289 2693 et
310 2651 493 2693 cumrerum
506 2632 704 2710 spiritualium
719 2632 889 2712 pertinebat
903 2632 951 2691 vel
971 2633 1065 2710 primo

148 2718 259 2778 affectu
287 2717 325 2776 ad
349 2717 505 2776 Romanos
533 2713 706 2776 Pontifices.
761 2715 801 2774 At
837 2715 972 2774 historici
1003 2713 1065 2773 ltali

149 2819 203 2861 eos
239 2799 380 2877 laudant,
416 2798 497 2879 quod
532 2798 677 2879 imperia,
717 2817 826 2878 regna,
863 2799 1066 2877 episcopatus,

149 2884 275 2945 ducatus
303 2885 497 2961 vexaverint,
533 2882 653 2960 sibique
683 2902 737 2961 per
771 2882 829 2970 vim
862 2890 892 2940 et
920 2879 1065 2958 fraudem,

148 2987 205 3027 oen
225 2970 290 3026 iure
313 2967 430 3048 debita,
459 2967 647 3045 arripuerint.
697 2964 783 3024 Felix
804 2966 905 3042 itaque
930 2971 960 3023 et
982 2982 1064 3042 pros·

148 3071 202 3134 per
223 3052 279 3110 luit
298 3051 328 3108 in
352 3049 493 3110 omnibus
516 3048 722 3109 voluntatibus
743 3049 816 3124 suis,
838 3047 988 3127 reprobus
1010 3046 1065 3106 fac·

81 3163 86 3168 ·
148 3144 196 3195 tus
218 3135 300 3210 Deo,
321 3133 391 3194 ideo
414 3133 485 3192 lecit
505 3142 536 3191 et
557 3132 694 3211 implevit
716 3150 794 3210 quae
817 3131 929 3206 voluit,
960 3130 1065 3190 frustra

148 3218 288 3279 omnibus
309 3216 563 3296 repugnantibus,
588 3216 644 3293 piis
667 3217 752 3274 iuxta
775 3223 805 3274 et
826 3215 944 3294 impiis,
974 3213 1064 3272 sacris

148 3311 178 3361 et
198 3302 348 3380 profanis,
377 3299 501 3360 rudibus
530 3307 560 3357 et
588 3298 721 3358 eruditis.
764 3296 803 3358 Et
835 3297 994 3379 impletum
1023 3302 1064 3356 est

148 3385 230 3464 quod
253 3384 402 3462 sequitur:
