2258 4002
161 189 225 255 174
354 191 480 246 Assertio
499 205 573 245 omn.
593 193 669 247 artie.
689 189 717 245 u.
736 191 770 246 u.
787 189 817 246 i..
839 207 889 261 per

163 363 222 406 neo
243 345 445 406 assertoribus
476 362 582 404 eornm
609 346 749 405 iniuriam
773 345 868 424 fanto,
896 345 966 405 dnm
992 347 1076 407 verba

162 429 230 508 ipsa
257 429 407 509 apostoli,
439 435 502 488 tum
534 428 655 490 iliorum
687 429 828 509 proprias
859 435 890 488 et
918 431 1076 490 eontrarias

43 533 50 542 “
161 514 328 572 sententias
350 513 395 572 eis
416 511 601 592 praetulero.

244 592 352 655 [uiant
374 594 504 654 eandem
531 595 610 654 hano
641 595 823 654 sententiam
847 605 878 654 et
901 595 994 654 multa
1013 595 1077 656 alia.

162 677 293 737 Primum
318 677 359 754 id,
381 677 634 758 qnodapostolus
656 677 765 738 Roma.
791 679 838 739 12.
861 678 1010 760 praecipit
1030 681 1079 738 nti·

161 778 221 840 que
248 761 363 820 sanatis
385 770 416 821 et
438 760 613 840 baptisatis,
636 767 669 820 ut
689 767 876 819 renoventur
897 762 928 820 ιιι
951 762 1079 821 novitate

161 863 270 904 sensus
292 845 350 905 sui.
393 841 526 921 Etalibi,
550 846 578 909 2
591 843 725 904 Corinth.
744 845 780 904 4:
802 843 867 902 Etsi
888 844 925 920 is,
947 844 998 939 qni
1014 843 1079 904 foria

162 935 218 1006 est,
240 934 346 987 noster
365 926 460 987 homo
483 936 713 1024 oomumpatur,
742 936 845 986 tamen
868 927 911 1004 is,
934 927 987 1005 qui
1007 928 1079 987 intus

161 1017 223 1092 est,
253 1015 419 1070 renovatur
440 1010 478 1069 de
508 1008 614 1069 diem
637 1008 727 1069 diem.
772 1009 814 1068 At
835 1010 978 1069 renovari
1000 1016 1079 1071 este

162 1095 365 1154 vetustatem
388 1093 555 1154 novitatem
576 1093 693 1153 mutari
737 1091 880 1152 Vetustns
893 1101 994 1152 antem
1017 1111 1080 1172 peo-

161 1184 263 1236 eatum
284 1183 331 1236 est
353 1176 464 1236 veteris
486 1176 628 1254 hominis,
649 1177 728 1234 siout
750 1177 871 1235 novitas
893 1177 993 1254 gratia
1014 1179 1079 1236 novi

161 1259 303 1322 hominis.
345 1259 499 1319 Renovari
530 1277 605 1338 ergo
635 1259 736 1338 arguit
762 1260 864 1318 inesse
892 1265 1081 1336 vetustatem,

160 1344 239 1402 sieut
266 1361 369 1402 rursus
400 1342 473 1402 dieit
502 1341 570 1404 Ool.
593 1343 625 1405 3:
648 1341 851 1421 Expoiiantes
874 1350 1007 1401 veterem
1029 1342 1080 1404 ho·

162 1427 274 1486 minem
297 1445 365 1486 unm
394 1424 512 1485 sotibns
535 1425 607 1487 suis.
645 1423 685 1484 lu
707 1428 735 1486 1.
759 1423 830 1486 Gur.
853 1427 887 1487 5:
909 1423 1082 1506 Expurgate

161 1516 248 1569 vetus
270 1509 468 1587 fermentum,
500 1516 534 1567 ut
562 1509 627 1567 sitis
655 1507 737 1567 bona
767 1509 957 1588 conspersio.
1000 1507 1082 1583 Quae

160 1593 265 1652 omnia
286 1602 368 1652 eerte
390 1591 544 1652 affirmant
564 1591 714 1670 reliquum
733 1592 891 1650 vetustatis
914 1600 946 1650 et
967 1593 1082 1670 peceati

160 1676 190 1734 in
214 1675 303 1735 nobis
325 1693 404 1753 esse,
427 1674 509 1754 qnod
530 1674 704 1734 exuendum
726 1673 1024 1754 expurgandumque
1038 1675 1082 1750 sit,

160 1777 228 1818 eum
251 1759 290 1818 ad
313 1776 367 1818 eoa
390 1757 512 1835 scribat,
535 1759 584 1837 qni
607 1759 669 1816 ism
687 1767 773 1816 erant
797 1761 849 1831 (ut
871 1756 963 1838 dioit)
988 1759 1082 1837 azymi

160 1849 190 1901 et
210 1842 306 1902 oreati
326 1843 358 1900 in
381 1859 496 1901 novum
518 1841 673 1901 hominem
696 1839 862 1899 seeundum
886 1839 997 1902 Deum.
1116 1895 1117 1900 ,

242 1925 360 1985 Deinde
381 1923 548 2005 parabolae
570 1923 729 2002 Evangelii
751 1922 877 2002 pulehre
900 1923 961 1983 hne
975 1923 1083 2000 vatent,

162 2027 289 2088 quarum
312 2027 374 2068 una
394 2008 433 2067 de
455 2007 658 2084 Samaritano,
681 2007 733 2085 qui
755 2007 934 2066 semivivum
953 2025 1016 2066 non
1040 2025 1081 2066 su-

162 2092 225 2153 bito
236 2091 367 2167 sanavit,
379 2090 433 2151 sed
446 2089 584 2170 alligavit
595 2097 711 2149 tentum
721 2096 751 2149 et
759 2089 928 2149 sanandum
941 2091 1082 2169 suscepit,

160 2193 264 2235 nonne
288 2174 431 2252 ostendit,
453 2176 605 2232 nemiuem
629 2172 729 2232 subito
751 2172 789 2232 ab
813 2172 955 2233 omnibus
976 2192 1081 2253 peeea-

160 2259 198 2317 tis
222 2277 329 2317 sanum
352 2258 477 2336 fautum,
499 2257 554 2316 sed
575 2265 668 2336 paeto
690 2253 791 2315 fidei
782 2273 813 2314 ιιι
837 2273 950 2346 porpus
973 2257 1082 2316 Christi

160 2346 350 2421 assumptum
374 2341 412 2400 de
435 2340 513 2400 die'
505 2359 535 2398 ιιι
556 2339 639 2398 diem
659 2340 759 2419 magis
783 2315 907 2398 sanari?
1115 2395 1116 2404 ,

244 2425 349 2484 Altera
361 2424 466 2486 Matth
482 2425 520 2486 13
538 2422 601 2481 def
598 2429 739 2482 armento
761 2422 791 2480 in
804 2429 871 2482 sats
892 2421 1010 2482 farinae
1031 2423 1082 2480 ιιιι

161 2509 269 2586 mixto,
292 2508 392 2569 donee
412 2507 644 2589 fermentaretur
664 2513 781 2584 tutum,
809 2505 880 2585 quid
908 2505 991 2565 atiud
1016 2505 1080 2580 vuit,

161 2609 251 2671 quam
275 2591 426 2652 fermento
457 2607 541 2650 novo
566 2585 639 2648 fidei
670 2589 844 2648 fermentari
876 2607 938 2649 non
973 2587 1080 2664 subito,

161 2674 214 2734 sed
235 2675 382 2754 paulatim
405 2680 500 2734 totum
523 2671 699 2732 hominem?
728 2679 762 2731 ut
782 2671 859 2731 haee
881 2673 945 2732 vita
972 2689 1080 2751 eogno-

161 2765 264 2818 aestur
286 2776 346 2819 non
368 2775 438 2817 esse
451 2757 574 2837 institia,
596 2755 651 2816 sed
667 2754 851 2833 iustitioatio,
875 2773 938 2815 non
961 2757 1089 2830 sanitas,

162 2840 216 2901 sed
239 2843 369 2919 sanatio,
390 2859 451 2900 non
474 2839 553 2918 finis,
574 2839 628 2898 sed
641 2840 737 2920 phase
754 2838 887 2917 Domini,
908 2857 973 2899 uon
995 2847 1078 2934 terra,

161 2925 215 2984 sed
238 2926 396 3006 migratio,
428 2931 459 2984 et
479 2941 604 3019 prorsus
626 2923 771 2982 continua
792 2923 933 3002 purgatio
956 2921 1077 3002 pennati,

161 3015 191 3069 et
212 3009 355 3068 transitus
376 3009 415 3068 de
427 3008 578 3066 virtutem
593 3006 744 3082 virtutem,
764 3013 797 3065 ιιι
810 3005 1023 3067 douetPsalm.
1033 3004 1076 3079 84,

161 3101 192 3152 et
201 3091 429 3152 transformatio
442 3091 480 3150 de
493 3090 652 3149 olaritate'
644 3109 675 3148 in
686 3089 855 3149 claritatem
868 3088 929 3148 ad'
918 3090 1074 3169 imaginem

160 3175 281 3256 Christi,
304 3181 337 3235 at
357 3174 526 3255 Apostolus
549 3180 649 3234 vooat.
694 3173 824 3234 Attalis
846 3175 990 3232 transitus
1002 3176 1075 3231 uerte

160 3259 350 3337 manifestat,
373 3258 522 3337 reliquum
545 3275 615 3316 esse
635 3275 757 3336 semper
776 3265 953 3336 paeonium,
981 3273 997 3315 a
1020 3271 1073 3332 quo

160 3342 357 3420 reaedamus,
381 3349 414 3401 et
436 3341 475 3400 ad
496 3341 644 3400 maiorem
667 3341 810 3399 iustitiam
831 3339 1073 3420 propinquemus.

245 3425 284 3484 Et
310 3424 414 3486 lehun.
440 3425 489 3487 13.
514 3441 582 3482 uum
611 3424 792 3482 asseruisset
821 3423 989 3502 dissipatos
1013 3437 1074 3480 esse

162 3507 303 3588 mundos,
324 3513 427 3567 tamen
454 3506 530 3565 inira
552 3505 625 3564 dioit
649 3508 702 3585 15,
731 3524 766 3565 se
788 3523 856 3566 essa
878 3507 986 3580 vitem,
1013 3503 1074 3565 iilos

163 3588 318 3667 palmites,
347 3596 379 3650 et
404 3595 509 3648 tamen
538 3607 660 3648 omnem
687 3589 871 3650 ιιιιιιιιοιιιιιι
896 3589 993 3670 magis
1013 3605 1074 3668 pur·

164 3670 313 3748 gendum,
341 3678 373 3731 ιιι
399 3670 467 3751 plus
494 3670 663 3733 truetifioet.
710 3671 878 3748 Quomodo
906 3673 986 3732 eninr
1013 3675 1075 3730 sunt
