2258 4002
121 119 184 190 166
308 118 437 178 marro
455 136 531 178 omn.
551 120 630 176 artic¹
648 122 679 176 o.
698 118 735 178 li·
753 120 782 178 1.
799 136 849 194 par

123 278 171 340 cni
194 275 302 354 verbo,
324 275 407 358 quod
430 275 579 338 haetenus
602 295 620 338 s
643 275 838 338 scholasticis
859 274 1046 340 Ductoribus

122 357 161 424 ad
184 359 409 424 ecclesiasticos
426 379 547 446 semper
568 360 775 440 provocarim.
804 355 876 424 Non
899 360 982 422 enim
1005 359 1049 420 sic

122 443 161 504 ed
184 461 238 506 eos
259 443 445 524 provocavi,
469 451 501 504 ut
516 444 620 504 omnis
648 463 753 505 eornm
777 463 852 505 vers
873 442 1048 520 arbitrarer,

123 527 176 590 sed
200 525 282 608 quod
304 528 451 608 propiora
483 527 603 587 veritati
631 527 781 588 senserint
807 545 898 608 quarn
923 525 1048 588 Schola

124 611 202 688 stici,
224 611 275 691 qui
298 609 361 672 fere
383 609 455 672 nihii
478 610 541 670 veri
566 607 680 670 babent
696 610 858 690 reliquum,
880 617 913 670 ut
934 610 1048 671 sensim

123 693 300 757 odientem
323 695 422 774 ipsum
445 693 550 754 rivulis
572 692 753 754 ducentibus
767 694 951 756 veniremus.
975 693 1046 754 Pro·
1118 725 1119 732 2

124 777 208 838 bibet
230 777 310 838 enirn
335 777 532 858 Augustinus,
556 794 647 856 quem
663 795 785 857 semper
798 775 935 853 adhibui,
959 775 1049 836 uilius

124 867 322 922 tractatorum
336 858 559 940 quantumlibet
578 861 678 920 sancti
698 861 811 940 scripta
834 860 956 940 scriptis
977 878 1048 939 apo

125 943 275 1006 stolorum
298 950 329 1004 et
349 941 569 1023 prophetarum
593 945 728 1022 aequari,
753 943 783 1004 id
807 942 889 1022 quod
904 961 1050 1004 ‘commn-

125 1028 171 1088 nis
193 1045 316 1110 quoque
338 1032 465 1088 naturae
487 1031 596 1086 sensus
618 1025 769 1106 probibet.
791 1025 859 1087 Istis
873 1026 1049 1106 praemuni·
1119 998 1120 1088 i

127 1111 164 1171 tis
184 1109 223 1171 sd
246 1109 392 1172 articulos
415 1109 585 1188 veniamus,
608 1128 738 1190 quornm
1119 1109 1120 1122 ¹

496 1271 712 1356 Primus¹]:

168 1403 330 1464 Haeretica
351 1409 409 1483 est,
431 1402 484 1464 sed
515 1403 628 1465 usitata
655 1403 826 1479 sententia,
855 1408 1052 1462 sacramenta

168 1501 269 1548 norae
286 1486 363 1567 legis
385 1486 458 1548 dare
479 1488 608 1568 gratiam
622 1485 692 1570 iilis,
715 1487 766 1566 qni
778 1505 841 1548 non
854 1491 977 1567 ponunt
988 1483 1053 1546 obi-

169 1588 245 1631 cem.
1069 1620 1075 1628 .

209 1649 365 1734 Scriptura
389 1652 434 1713 sic
456 1651 529 1712 dicit
550 1651 658 1715 Roma.
685 1656 711 1715 1.
736 1650 873 1713 etAbac.
897 1653 927 1731 2,
939 1650 1051 1713 Ebrae.

130 1739 181 1802 10:
205 1736 305 1797 iustus
323 1751 363 1796 ex
385 1734 447 1795 tide
467 1753 524 1794 sna
544 1737 638 1798 vivet.
661 1727 730 1796 Non
754 1735 841 1796 dicit:
886 1735 988 1795 iustus
1011 1753 1051 1794 ex

128 1820 327 1882 sacramentis
350 1818 440 1880 vivet.
1050 1863 1056 1874 .

210 1903 305 1964 Marc.
326 1901 390 1962 sit:
412 1898 471 1978 Qui
485 1898 648 1961 crediderit
658 1908 689 1962 et
698 1899 868 1981 baptisatus
880 1900 980 1976 tuerit,
995 1900 1053 1960 sai·

130 2003 186 2046 vus
209 1987 273 2048 erit.
292 1983 351 2060 Qui
373 1989 473 2044 autem
496 2001 558 2044 non
582 1983 760 2066 crediderit,
783 1983 1052 2062 condemnabitur,

131 2071 222 2130 etiam
245 2069 271 2129 si
294 2068 507 2148 baptisaretur,
529 2083 629 2146 neque
651 2068 731 2128 enim
754 2066 925 2148 baptismus
942 2066 1053 2144 salvat,
1122 2141 1123 2144 Ἴ

130 2152 184 2213 sed
205 2150 283 2212 fides
305 2150 458 2232 baptismi.
1122 2153 1123 2184 ³

209 2235 300 2296 Rom.
323 2237 373 2299 10:
394 2232 496 2294 Corde
517 2231 650 2293 creditur
672 2231 712 2294 ad
734 2231 896 2309 iustitiam,
921 2247 986 2292 nun
1009 2231 1053 2292 di·

130 2319 186 2379 cit:
210 2318 350 2399 Corpore
371 2321 564 2378 sacramenta
585 2314 791 2396 suscipiuntur
812 2315 851 2376 ad
873 2315 1032 2376 iustitiam.

211 2402 320 2463 Roma.
342 2401 363 2462 4
395 2418 435 2460 ex
457 2398 534 2460 Oen.
558 2401 614 2462 15:
637 2397 774 2459 credidit
796 2398 952 2460 Abraham
976 2395 1055 2476 Deo,

131 2490 162 2546 ct
183 2489 360 2566 reputatum
378 2487 425 2544 est
445 2481 488 2542 illi
510 2477 550 2543 ad
571 2482 726 2545 iustitiam.
785 2490 791 2498 ’

484 2647 617 2708 Ratione
644 2647 704 2707 sio:

30 2841 33 2850 Δ
213 2775 293 2853 Quia
314 2776 344 2836 in
367 2776 451 2837 omni
473 2782 666 2838 sacramento
690 2782 737 2836 est
756 2773 1054 2855 verbumpromissi-

131 2861 199 2922 onis
222 2859 359 2938 divinae,
388 2858 471 2939 quod
493 2857 674 2920 affirmative
695 2859 846 2940 promittit
869 2866 900 2919 et
929 2857 1056 2920 exhibet

131 2943 260 3024 gratiam
283 2941 341 3003 Dei
355 2944 393 3022 ei,
407 2943 457 3022 qui
470 2941 597 3024 suscipit
607 2949 844 3008 sacramentum.
873 2939 1055 3022 Ubicunque

132 3032 234 3088 sutem
259 3025 343 3087 Deus
365 3025 530 3106 promittit,
557 3025 601 3087 ibi
627 3025 759 3106 exigitur
788 3023 865 3086 fides
887 3023 1053 3102 audientis,

132 3129 171 3170 ne
193 3109 292 3170 Deum
315 3108 409 3172 iaciat
432 3107 611 3170 mendacem
635 3128 691 3169 sus
706 3105 929 3170 incredulitate.
952 3107 1056 3185 Quare

131 3195 162 3254 in
184 3190 384 3254 sacramentis
400 3191 603 3273 suscipiendis
625 3192 801 3253 necessaria
821 3197 868 3252 est
891 3187 970 3252 fides
992 3211 1056 3252 sus·

135 3276 287 3356 cipicntis,
311 3293 390 3354 quae
408 3271 514 3336 credat
534 3273 576 3352 id,
599 3273 889 3355 quodpromittitur.
910 3271 963 3336 Sic
984 3273 1056 3355 bap·

133 3360 241 3418 tismus
264 3357 403 3420 daturin
426 3356 519 3417 verbo
546 3357 634 3419 istius
651 3357 879 3437 promissionis:
909 3356 970 3434 Qui
993 3375 1055 3418 cre·

191 3617 224 3684 1)
246 3619 278 3674 tn
296 3619 340 3674 cd.
356 3619 417 3674 ian.
452 3617 575 3676 additum
593 3619 709 3691 legitur:
727 3625 779 3678 sat.
