2250 4008
135 159 198 226 514
428 160 589 216 Commio
607 160 773 216 mineum
807 226 811 231 ¹

133 317 233 398 gratia
253 335 292 378 nc
314 313 438 379 damnet
460 317 609 399 prohibet.
639 313 712 377 Non
735 333 811 396 ergo
832 311 1057 396 nobis*),l)o

134 402 229 478 mine,
266 399 321 460 sed
349 403 467 462 nomini
494 413 547 462 tuo
576 403 616 461 da
642 400 780 480 gloriam.
824 398 894 460 Non
929 405 994 472 est,
1024 405 1056 456 ut

133 483 296 564 Sophistac
318 482 465 563 delirant,
499 485 615 545 nullum
646 490 824 563 peccatum,
859 489 922 541 tum
952 480 1054 540 iurene

134 561 1055 648 wmeMmmmmmmwffin

135 652 234 729 mitas,
256 651 310 711 sed
332 671 477 732 magnum
499 657 676 731 peccalum,
699 657 733 710 ut
754 649 834 711 Psal.
859 650 909 710 19.
928 647 960 724 Ι)
988 663 1055 724 qve·

134 735 208 794 ritur
230 733 353 794 dicens:
377 734 576 795 Emundabor
600 753 619 794 c
640 732 753 793 delicto
776 733 924 793 maximo.
969 730 1056 788 Absit

134 817 212 876 haec
232 817 331 897 gloria
354 825 460 879 nostra
480 818 512 878 in
536 819 595 876 istu
626 815 773 876 munditia
794 823 911 878 nostra.
955 811 1073 891 Capti·

135 919 208 960 vare
229 907 332 960 autern
355 901 443 977 dicit,
477 920 539 962 non
572 900 655 980 quod
683 899 846 980 spiritualis
876 897 1056 976 captivetur,

134 981 188 1044 scd
212 982 295 1062 quod
318 1003 359 1044 ex
391 991 478 1063 parte
509 986 629 1064 peccati
659 981 765 1060 est2),
794 981 868 1042 nihil
897 979 1058 1055 omittitur,

135 1084 196 1146 quo
224 1067 394 1146 captivetur
425 1067 608 1147 spiritualis,
631 1065 788 1144 quomodo
811 1067 880 1144 ipse
902 1061 1008 1123 Galat
1032 1067 1057 1122 l.

135 1151 219 1210 dicit:
251 1149 290 1208 m
313 1149 471 1210 vastabam
494 1150 656 1210 ecclesiam
679 1149 754 1227 Dei,
789 1167 858 1208 cum
890 1145 1057 1207 ecclesiam

136 1235 248 1292 vastari
270 1234 310 1293 sit
332 1233 532 1313 impossibile.
576 1231 638 1294 Sed
669 1231 742 1291 nihil
764 1230 941 1308 omittebat,
963 1246 1058 1308 quan·

136 1325 198 1377 tum
219 1316 251 1375 in
273 1335 312 1377 eo
335 1315 400 1394 luit,
423 1334 484 1395 quo
508 1323 688 1376 vastaretur.
724 1315 797 1374 ldeo
820 1332 882 1374 non
907 1313 985 1372 dicit
1001 1309 1058 1386 bic,

134 1407 285 1479 repugnat
306 1408 338 1460 et
359 1403 531 1479 captivatus
553 1418 637 1475 sum,
659 1400 810 1477 captivat,
832 1397 886 1456 sed
909 1413 973 1476 ego
997 1413 1057 1454 non

135 1483 285 1562 captivor.
328 1481 446 1557 Quodsi
469 1485 560 1543 etiam
582 1483 643 1543 boc
670 1481 818 1558 dixisset,
840 1484 969 1559 cogeret
993 1495 1057 1536 sen·

136 1565 231 1626 tentia
252 1565 433 1646 intelligere,
455 1565 557 1645 quoad
580 1583 718 1642 carnem,
747 1565 826 1625 sicut
847 1562 1058 1623 venundatum

136 1667 206 1710 sese
228 1647 314 1726 dixit,
337 1655 367 1710 ct
389 1649 543 1710 carnalem
566 1647 734 1708 secundum
756 1666 899 1725 carnem,
921 1647 966 1706 ita
990 1662 1059 1724 cap-

136 1733 232 1792 tivum
254 1750 323 1792 sese
337 1731 461 1807 dicati)
488 1732 655 1792 secundum
674 1749 808 1807 carneum
831 1727 964 1791 ethaeo
986 1727 1059 1788 milri

136 1812 331 1895 significatio,
352 1822 387 1875 ut
407 1815 586 1896 simplicior,
608 1816 707 1894 magis
727 1813 839 1894 placet.

219 1898 328 1958 lnlslix
351 1917 410 1979 ego
432 1898 536 1976 bomo,
558 1900 626 1978 quis
639 1895 780 1958 liberabit
796 1916 846 1957 me
866 1895 906 1956 de
927 1911 1059 1974 corpore

138 1982 243 2042 mortis
265 1981 376 2050 buius?¹
411 1982 469 2042 Hic
489 1990 651 2063 peccatum
674 1986 802 2041 mortem
824 1984 929 2058 vocat,
952 1977 983 2037 id
1006 1985 1060 2054 est,

138 2066 303 2125 maximam
341 2065 529 2145 molestiam,
563 2065 742 2145 figurative,
780 2062 952 2124 aemulatus
981 2057 1059 2119 xillud

138 2147 239 2208 Exod.
254 2152 303 2228 10,
326 2149 448 2228 quaudo
463 2149 581 2210 Pharao
603 2150 690 2229 petiit
710 2147 777 2209 tolli
795 2148 943 2223 locustas,
965 2143 1060 2205 Orate

138 2250 195 2312 pro
218 2251 267 2292 me
283 2231 324 2292 ad
336 2233 513 2310 Dominum,
535 2240 567 2293 ut
581 2232 700 2293 auferat
713 2250 732 2290 a
748 2249 797 2290 me
810 2235 941 2290 mortem
957 2228 1059 2287 istam

138 2314 343 2377 Odiosissimo
366 2318 445 2376 enim
470 2317 595 2376 nomina
616 2313 752 2396 appellat
772 2321 950 2393 peceatum,
980 2310 1059 2370 siout

139 2406 170 2460 et
192 2398 242 2459 ille
264 2398 414 2477 locustas,
438 2408 563 2480 propter
585 2401 793 2479 importunos,
816 2395 993 2477 improbos,
1017 2393 1060 2452 in·

139 2481 306 2544 cessabiles
328 2484 558 2562 indomitosque
579 2483 697 2543 furores
710 2482 785 2560 eius,
807 2499 863 2561 per
877 2497 955 2559 quos
968 2475 1059 2538 nobis

138 2567 169 2626 in
191 2567 251 2626 hac
272 2569 334 2628 vita
355 2586 417 2628 non
439 2568 585 2646 permittit
606 2584 714 2647 pacem
744 2564 873 2638 habere,
901 2561 956 2622 sed
986 2577 1060 2621 con·

139 2651 225 2712 tiuuo
253 2651 284 2708 in
320 2652 387 2711 acic
417 2659 498 2712 stare
528 2652 619 2730 cogit.
668 2648 734 2708 Nec
762 2649 841 2709 enim
864 2645 977 2706 Paulus
1000 2643 1062 2703 boc

140 2735 210 2794 loco
226 2732 345 2795 Latomi
368 2733 489 2795 habitus
512 2731 713 2794 dormitantes
735 2737 765 2792 et
782 2733 979 2811 quiescentes
1001 2727 1061 2787 lor·

140 2817 244 2880 midai.
287 2818 354 2879 Nec
374 2819 563 2897 Augustinus
585 2817 645 2878 boc
667 2815 786 2892 voluit,
809 2813 890 2895 quod
912 2812 1059 2872 [retornus

140 2902 169 2962 ei
190 2901 328 2980 imponit.
372 2900 485 2960 Verum
510 2908 556 2962 est
586 2897 727 2980 quidem,
756 2917 817 2960 non
847 2914 971 2977 semper
999 2913 1061 2955 una

140 2985 286 3066 passione
307 3005 365 3047 nos
386 2985 536 3065 insanire,
563 3004 624 3045 non
647 3001 769 3063 semper
794 2983 881 3046 ardet
899 2983 965 3058 ira,
997 2996 1058 3039 nou

140 3087 262 3150 semper
290 3065 363 3130 furit
388 3066 503 3146 libido,
535 3088 597 3130 non
630 3085 754 3146 semper
787 3072 909 3148 torquet
936 3061 1059 3139 invidia,

141 3152 195 3214 sed
223 3171 285 3213 una
311 3151 448 3213 succedit
481 3150 576 3213 alteri.
624 3151 664 3211 m
702 3151 824 3229 quando
855 3166 963 3211 omues
991 3146 1059 3208 dor·

142 3238 255 3316 minut,
287 3241 377 3318 tepor
404 3242 435 3295 et
462 3235 585 3313 ignavia
617 3253 679 3296 non
703 3235 878 3300 dormitant.
921 3232 1058 3309 Quodsi

142 3319 1058 3401 mmmmmmawwmQM.fflmmm

424 3452 561 3459 ..m-‚-

214 3525 246 3592 1)
267 3525 297 3577 In
327 3524 392 3578 edit.
420 3525 505 3592 orig.:
541 3523 584 3579 18.
630 3521 664 3591 2)
685 3514 716 3575 11'1
735 3521 799 3575 edit.
817 3521 893 3576 len:
922 3519 998 3590 qnod
1023 3535 1056 3573 cx

143 3595 437 3732 paterfudffiffifi
456 3597 504 3648 est.
543 3595 573 3660 3)
593 3594 716 3648 ibidem:
737 3593 809 3646 dicit.
