2258 4002
131 122 174 193 98
394 125 437 185 Da
455 123 541 196 capt.
556 126 652 196 Babyl.
669 126 810 185 nemin

75 309 81 330 ι
136 280 254 344 dooere.
299 280 348 342 An
380 287 502 360 oportet
526 281 674 361 populum
696 281 842 344 libertatis
864 280 1056 344 Christianae

134 362 327 444 rigidioribus
349 363 468 444 legibus
488 371 626 443 uberare,
648 384 740 443 quam
762 365 908 445 populum
932 365 1057 424 servitu-

133 447 171 507 tis
192 446 321 528 legatis?
344 446 383 508 m
405 455 438 508 ut
457 446 549 507 finem
560 448 670 508 faciam
692 449 818 513 istorum
841 447 1056 528 figmentorum

134 531 231 610 magis
266 548 357 609 quam
390 530 692 610 impedimentorum,
725 530 813 609 diuo,
845 531 917 592 mibi
956 531 1057 594 adbuo

132 613 248 674 nultum
277 632 425 692 apparere
454 613 722 693 impedimentum,
752 614 835 692 quod
864 623 1055 676 oontraotum

31 697 40 714 '
133 697 196 758 iure
214 696 344 776 dirimat,
366 697 423 758 nisi
436 698 646 776 impotentiam
659 697 895 776 eognosnendae
906 698 1057 776 ooniugia,

133 780 337 860 ignorantiam
359 781 418 838 iam
443 781 614 858 eontraoti,
629 787 660 839 st
681 789 785 842 votum
809 782 966 842 eastitatis.
1011 781 1058 845 De

135 870 208 927 voto
232 871 332 922 tamen
355 862 397 922 ita
419 881 485 922 sum
509 865 643 924 insertus
665 882 762 942 usque
782 863 890 940 hodie,
919 873 952 924 ut
972 865 1058 943 igno·

136 964 215 1022 rem,
249 963 309 1023 quo
339 951 477 1024 tempore
505 948 544 1006 sit
565 946 750 1006 censendum
773 947 893 1026 valere,
928 948 1007 1008 siout
1028 954 1060 1006 st

135 1028 312 1107 supradixi
341 1028 371 1088 iu
395 1029 535 1106 baptismi
562 1036 765 1096 sacramento.
808 1029 902 1093 Dieue
930 1049 1005 1110 ergo
1027 1031 1058 1090 in

36 1137 45 1146 s
138 1111 198 1170 hoo
231 1130 292 1174 uno
324 1113 533 1188 matrimonio,
564 1130 654 1190 quam
686 1113 846 1176 inselioiter
878 1120 909 1172 et
941 1113 1060 1193 perdite

136 1195 240 1254 omnia
266 1194 327 1254 sint
348 1195 490 1272 oont'uea,
519 1195 680 1274 impedita,
709 1197 825 1256 irretita
854 1202 885 1256 st
912 1196 1057 1275 perieulis

137 1275 275 1336 subiecta
296 1295 351 1355 per
364 1277 552 1356 pestilentes,
575 1279 716 1339 indoctas
737 1279 908 1358 impiasque
924 1278 1060 1341 traditio-

135 1379 190 1420 nes
211 1358 385 1437 homiuum,
407 1377 609 1440 quaeeunque
629 1362 660 1420 in
683 1363 815 1422 eeclesia
836 1370 998 1442 geruntur,
1028 1369 1064 1422 ut

136 1442 220 1502 nulia
241 1442 367 1502 remedii
388 1461 458 1521 spes
480 1445 529 1521 sit,
551 1446 608 1504 uisi
629 1452 776 1507 revocato
798 1444 946 1506 libertatis
969 1464 1061 1505 even·

136 1525 236 1606 gelio,
271 1524 437 1586 seeundum
470 1527 570 1606 ipsum
602 1528 760 1592 exstinutis
792 1528 887 1593 semel
919 1528 1062 1590 omnibus

137 1610 273 1670 omnium
294 1608 452 1670 hominum
474 1609 601 1690 tegibus,
624 1610 910 1676 omniaiudieemus
933 1620 1062 1691 strega-

137 1710 213 1754 mus.
257 1690 406 1770 Amen.1)

220 1774 267 1836 De
294 1775 475 1855 impotentia
500 1775 645 1858 itaqua2)
675 1795 768 1836 sexus
790 1776 968 1854 dicendum,
998 1794 1071 1855 quo·

138 1860 235 1940 possit
257 1858 374 1926 facilius
397 1857 514 1920 consuli
538 1860 713 1937 animabus,
734 1859 870 1939 perieulo
892 1860 1061 1920 laboranti·

138 1941 204 2002 bus.
245 1941 313 2003 Hoo
335 1948 437 2002 tamen
459 1944 645 2022 praemisso,
668 1943 751 2023 quud
774 1961 826 2020 ea,
848 1943 987 2024 quaeda
1009 1944 1065 2003 im·

138 2025 320 2105 pedimentis
345 2025 423 2100 dixi,
452 2026 533 2086 diota
554 2026 626 2087 volo
648 2035 719 2106 post
742 2028 965 2089 matrimonium
988 2045 1065 2086 aon-

137 2114 280 2180 traotum,
311 2127 350 2166 ne
378 2107 487 2168 talibus
510 2107 603 2168 ullum
637 2110 802 2172 dirimatur.
851 2107 994 2174 Ceterum
1024 2109 1065 2170 de

138 2189 348 2251 conuehendo
369 2190 499 2253 breviter
520 2192 659 2273 dixerim,
682 2193 764 2272 quod
777 2192 954 2274 supradixi,
978 2192 1065 2271 quod

138 2273 164 2332 ai
187 2280 293 2352 urgeat
314 2275 588 2353 amor-iuventutis,
609 2286 640 2336 et
660 2277 786 2356 quaevis
809 2276 870 2336 alie
884 2278 1065 2354 neeessitas,

138 2366 264 2437 propter
288 2374 379 2434 quam
403 2357 559 2436 dispensat
580 2379 676 2438 papa,
705 2358 861 2438 dispensat
884 2361 977 2420 etiam
1001 2360 1064 2438 qui·

139 2439 213 2503 libet
233 2440 326 2500 frater
347 2457 416 2500 eum
438 2442 546 2517 tratre,
567 2451 619 2502 aut
641 2443 708 2522 ipse
729 2461 798 2502 oum
820 2461 855 2502 se
868 2444 953 2523 ipso,
975 2451 1067 2521 rapta

139 2541 194 2604 per
220 2523 280 2582 hoo
308 2524 467 2585 eonsilium
497 2543 608 2604 uxore,
646 2527 684 2586 de
712 2545 804 2586 manu
834 2529 1065 2606 tyrannioarum

138 2605 241 2686 legum
265 2613 418 2686 uteunque
439 2609 558 2686 poterit.
606 2608 644 2670 Ut
666 2609 737 2688 quid
753 2611 832 2668 euim
856 2627 925 2668 mea
939 2608 1065 2670 libertas

141 2689 256 2750 tollitur
285 2689 386 2749 atiena
417 2692 633 2770 superstitione
655 2703 685 2752 et
715 2691 910 2772 ignorantia?
947 2693 1013 2752 Aut
1038 2691 1066 2750 ei

140 2790 197 2852 pro
219 2773 351 2851 pecunia
373 2793 453 2852 papa
475 2775 641 2855 dispensat,
664 2795 717 2836 our
739 2793 800 2836 uon
822 2777 890 2855 ipae
905 2794 962 2855 pro
978 2793 1067 2838 mese

144 2853 249 2916 salutis
273 2856 490 2917 commoditate
512 2877 630 2920 meeum
659 2866 712 2922 sut
732 2878 800 2919 oum
827 2861 919 2920 fratre
941 2859 1065 2938 dispen-

141 2936 229 2999 sem?
257 2936 367 2999 Statuit
390 2941 472 3019 Ieges
501 2942 606 3022 papa?
636 2943 693 3004 sibi
724 2943 851 3023 statuat,
882 2963 949 3006 meu
978 2941 1067 3002 salua

141 3020 292 3102 libertate,
314 3022 361 3083 vel
386 3025 505 3086 oooulte
528 3035 675 3106 surrepta.
719 3027 884 3090 Videamus
901 3029 1005 3106 itaque
1027 3023 1065 3086 de

141 3103 332 3184 impotentia.

226 3185 348 3263 Quaero
377 3207 480 3250 ossum
507 3191 673 3270 eiusmodi,
707 3196 732 3254 ai
765 3193 871 3256 mulier
903 3196 1066 3275 impotenti

142 3278 237 3352 nupta
259 3273 324 3332 viro
347 3290 405 3332 neo
426 3275 524 3351 possit
544 3294 601 3336 neo
625 3277 696 3340 vetit
717 3278 794 3340 forte
817 3286 866 3339 tot
883 3281 1064 3340 testimoniis

197 3451 227 3517 1)
249 3451 279 3502 In
299 3452 341 3506 ed.
359 3451 423 3506 Jeu.
442 3460 469 3505 et
488 3455 561 3509 Witt
584 3457 684 3510 desunt
707 3460 791 3512 verba
808 3461 873 3514 inda
891 3477 922 3516 a:
941 3417 1066 3532 Aeque

144 3529 374 3592 commentum
413 3531 481 3592 est,
517 3529 683 3596 usquead:
724 3547 894 3601 regamus.
948 3534 1063 3590 Amen.

144 3589 177 3660 2)
199 3589 282 3646 tutu:
301 3597 393 3647 etiam.
