2258 4002
248 168 358 225 Bullam
377 169 461 226 Leon.
480 171 513 227 x.
533 169 655 226 damnat.
675 183 700 226 a
720 169 800 229 1520.
923 171 987 241 165

147 325 215 388 Non
240 332 343 387 tamen
364 345 420 408 per
439 325 518 388 haec
539 327 653 390 sauobs
676 325 814 388 Patribus
837 328 910 390 volo
934 327 987 391 ds·

74 416 194 472 tractam
224 412 418 472 autoritatem
448 417 479 471 et
511 410 758 493 ingratitudinem
788 430 843 491 pro
872 411 986 474 sanctis

73 514 172 556 corum
194 493 348 555 laboribus
369 514 548 575 repensam,
579 495 634 556 sed
664 493 835 555 libertatem
863 497 986 576 spiritus

74 587 100 638 et
121 579 311 639 maiestatem
333 577 418 638 verbi
434 577 490 639 Dei
512 579 571 640 illis
585 579 802 658 praepositam,
817 580 876 640 siut
889 581 987 642 sancti

73 662 174 721 viriet
196 661 393 722 ecclesiarum
416 668 529 741 patres,
552 661 605 722 sed
627 662 766 722 homiues
789 670 819 722 et
836 663 986 743 apostolis
1010 725 1013 737 ,

72 752 157 824 atque
168 745 325 825 prophetis
340 746 484 825 impares,
497 746 645 806 ethorum
657 745 812 807 autoritati
825 763 885 807 nou
901 765 987 828 prae·

71 829 119 888 lati
140 847 199 888 neo
222 829 354 908 aequati,
377 828 432 888 sed
444 828 581 910 subiecti,
603 837 637 889 ut
653 847 729 908 quos
753 847 816 890 uon
839 831 897 910 ipsi
920 849 986 890 eru·

72 911 185 972 dierunt
206 918 260 971 aut
279 911 519 986 illustraverunt,
549 912 602 972 sed
626 931 645 972 a
667 911 776 991 quibus
797 913 856 992 ipsi
878 912 987 975 eruditi

72 1000 99 1054 et
117 994 255 1054 illustrati
271 1001 350 1070 sunt,
364 1001 480 1056 tantum
495 995 584 1058 nobis
598 994 742 1076 exemplo
755 996 824 1071 siut,
839 1002 872 1056 ut
884 1013 986 1076 quem·

73 1077 231 1138 admodum
254 1079 311 1159 ipsi
333 1077 363 1137 in
386 1078 481 1143 verbo
503 1079 560 1138 Dei
582 1097 638 1159 pro
662 1097 718 1138 suo
742 1083 881 1158 tempore
903 1078 987 1140 labo·

72 1168 217 1237 rorarunt,
233 1163 276 1221 ita
298 1168 328 1222 et
349 1180 405 1222 nos
428 1181 484 1242 pro
507 1167 613 1222 nostro
635 1161 741 1222 seculo
764 1162 795 1220 in
808 1160 918 1222 eodem
940 1161 984 1222 la·
1008 1209 1011 1219 ,

73 1243 217 1308 boremus.
239 1245 309 1306 Una
330 1253 376 1306 est
398 1246 496 1324 vinea,
519 1245 573 1305 sed
596 1243 708 1305 diversi
728 1244 915 1304 diversarum
933 1244 986 1305 ho-

15 1375 16 1378 ,
73 1347 167 1387 rarum
190 1329 339 1408 operarii,
363 1347 469 1389 omnes
493 1336 595 1389 tamen
616 1329 736 1408 inipso
757 1327 857 1403 vinea,
878 1346 940 1387 non
953 1329 985 1388 in

73 1411 192 1470 aaronita
214 1417 268 1471 aut
290 1411 393 1472 cultris
417 1411 625 1491 operariorum
648 1410 801 1472 laborant.
829 1409 909 1472 Satis
939 1416 986 1471 est

71 1514 86 1554 e
104 1493 241 1554 Patribus
263 1493 405 1555 didicisse
427 1495 564 1566 studium,
584 1501 614 1555 et
636 1494 824 1573 diligentiam
836 1495 867 1554 iu
885 1493 983 1574 Scrip-

15 1597 16 1600 ’
54 1577 139 1654 ,turis
160 1576 337 1658 laborandi,
359 1597 423 1638 non
446 1596 537 1638 omne
559 1596 637 1658 opus
658 1596 764 1638 eorum
787 1575 911 1656 probari
933 1597 986 1636 ue-

73 1679 152 1720 cesse
174 1665 230 1737 est,
253 1660 401 1739 siqnidem
425 1668 455 1720 et
477 1661 635 1741 diligentia
648 1659 784 1741 pluribus
799 1658 984 1739 quandoque

73 1762 128 1804 uon
150 1742 210 1818 dat,
234 1743 316 1823 quod
340 1742 455 1805 datrel
486 1745 536 1804 uni
568 1744 644 1806 sola¹
659 1744 795 1822 occasio,
819 1748 850 1803 et
877 1743 983 1804 nesoio

74 1845 146 1906 quae
156 1827 278 1906 spiritus
292 1826 608 1907 incomprehensibilis
620 1826 773 1907 impulsio.

148 1909 301 1991 Exemplo
320 1911 424 1990 itaquo
451 1909 481 1971 S.
504 1909 665 1986 Bernardi,
693 1911 718 1970 si
752 1908 783 1969 id
807 1909 984 1988 poterimus,

74 1993 167 2070 potius
190 2012 231 2053 ex
253 1992 339 2054 tonte
358 1995 427 2074 ipso
451 2011 541 2072 quam
571 2013 612 2054 ex
632 1993 738 2053 rivulis
761 1989 915 2067 bibamus,
939 1991 984 2054 sio

74 2075 146 2134 euim
169 2075 208 2136 de
229 2095 263 2136 se
286 2075 458 2152 confitetur,
481 2076 521 2138 ob
535 2076 565 2137 id
583 2094 645 2136 uou
657 2095 727 2136 raro
741 2073 879 2135 Patribus
897 2091 983 2135 sano·

73 2157 107 2217 tis
126 2159 264 2220 reluctari
287 2179 388 2222 ausus.
412 2159 535 2239 Alioqui
558 2160 582 2220 si
605 2157 803 2219 Pontificibus
832 2164 884 2217 aut
905 2158 985 2218 Doc-

74 2240 181 2302 toribus
204 2241 278 2302 solis
301 2241 455 2303 fidendum
479 2247 535 2322 est,
557 2261 615 2303 nec
636 2241 675 2303 ad
699 2241 873 2321 Scripturas
895 2239 984 2300 tribu·
1054 2238 1056 2242 ’

74 2324 116 2384 ual
148 2324 279 2386 vocandi
300 2333 384 2405 sunt,
410 2343 464 2386 cur
491 2345 553 2386 nou
585 2325 755 2406 Scripturas
784 2330 907 2384 sanctas
930 2342 984 2384 ex-

74 2407 228 2486 plodimus,
249 2415 394 2488 tanquam
417 2407 585 2488 superfluas
609 2415 640 2468 et
661 2407 870 2485 obscuriores,
892 2424 983 2485 quam

76 2496 103 2549 ut
123 2492 348 2576 easvpossimus
371 2491 541 2571 consequi?
563 2491 681 2553 Eodem
704 2488 847 2569 exemplo
861 2489 984 2550 tandem

78 2579 102 2632 ct
119 2573 220 2634 Patres
253 2573 283 2636 S.
304 2575 508 2656 repellamus,
530 2575 661 2656 receptis
685 2575 714 2634 iu
743 2574 845 2634 locum
878 2591 983 2634 eorum

78 2656 268 2735 apertioribus
294 2664 345 2727 (ut
365 2656 499 2740 iactant)
523 2657 675 2738 theologis
702 2655 909 2733 scholasticis,
932 2655 985 2717 do-

78 2757 125 2799 nec
141 2746 171 2801 et
191 2739 238 2800 his
261 2739 387 2802 abiectis
412 2741 608 2802 Aristotelem
639 2747 669 2800 et
691 2758 752 2819 quo
781 2740 911 2818 quisque
938 2757 983 2798 re

77 2823 176 2884 molior
196 2843 214 2882 a
236 2825 331 2884 sacris
359 2823 452 2885 literis
482 2835 512 2884 et
534 2823 564 2887 S.
586 2823 725 2884 Patribus
753 2820 859 2898 fuerit,
891 2820 983 2904 ducep

77 2903 242 2986 habeamus,
266 2907 344 2967 sicut
364 2923 474 2968 revera
493 2905 654 2968 habuimus
677 2913 705 2966 et
728 2904 884 2970 habemus.
906 2903 982 2964 Tum

16 3037 17 3054 ,
77 3007 171 3050 revera
193 2990 259 3065 erit,
270 2996 303 3050 ut
326 2988 496 3070 Scripturas
518 2997 641 3050 sanctas
672 3007 732 3048 uon
756 2987 854 3048 solum
878 2987 984 3066 spiritu

16 3089 17 3112 ἒ
77 3073 187 3151 proprio
211 3091 273 3133 non
296 3073 546 3152 interpretemur,
570 3072 623 3132 sed
647 3071 721 3130 nibil
748 3071 805 3130 uisi
828 3069 982 3150 proprium

15 3161 17 3184 ¹
78 3155 213 3233 spiritum,
237 3153 400 3235 scripturis
423 3157 562 3216 intotum
580 3155 755 3234 incognitis,
777 3153 982 3232 reliquumre·
1033 3197 1039 3209 .

15 3257 17 3268 ·
78 3238 214 3298 ducamus
238 3245 269 3298 et
291 3240 381 3299 meris
405 3239 583 3318 opinionum
614 3243 785 3299 nostrarum
815 3233 983 3296 turbinibus

78 3327 102 3380 et
119 3321 260 3400 procellis
283 3321 349 3382 sine
370 3321 431 3382 fine
454 3323 619 3403 agitemur,
642 3322 721 3384 sicut
741 3327 789 3380 est
809 3318 873 3378 dies
894 3317 982 3379 haec.

148 3403 230 3466 Haeo
251 3404 336 3466 volui
357 3405 387 3464 iu
411 3404 471 3464 hoo
493 3405 664 3484 protestari,
686 3421 726 3464 ne
741 3403 778 3479 ii,
802 3401 851 3481 qui
874 3400 904 3462 Β.
927 3399 983 3461 Pa·

78 3491 144 3545 trum
166 3487 276 3547 alicubi
299 3487 386 3548 dictis
409 3487 595 3549 suffarcinati
607 3491 805 3568 praesumunt
821 3484 980 3543 victoriam

15 3599 16 3634 3
80 3566 142 3645 sibi,
163 3588 230 3630 sese
252 3569 365 3649 aliquid
388 3570 497 3632 iecisse
519 3577 640 3652 putent,
663 3571 688 3630 si
707 3587 755 3630 me
786 3565 981 3626 adversatum

82 3649 269 3736 ostenderint,
290 3653 341 3714 vel
361 3654 450 3716 unius
473 3654 570 3720 Patris
592 3648 792 3716 ecclesiastici
815 3647 907 3712 unico
929 3647 981 3711 ali·
