2250 4008
310 146 434 200 Rationis
453 147 630 200 Latomianae
650 153 699 200 etc.
911 143 975 213 487

47 301 256 380 continentia,
279 308 315 362 et·
331 301 475 382 quidquid
495 302 689 382 naturalium,
711 301 883 380 moralium,
907 321 973 382 spe-

47 385 229 448 onlabilinns
254 392 300 445 est
321 385 488 462 bonorum,
523 387 552 446 in
585 387 693 464 qnibns
722 383 837 446 nullum
868 385 972 446 vitium

47 470 191 528 omnium
214 469 371 531 hominurn
402 471 572 529 communis
607 489 714 530 sensus
747 468 975 550 deprehendere

47 553 170 629 possit,
207 553 303 628 adeo,
343 559 375 612 nt
404 552 495 616 hodie
525 554 615 614 etiam
647 555 741 612 nostri
764 552 915 632 Theologi
938 571 975 612 ea

45 637 133 695 inter
167 635 248 696 bona
281 643 455 712 numerent,
490 635 563 695 nibil
602 635 660 696 illis
693 636 763 696 mali
798 635 975 710 tribuentes,

46 738 145 796 quam
171 719 252 798 quod
276 727 363 780 extra
385 721 514 798 gratiam
550 719 628 779 lacta
658 739 783 798 regnum
817 719 973 779 coelorum

45 819 115 860 non
139 809 329 878 mereantur,
361 822 479 862 rursum
520 801 632 862 tamen
654 821 712 862 nec
743 802 892 862 infernum
916 820 975 862 nec

47 905 196 963 poenam
213 891 403 956 mereantur,
427 887 523 966 parati
546 885 638 966 plane
660 905 815 962 asserere,
845 883 888 945 ea'
905 904 973 946 coe·

46 969 115 1028 lum
140 969 231 1030 etiam
255 970 362 1028 mereri
386 988 498 1049 posse,
523 969 580 1027 nisi
603 968 754 1047 quendam
777 967 913 1029 auditum
936 967 974 1028 de

45 1053 154 1131 gratia
175 1053 349 1112 necessaria
366 1054 591 1130 concepissent,
614 1071 674 1111 non
699 1053 778 1112 enim
801 1051 908 1112 deesse
930 1051 973 1111 eis

45 1135 221 1214 quidquam
246 1141 361 1216 putant,
384 1133 466 1214 qnod
479 1134 542 1194 Lex
564 1132 707 1212 requiret,
730 1135 782 1194 sed
800 1133 881 1214 qnod
904 1153 973 1214 gra-

44 1219 91 1278 tia
118 1219 234 1298 exigat,
256 1218 329 1298 Legi
352 1219 538 1278 satisfactum
562 1217 687 1296 docent,
711 1218 850 1278 sednon
874 1217 973 1278 Evan-

68 1300 146 1364 elic.

44 1321 67 1382 g
138 1383 263 1444 Addunt
285 1383 416 1462 denique
439 1391 524 1445 tanta
546 1403 615 1442 esse
638 1383 716 1444 haec
743 1383 834 1460 bona,
855 1391 888 1444 ut
909 1404 981 1466 gra.

46 1470 127 1528 tiam
151 1473 324 1528 mereantur
347 1466 384 1526 de
407 1485 545 1546 congruo
568 1475 598 1526 et
620 1465 833 1544 infallibiliter,
868 1475 898 1527 et
931 1467 975 1526 sio

46 1551 148 1631 plena
170 1550 251 1612 bona
273 1549 358 1626 fiant,
380 1551 405 1608 si
428 1569 488 1609 non
505 1551 629 1628 proprio
653 1552 772 1624 merito,
795 1557 896 1610 tamen
920 1570 974 1630 per

46 1636 212 1714 proprium
236 1633 384 1693 meritum.
435 1633 564 1692 Accedit
594 1633 655 1709 bis,
690 1632 772 1710 quod
794 1633 877 1693 Dens
907 1631 973 1713 ipse

46 1719 133 1778 baec
156 1735 216 1776 non
240 1721 333 1795 negat
355 1735 423 1774 esse
440 1715 532 1794 bona,
556 1715 633 1774 sicut
654 1735 761 1775 revera
783 1717 889 1798 negari
911 1735 972 1775 non

47 1807 194 1880 possunt,
217 1799 270 1860 sed
293 1807 465 1858 remunerat
489 1808 518 1856 et
542 1806 630 1858 ornat
642 1798 861 1879 temporalibus
884 1798 973 1859 bene-

47 1881 142 1961 ficiis,
164 1889 197 1943 ut
218 1884 330 1961 regnis,
355 1881 474 1960 opibus,
497 1881 605 1960 gloria,
626 1882 717 1959 fama,
741 1881 897 1964 dignitate,
920 1882 973 1942 ho·

48 1985 150 2042 nore,
173 1965 344 2046 voluptate,
369 1974 398 2024 et
419 1966 455 2024 iis
478 1964 642 2044 similibus,
677 1967 720 2024 ita
742 1971 857 2025 utnon
880 1967 973 2025 modo

49 2050 170 2130 speciei
193 2049 351 2129 propriae,
385 2047 438 2106 sed
462 2055 492 2106 et
513 2045 719 2108 retributionis
744 2048 865 2108 divinae
888 2067 973 2128 oper·

49 2131 157 2192 culum
181 2132 309 2192 accedat
334 2131 463 2190 naturali
487 2131 637 2207 caecitati,
660 2150 738 2210 qnae
760 2132 882 2210 ignorat
904 2151 973 2191 vere
1000 2159 1004 2178 ι

48 2215 153 2292 bona,
189 2221 222 2274 ut
253 2233 359 2274 secure
393 2215 451 2272 ista
484 2221 514 2272 et
534 2214 778 2294 pertinacissime
801 2213 883 2274 bona
905 2234 973 2274 esse

48 2296 239 2374 contendat,
269 2316 360 2378 super
386 2315 446 2374 qua
474 2315 506 2355 re
534 2297 726 2377 potissimum
749 2297 911 2378 prophetia
934 2297 973 2356 la·

49 2381 185 2456 boravit,
208 2388 238 2440 et
261 2400 367 2440 omnes
391 2379 561 2459 prophetae
578 2381 671 2440 occisi
690 2388 768 2455 sunt,
792 2379 873 2458 qnod
896 2381 974 2440 haec

50 2473 216 2546 carperent
251 2470 281 2525 et
314 2463 432 2522 veriora
463 2460 546 2522 bona
586 2464 754 2542 exigerent.
809 2464 974 2543 Prophetis
1043 2476 1045 2481 ·

50 2551 135 2608 enim
158 2545 232 2606 nibil
254 2545 337 2606 alind
360 2564 450 2624 quam
468 2545 626 2623 expolitio,
651 2553 680 2604 et
696 2551 708 2613 l
716 2553 747 2605 nt
764 2547 808 2606 sic
824 2545 970 2614 dixerim)

49 2631 158 2711 praxis
181 2636 212 2690 et
233 2628 398 2710 applicatio
422 2627 509 2707 Legis
531 2627 596 2703 init,
621 2647 683 2700 seu,
708 2628 789 2707 quod
812 2628 921 2688 dicitur
943 2630 973 2688 in

52 2713 265 2794 Syllogisrnis,
302 2711 509 2790 subsumptio,
543 2729 637 2789 quae,
661 2721 693 2772 ut
716 2710 874 2791 quodlibet
895 2731 973 2793 opus

51 2798 169 2857 bonnm
191 2795 349 2868 incideret,
373 2793 597 2874 pronunciaret,
621 2814 659 2854 an
684 2814 755 2854 vere
778 2795 896 2854 malove
923 2794 974 2855 bo·

52 2900 127 2940 num
152 2885 242 2942 esset.
287 2877 365 2937 Hinc
387 2875 482 2936 multa
503 2875 632 2956 legimus
654 2877 812 2958 reprobari
836 2878 865 2936 in
890 2877 973 2937 libris

53 2963 199 3043 antiquis,
222 2980 302 3042 quaa
325 2959 580 3040 obstupescimus.
615 2959 693 3022 Hinc
715 2957 976 3041 prohibuitDeus,

54 3067 93 3106 ne
116 3065 203 3105 suurn
227 3063 349 3104 sensum
375 3049 590 3121 sequerentur,
624 3043 676 3102 sed
709 3061 816 3103 vocem
841 3046 904 3103 eins
926 3063 975 3103 an·

55 3129 162 3190 dirent.
213 3127 287 3188 ldeo
318 3127 361 3186 sis
391 3144 511 3204 semper
540 3125 672 3205 providit
709 3127 890 3207 propbetas,
925 3127 975 3206 qui

54 3214 167 3292 Legem
190 3209 394 3291 practicarent
422 3208 451 3266 in
480 3208 527 3268 bis
558 3207 645 3268 bonis
680 3209 729 3290 (nt
760 3210 804 3268 sic
827 3207 973 3290 dixerim)

56 3295 192 3356 velutin
216 3291 364 3372 exemplis
390 3291 597 3369 monstrando,
622 3291 691 3370 qnid
715 3299 797 3351 esset
819 3291 891 3352 Lex.

138 3375 212 3438 Sola
232 3377 324 3456 igitur
345 3374 407 3433 Lex
433 3374 575 3450 ostendit,
598 3393 657 3433 non
682 3373 803 3453 quidem
827 3393 895 3434 csse
917 3373 976 3434 ista

57 3461 138 3524 mala
161 3480 215 3540 per
237 3479 280 3540 ss,
305 3477 373 3518 cum
397 3458 457 3517 sint
478 3456 559 3516 dona
582 3457 648 3534 Dei,
671 3455 724 3516 sed
748 3476 817 3517 esse
840 3458 868 3516 in
893 3457 974 3516 malo

58 3566 123 3623 usu,
147 3549 272 3623 propter
293 3540 427 3600 radicale
451 3539 524 3599 illud
546 3533 706 3620 peocstlrm
726 3540 974 3616 occultissimum,

59 3631 169 3711 quoin
193 3626 251 3690 illis
274 3622 479 3704 confidebant,
502 3622 675 3708 placebant,
698 3622 907 3708 gloriabantur
928 3624 972 3688 in-
