2252 4006
236 213 347 269 Bullam
365 214 451 269 Leon.
470 213 500 266 Χ.
521 213 642 268 damnat.
664 229 688 266 a.
713 213 790 270 1520.
912 207 977 278 229

46 365 179 446 arbitrii,
201 368 273 449 quid
295 387 370 449 ergo
393 367 519 430 liberum
543 367 698 429 arbitrium
722 373 769 429 est
789 367 847 428 uiui
873 385 923 428 rec
937 366 976 428 de

45 450 116 512 colo
143 451 257 512 titulo?
301 449 465 528 Quomodo
487 458 591 532 potest
611 471 680 512 eeae
701 450 740 512 ad
763 451 975 531 bouumprae-

44 553 173 614 parare,
195 554 264 595 cum
290 536 400 595 necin
423 541 578 616 potestate
601 536 656 612 sit,
689 554 761 595 auae
790 535 856 595 vias
877 532 976 594 malae

43 617 195 678 iacerei'
220 618 299 679 Nam
322 624 352 678 et
374 617 456 679 maia
479 636 573 696 opera
594 619 624 676 iu
647 617 748 698 impiis
763 616 847 678 Deua
869 634 976 698 opera-

43 698 157 775 ωτι),
182 707 215 760 ut
236 701 359 762 Prorer.
382 702 431 763 16.
454 699 544 760 dicit:
578 700 690 761 Omnia
722 706 847 780 propter
868 707 977 760 eemet

42 783 150 864 ipsum
175 789 319 864 operatua
344 784 563 862 eatDomioue,
585 785 675 845 etiam
700 783 826 863 impium
838 782 877 844 ed
894 782 975 844 diem

43 865 177 927 malum.
221 867 261 929 Et
282 867 371 928 Rom.
395 871 438 930 1.:
473 866 611 928 Tradidit
637 866 690 927 illo
714 867 797 926 Deua
820 866 850 927 io
873 884 976 946 repro-

42 948 119 1009 bum
144 968 287 1029 sensum,
308 957 343 1010 ut
363 949 486 1027 iaciant,
509 968 589 1029 quae
610 968 673 1010 nou
698 950 894 1010 conveniunt.
936 948 977 1009 Et

43 1035 87 1096 9.:
113 1031 219 1106 Quem
241 1033 306 1094 vult
326 1032 463 1112 indurat,
486 1034 571 1094 ouius
592 1032 658 1093 vuit
680 1034 847 1095 miteretur.
891 1031 977 1093 Sicut

43 1122 73 1174 et
95 1113 206 1178 Exod.
229 1119 257 1180 9.
281 1115 319 1176 de
341 1115 502 1176 Pharaone
524 1115 613 1175 dicit:
635 1115 670 1176 Iu
691 1115 752 1176 hoc
772 1116 873 1195 ipsum
896 1115 977 1176 exci-

45 1199 110 1257 tavi
135 1204 185 1274 te,
215 1206 251 1258 ‘ut
279 1199 440 1259 ostendam
474 1199 615 1259 virtutem
638 1217 738 1258 meam
766 1198 798 1259 iu
830 1205 877 1277 te,
904 1197 975 1258 ideo

44 1281 129 1340 euim
156 1287 205 1340 est
225 1281 365 1342 terribilia
386 1282 470 1342 Daue
491 1282 521 1341 in
541 1281 662 1342 iudiciis
684 1287 714 1342 et
736 1280 880 1360 operibus
902 1281 975 1344 suia.

131 1362 167 1424 Si
188 1383 293 1424 rursus
316 1364 459 1425 Proverb.
484 1367 549 1428 tc:
572 1364 713 1425 Hominis
731 1368 976 1444 estpraeparare

46 1462 110 1523 cor,
134 1446 263 1508 Domini
287 1455 389 1508 autem
411 1453 458 1508 eat
479 1446 650 1526 gubernare
672 1447 818 1527 linguam,
847 1447 908 1508 hoo
930 1453 977 1506 est

45 1529 144 1590 homo
169 1530 266 1590 muita
286 1530 367 1590 soiet
383 1548 569 1611 proponere,
592 1549 661 1590 cum
685 1537 787 1590 tamen
809 1528 889 1590 adeo
912 1548 975 1589 non

47 1612 107 1670 aiut
129 1612 162 1671 iu
189 1631 280 1673 mauu
304 1613 368 1672 eius
391 1631 487 1692 opere
508 1613 589 1690 eiua,
613 1618 646 1673 ut
667 1631 725 1674 neo
746 1612 841 1673 verba
861 1613 893 1672 in
915 1611 976 1673 hoo

47 1696 150 1774 ipsum
174 1695 288 1756 hebeat
308 1695 339 1754 iu
363 1701 516 1775 potestate
538 1715 603 1772 sua,
626 1701 753 1756 coactus
775 1694 903 1756 mirabili
917 1694 977 1755 Dei

48 1777 248 1856 providentia
269 1783 299 1838 et
320 1778 404 1856 loqui
426 1785 458 1838 et
476 1779 577 1840 iacere
599 1778 696 1856 alitor,
714 1796 805 1857 quam
818 1777 975 1858 cogitarit.

48 1859 133 1920 Sicut
159 1862 192 1921 iu
228 1861 354 1922 Balaam
391 1869 593 1922 monstratum
626 1869 689 1937 est,
721 1861 812 1922 Num.
840 1862 889 1924 24.
936 1859 977 1920 Et

49 1942 150 2002 Peaim
177 1943 305 2018 139.²):
327 1943 396 2004 Non
426 1952 473 2004 eat
501 1961 602 2004 sermo
629 1945 660 2004 iu
689 1943 793 2024 lingua
816 1962 893 2005 mea.
936 1942 977 2003 ut

50 2025 160 2086 ciariue
184 2025 264 2086 infra
284 2025 428 2088 Proverb.
452 2029 507 2092 16:
531 2026 592 2087 Gor
611 2027 745 2088 hominia
763 2026 879 2106 cogitat
893 2026 974 2086 viam

50 2127 136 2168 auam
149 2109 342 2170 etDomious
364 2108 467 2190 dirigit
488 2127 612 2191 gressus
634 2128 718 2187 auos,
742 2127 816 2170 ecce
838 2127 901 2170 uon
919 2109 975 2169 rio

51 2198 82 2250 ut
110 2190 209 2253 homo
239 2194 370 2273 cogitat,
399 2194 449 2254 via
471 2193 536 2253 eius
559 2191 715 2272 procedit,
737 2191 792 2252 aed
814 2191 893 2252 sicut
914 2191 975 2252 Do·

52 2274 150 2334 miuus
182 2275 319 2353 ordinat,
352 2275 424 2336 ideo
447 2281 477 2334 et
497 2276 546 2338 21.
569 2273 656 2336 dicit:
693 2274 779 2336 Sicut
796 2273 975 2342 ,divisiones

54 2375 211 2436 aquarum,
231 2358 276 2417 ita
298 2358 351 2418 c'or
371 2359 453 2438 regie
474 2358 505 2418 in
528 2377 619 2418 manu
639 2357 773 2437 Domini,
792 2374 978 2437 quocunque

53 2439 192 2514 voluerit,
214 2438 373 2501 inclinabit
393 2439 478 2502 illud.
522 2439 580 2500 Ubi
609 2459 684 2521 ergo
708 2447 755 2501 est
781 2440 909 2502 liberum
931 2459 976 2500 ar·

54 2521 195 2583 bitrium‘?
217 2521 398 2603 figmentum
420 2527 468 2584 eet
488 2524 622 2608 penitus.

132 2605 238 2684 Atque
260 2607 285 2666 ai
307 2605 464 2686 Scriptura
495 2624 556 2667 uon
581 2606 707 2667 doceret
728 2606 822 2685 haec,
854 2603 977 2665 abunde

56 2705 92 2747 ex
112 2688 258 2749 omnibus
285 2689 420 2749 historiis
452 2689 712 2750 tauctoritatem
737 2688 923 2749 disceremus
946 2691 978 2747 et

57 2772 264 2850 uuuaquieque
291 2789 329 2832 ex
364 2773 426 2832 vita
458 2790 514 2832 cua
535 2771 670 2852 propria.
714 2770 789 2848 Quis
812 2771 892 2831 enim
921 2777 978 2847 eat,

58 2854 103 2932 qui
125 2855 234 2915 omnia
255 2871 334 2933 quae
355 2854 452 2915 votuit
474 2852 598 2915 effecit?
640 2853 705 2915 imo
729 2855 797 2933 quie
818 2852 860 2928 id,
895 2851 977 2933 quod

60 2937 204 3015 cogitavit
224 2936 336 3014 iacere,
358 2954 421 2997 nou
443 2936 566 3018 saepius
589 2936 649 2997 alia
671 2937 774 2998 atatim
789 2935 979 3016 cogitatione

60 3019 194 3094 mutavit,
227 3019 368 3080 nesciens
390 3037 451 3098 quo
481 3019 576 3080 modo
598 3018 748 3080 mutarit?
790 3017 866 3095 Quia
888 3017 980 3079 audet

62 3119 178 3182 negare,
202 3119 235 3161 ae
257 3103 352 3163 etiam
374 3103 404 3161 iu
428 3102 515 3162 maiia
538 3100 681 3183 operibus
696 3102 819 3181 saepius
837 3107 979 3164 coactum

62 3183 134 3244 aliud
157 3182 259 3245 facere
290 3202 380 3263 quam
411 3185 579 3264 cogitavit?
623 3184 670 3244 An
693 3203 755 3246 non
778 3191 869 3264 putas
890 3183 978 3244 huiut

62 3265 162 3327 Rudiae
185 3276 308 3328 autores
330 3269 361 3327 io
386 3286 423 3326 eo
455 3266 549 3328 fuisse
571 3267 643 3328 totis
674 3275 704 3328 et
734 3267 861 3328 summis
894 3264 979 3325 liberi

66 3348 172 3409 arbitrii
196 3348 326 3429 viribus,
359 3356 390 3409 ut
411 3367 467 3430 pro
501 3368 534 3408 se
562 3356 671 3409 contra
691 3349 854 3411 liutherum
875 3347 980 3428 loque

67 3431 187 3493 rantur?
229 3431 269 3492 lit
290 3451 374 3510 ecce,
396 3450 487 3511 quam
509 3450 571 3493 uon
594 3432 683 3493 suerit
705 3434 736 3492 iu
774 3449 881 3492 eorum
903 3429 979 3492 arbi·

66 3515 114 3575 trio
141 3514 219 3576 haec
249 3516 397 3596 cogitatio
421 3525 451 3575 et
473 3516 623 3595 operatio,
646 3515 749 3590 omnia
771 3513 850 3574 euim
873 3518 980 3574 contra

70 3635 478 3657 *m

111 3694 138 3762 1)
156 3693 189 3747 ln
207 3693 249 3748 ed.
268 3693 343 3747 dem:
361 3694 441 3765 regit.
477 3692 511 3760 2)
531 3692 563 3746 iu
583 3691 624 3748 ed.
646 3693 732 3764 origo
750 3687 811 3747 124.
