2252 4006
256 183 364 238 Bullsrn
384 183 467 240 Leom
488 181 519 237 il.
540 144 706 236 damnata.
727 177 807 238 1520.
876 185 881 198 '
934 174 997 242 2¹le

48 335 179 400 divina
200 337 372 418 Scriptura,
400 335 456 398 ssd
479 337 525 396 sic
555 339 675 398 vastata
694 353 750 414 per
778 293 915 396 noenum
935 321 997 392 lla·

73 419 325 495 buchodonosor,
348 427 380 480 ut
400 437 458 481 neo
480 418 633 480 literarum
655 417 750 480 facies
772 423 803 477 et
824 416 932 477 notitia
954 435 998 476 rs·

71 501 158 581 lique
179 505 228 579 sit,
250 521 389 584 opusque
413 505 451 562 sit
474 501 563 564 nobis
585 500 720 581 quodam
740 499 847 578 Esdrs,
870 500 923 578 qui
945 517 998 558 no·

70 605 126 647 vas
151 587 255 646 literas
277 587 412 646 inveniat
433 591 463 646 et
484 584 586 645 denuo
609 583 697 645 nobis
716 583 844 644 Bibliam
867 587 997 662 reparet,

69 668 156 747 quod
180 688 272 749 spero
294 688 376 730 nunc
398 669 462 748 geri
490 665 752 728 efflorescentibus
781 667 810 725 in
834 670 900 726 toto
923 664 998 725 orbe

68 751 186 832 linguis
211 752 342 816 libraica
364 761 394 818 et
415 750 546 834 Graeca,
568 751 678 815 Amen.

298 921 536 984 Tricesimus
564 922 770 1003 septimus:

132 1056 349 1138 Purgatorinm
373 1076 433 1118 non
457 1065 558 1137 potest
585 1055 707 1138 probari
730 1077 767 1117 ex
791 1074 878 1117 sacra
900 1053 997 1133 Scrip-

138 1149 218 1217 tura,
240 1159 319 1220 quae
342 1142 381 1200 sit
401 1142 430 1200 in
454 1141 591 1202 Oenone.

157 1255 238 1318 Satis
264 1256 391 1319 ridicule
418 1257 581 1338 Sophistae
612 1259 642 1318 in
678 1259 736 1319 bac
769 1277 803 1319 re
836 1263 998 1337 nugantur,

67 1337 263 1401 adducentes
284 1340 359 1400 illud
380 1340 569 1414 Psal771t:
591 1341 800 1402 Transivimus
819 1359 873 1422 per
895 1341 997 1420 ignem

67 1428 98 1480 et
122 1440 248 1501 aquam,
270 1429 300 1482 et
322 1423 453 1484 eduxisti
469 1444 526 1484 nos
546 1426 577 1486 in
595 1425 790 1505 refrigerium.
825 1423 893 1484 Non
917 1424 997 1482 enim

70 1510 195 1565 tantum
217 1504 333 1566 hebent
353 1507 468 1568 cerebri
499 1517 529 1568 et
558 1508 702 1569 solertiae
722 1516 776 1568 aut
803 1506 999 1586 cogitamine,

71 1593 106 1648 ut
129 1588 267 1663 videant,
289 1589 314 1648 si
336 1589 396 1649 hoo
418 1590 455 1650 de
478 1591 654 1671 purgatorio
677 1589 789 1650 dietum
813 1597 868 1665 est,
892 1607 998 1648 omues

69 1677 224 1751 martyres
247 1677 406 1751 totamque
428 1673 590 1734 ecclesiam
613 1675 642 1733 in
665 1673 874 1753 purgatorium
896 1673 998 1748 ivisse,

72 1771 146 1812 cum
175 1755 207 1812 in
243 1772 373 1833 persona
407 1762 573 1836 martyrum
601 1759 633 1818 et
661 1756 795 1816 omnium
818 1753 999 1817 afflictorum

71 1834 156 1896 baec
179 1836 332 1913 dicantur,
362 1857 419 1918 pro
448 1839 557 1918 quibus
581 1839 704 1919 ipsimet
731 1839 831 1899 sciunt
860 1837 999 1898 iniuriam

72 1937 145 1978 esse
168 1938 266 1981 orare.
309 1920 433 1981 Talibus
460 1923 540 1982 enim
563 1921 778 1983 autoritatibus
800 1920 921 2000 stupida
943 1921 1000 1979 ista

74 2002 183 2080 capita
205 2001 306 2063 solent
339 2023 395 2065 sua
424 2003 570 2083 probare,
604 2004 702 2065 solum
735 2013 766 2064 ut
795 2023 940 2064 nauseam
970 2008 1001 2062 et

74 2083 341 2146 abominationem
364 2087 478 2146 iaciant
500 2090 556 2168 piis
578 2086 742 2167 spiritibus.

157 2166 233 2227 Tale
265 2177 295 2229 et
325 2168 398 2228 illud
426 2170 448 2232 l.
478 2170 613 2231 Corinth.
637 2173 672 2235 3:
711 2169 820 2230 Salvus
847 2171 914 2248 ipse
944 2167 999 2227 erit

72 2250 165 2327 quasi
187 2251 383 2330 perignem,
412 2269 479 2311 oum
502 2252 662 2332 apostolus
683 2251 725 2312 ibi
748 2251 785 2312 de
807 2253 878 2331 igne
899 2250 1001 2310 iudicii

71 2331 239 2411 loquatur,
271 2333 375 2392 dicens
403 2333 487 2394 diem
502 2335 625 2395 Domini
647 2336 676 2395 in
699 2337 771 2414 igne
792 2333 999 2395 revelandum.

71 2413 161 2476 Sicut
183 2422 213 2474 et
234 2416 264 2477 2.
287 2415 422 2480 Thessal.
445 2415 469 2478 1.
490 2416 578 2480 dicit:
612 2417 763 2478 Christum
786 2417 824 2476 de
845 2416 933 2476 coelo
957 2435 999 2474 re-

72 2495 240 2557 velandum
264 2517 332 2558 oum
356 2498 475 2579 angelis
486 2501 603 2561 virtutis
625 2519 701 2562 suae
722 2498 889 2560 inflamma
911 2499 999 2577 ignis,

70 2579 242 2640 vindictam
265 2583 413 2642 sumentis
425 2581 463 2642 de
484 2583 531 2660 iis,
554 2585 604 2661 qui
627 2602 688 2643 non
703 2582 896 2643 crediderunt
911 2599 999 2640 evan·

71 2661 167 2742 gelio.
212 2661 243 2722 Si
267 2682 340 2743 ergo
362 2664 409 2724 his
432 2670 462 2723 et
485 2665 632 2726 similibus
666 2665 741 2725 locis
764 2663 910 2745 probatur
933 2684 1000 2742 pur-

72 2745 240 2825 gatorium,
262 2765 334 2806 vere
346 2765 385 2806 ex
404 2745 560 2828 Scriptura
577 2747 766 2829 probabitur,
790 2765 914 2828 prorsus
938 2746 999 2806 oul-

72 2827 136 2888 lum
161 2846 231 2888 esse
252 2831 471 2908 purgatorium.

159 2908 260 2972 Unum
283 2911 385 2972 locum
413 2911 528 2973 babent
549 2931 575 2972 c.
603 2914 632 2976 2.
655 2911 815 2975 Machabs.
839 2913 886 2976 12.
909 2912 1000 2971 usita-

73 2991 204 3067 tum2),
236 3011 326 3072 quem
349 2993 457 3056 librum
481 2994 558 3070 dixi,
591 2996 670 3056 siout
697 2995 797 3056 adhuc
820 2995 904 3071 dico,
937 3013 997 3052 non

74 3095 144 3136 esse
172 3076 202 3135 in
231 3076 290 3136 hac
319 3095 354 3138 re
376 3076 466 3138 ullius
489 3078 676 3152 autoritatis,
703 3096 771 3137 cnm
795 3077 867 3138 nihil
891 3076 999 3150 simile,

75 3177 177 3238 neque
199 3159 228 3218 in
252 3177 346 3237 novo,
368 3177 468 3238 neque
489 3162 518 3220 in
543 3163 636 3222 veteri
650 3159 848 3221 Testamento
870 3161 998 3238 legatur.

158 3240 199 3302 tn
221 3259 300 3321 quae
315 3244 483 3304 necessitas
495 3250 551 3318 eet,
573 3262 629 3323 pro
645 3244 821 3324 purgatorio
835 3244 879 3302 sic
891 3241 998 3303 tumul·

74 3323 174 3384 tueri?
207 3325 264 3384 nisi
287 3323 368 3404 quod
392 3326 542 3406 papistiea
564 3324 696 3387 ecclesia
716 3327 801 3386 lucro
823 3344 880 3386 suo
905 3326 998 3399 timet,

75 3405 158 3485 qnod
182 3406 406 3468 inaestimabile
431 3407 523 3469 trabit
544 3425 583 3468 ex
606 3407 806 3488 purgatorio?
836 3407 898 3469 Suo
920 3407 999 3485 quis·

129 3673 162 3739 1)
184 3671 217 3726 ln
237 3672 278 3727 sd.
298 3674 381 3743 erip:
402 3672 444 3729 tt.
475 3673 507 3740 2)
528 3672 647 3728 ibidem:
667 3675 816 3726 visitatum.
