2258 4002
120 179 182 250 196
312 185 435 240 tuentio
456 202 533 242 omn.
552 187 630 240 utic.
648 183 683 239 D.
704 187 737 238 tt.
758 185 785 240 1..
804 201 854 254 per

390 339 557 416 Quartus
579 317 770 400 decimus:

180 479 288 540 Nullus
321 478 412 541 debet
446 479 598 540 secerdoti
633 478 837 559 respondere,
873 497 941 538 sese
974 495 1039 536 esse
1122 474 1123 540 t

181 563 357 641 contritum,
378 580 436 622 nec
457 563 602 624 sacerdos
625 563 788 641 requirere.

199 677 268 740 Hoc
294 679 365 740 ideo
395 679 473 757 dixi,
510 681 581 759 quis
608 681 639 739 in
666 679 779 739 iudicio
807 679 862 737 Dei
890 677 969 736 hoec
996 695 1042 735 res

116 763 268 823 consistit.
321 762 403 825 Dicit
436 766 516 822 enim
551 763 662 823 Psutus
689 761 711 824 l.
735 761 871 822 Corinth.
893 761 928 820 4:
963 757 1041 818 Nihil

119 845 192 906 mihi
215 847 357 906 conscius
379 865 456 922 snm,
479 846 614 907 sednon
637 845 739 906 inhoc
762 843 943 904 iustificetus
967 859 1043 916 sum,

119 936 150 989 et
172 931 225 993 10:
247 927 316 988 Non
340 929 391 1007 qui
413 947 447 987 se
462 929 562 1009 ipsum
585 928 796 1006 commendat,
823 926 875 986 itte
897 925 1044 1006 probatus
1123 935 1124 998 ξ

118 1016 174 1074 est.
213 1010 253 1070 Et
273 1009 410 1093 suprs‘)
435 1011 547 1072 dictum
571 1015 633 1071 est:
658 1011 775 1070 Delicta
794 1013 862 1090 quis
879 1006 1042 1085 inteiligit?

119 1093 151 1154 si
174 1111 247 1173 ergo
271 1093 395 1153 deberet
417 1094 509 1154 homo
522 1093 710 1174 respondere
732 1113 765 1153 se
788 1112 856 1152 esse
870 1091 1045 1169 contritum,

119 1184 281 1256 cogeretur
301 1176 340 1236 sd
362 1176 422 1236 hoc
442 1178 648 1258 impossibile,
671 1186 704 1236 ut
725 1176 836 1236 delicta
859 1194 918 1234 sus
939 1172 1042 1233 intetti·

119 1267 222 1340 geret‚
253 1265 339 1319 etse
367 1261 466 1338 ipsum
497 1259 674 1320 iustificsret
703 1259 913 1338 reprobaret.
958 1255 1049 1315 Nunc

121 1351 222 1402 sutem
245 1344 275 1401 in
299 1343 507 1403 misericordia
531 1344 585 1402 Dei
604 1346 693 1402 situm
717 1351 773 1415 est,
797 1340 1047 1421 qunecontritio-

120 1443 188 1484 nem
211 1433 336 1504 propter
357 1423 609 1506 fldemscceptst,
631 1425 806 1505 ignoscens,
829 1425 881 1485 ubi
896 1422 1048 1483 nonestis

99 1501 217 1569 'fuerit
261 1507 311 1568 Sic
333 1508 412 1567 euim
436 1508 512 1568 tides
533 1511 638 1587 faciet,
662 1519 693 1567 nt
715 1510 875 1585 contritio,
905 1524 987 1585 quae
1010 1505 1049 1563 de

120 1609 154 1650 se
175 1585 258 1650 nulls
281 1598 328 1650 est
348 1593 437 1674 sotis,
459 1612 497 1652 ns
520 1594 663 1653 contritio
686 1590 807 1670 quidem
821 1589 871 1672 ¹),
893 1607 951 1669 pro
976 1606 1048 1649 con-

119 1673 241 1734 tritione
274 1681 439 1754 reputetur.
482 1674 552 1735 Non
586 1677 665 1734 enim
699 1673 861 1751 contritio,
891 1672 946 1732 sed
970 1667 1048 1730 fides

28 1762 36 1770 ‘
122 1762 280 1836 reputetur
301 1755 341 1817 sd
362 1757 524 1831 iustitiam,
546 1757 635 1818 Rom.
657 1759 686 1819 4.

201 1837 244 1903 At
266 1839 315 1899 isti
337 1839 515 1900 seductores
538 1839 610 1900 dete
632 1859 727 1920 opere
748 1840 854 1899 volunt
873 1856 930 1897 nos
953 1855 1050 1916 super

121 1927 258 1983 nostrum
286 1940 364 2003 opus
392 1923 555 1984 aedificare
578 1933 608 1983 et
639 1925 676 1983 sd
700 1921 892 1982 mendacium
923 1938 1050 1999 cogere.
1126 1951 1127 1982 1

121 2003 197 2065 Cum
221 2006 302 2066 enim
331 2025 421 2066 nemo
453 2025 508 2066 sus
534 2015 663 2086 peccata
690 2013 856 2084 agnoscat,
886 2001 1049 2083 quomodo

121 2096 313 2168 potestesse
341 2107 412 2148 vere
441 2091 604 2150 contritum
633 2087 791 2149 asserere?
822 2088 905 2147 tmo·
923 2105 995 2145 cum
1016 2085 1049 2144 in

122 2172 221 2250 primo
244 2171 372 2231 articulo
396 2171 507 2232 dictum
531 2174 586 2249 sit,
608 2191 715 2232 omnes
738 2171 869 2232 Sanctos
893 2169 997 2229 adhuc
1017 2170 1050 2227 in

121 2270 214 2313 cerne
235 2271 364 2333 peccare
387 2262 416 2314 et
438 2264 567 2336 peccato
591 2257 720 2330 servire,
751 2257 842 2314 tutius
864 2253 957 2312 fuerit
980 2270 1050 2311 cum
1127 2245 1128 2266 ¹

121 2335 286 2410 Devid”)
311 2335 425 2397 dicere:
448 2337 517 2398 Non
533 2340 627 2398 intres
644 2339 673 2398 in
697 2337 840 2397 iudicium
864 2355 933 2396 oum
958 2351 1050 2394 servo

122 2425 191 2498 tuo,
215 2419 357 2498 Domine,
380 2430 410 2480 et
432 2418 569 2480 confiteri
592 2439 708 2480 senon
731 2439 799 2480 esse
822 2419 913 2498 digne
937 2417 1050 2478 contri-

124 2509 186 2562 tum
209 2520 246 2563 sc
268 2521 324 2583 pro
347 2503 407 2564 hoc
433 2505 500 2584 ipso
529 2522 667 2584 gemere,
701 2503 783 2582 quod
807 2506 970 2563 resistente
992 2501 1050 2560 sibi

120 2584 191 2665 legs
213 2587 332 2666 peccati
353 2589 382 2647 in
407 2587 548 2646 membris
584 2589 699 2646 conteri
730 2588 820 2666 digne
854 2605 914 2644 non
938 2585 1050 2665 possit,

123 2675 156 2729 ut
178 2668 216 2728 sd
246 2668 472 2730 misericordiae
494 2671 728 2750 promissionem
750 2667 917 2751 perfidem
941 2668 1018 2729 conf
1037 2701 1050 2713 ·

122 2751 201 2832 gisi,
235 2757 265 2812 et
297 2751 357 2812 hec
383 2754 451 2833 ipse
472 2751 532 2812 tide
554 2755 712 2834 impetret,
748 2751 829 2832 quod
863 2753 1049 2812 contritione

84 2871 88 2876 ·
122 2835 287 2914 impetrare
308 2854 369 2895 non
391 2843 502 2916 potest.

204 2916 300 2996 Igitur
328 2917 418 2978 tidem
451 2921 553 2999 potins
586 2918 731 2979 sacerdos
761 2919 880 2997 exigat,
916 2925 948 2977 et
970 2918 1049 2977 hunc

122 3008 240 3060 asseret
260 3004 422 3080 poenitens
445 3003 590 3062 fficendo:
614 3002 681 3082 Ego
705 3000 807 3080 credo,
829 2999 920 3063 fidem
945 3008 1047 3060 sutem

124 3085 292 3144 certissimo
314 3087 426 3145 sentire
448 3092 550 3164 potest
572 3087 601 3145 in
625 3085 732 3162 corde,
754 3086 778 3144 si
802 3103 868 3144 enm
890 3083 997 3162 habet,
1019 3091 1049 3142 ut

124 3168 312 3247 Augustinus
336 3168 417 3244 dicit,
438 3175 469 3227 et
489 3167 602 3228 Penius
624 3169 653 3230 2.
669 3167 805 3227 Corinth.
828 3167 894 3230 ult:
918 3165 1047 3226 Vosmet

123 3252 208 3330 ipsos
231 3257 356 3324 tentate,
379 3252 407 3310 si·
429 3252 501 3311 estis
525 3253 553 3309 in
578 3250 648 3327 fide,
670 3253 728 3330 ipsi
752 3269 806 3309 vos
829 3249 970 3329 probate.
1000 3249 1045 3308 An

124 3351 186 3392 non
209 3334 395 3412 cognoscitis
420 3339 538 3393 vosmet
550 3332 656 3413 ipsos?
679 3335 750 3413 quis
767 3332 903 3393 Christus
916 3333 1002 3393 lesus
1018 3333 1046 3391 in

134 3503 334 3512 ..κως-...ηψ-
346 3505 443 3514 ...u-...n
463 3505 469 3512 .
485 3505 488 3512 ι
503 3505 507 3512 ι
525 3505 529 3512 .

182 3600 210 3662 ⁸)
229 3601 332 3658 Psctm.
350 3603 393 3658 19.
425 3602 471 3668 ³³⁸)
490 3602 592 3656 Psstm.
612 3602 672 3658 143.

181 3670 213 3737 1)
232 3669 263 3724 In
283 3673 325 3729 sd.
336 3673 397 3727 ten.
415 3673 515 3727 desunt
531 3675 600 3727 hsce
611 3675 710 3728 verbs:
731 3689 765 3726 ne
786 3671 1049 3743 contritisquidem.
