2262 4006
312 184 454 239 Ambrosii
474 183 584 237 Gathar.
604 198 628 236 a.
648 167 744 240 loct(
900 179 961 244 381

35 337 91 396 sed
116 338 258 398 omnibus
281 340 499 400 conscientiam
530 339 601 398 facit
629 316 961 417 satisfaciendi,'qnod

34 439 104 479 cum
131 439 223 483 nemo
246 441 309 482 non
331 421 423 482 iaciat
446 424 567 498 invitus,
590 422 708 500 cogitur
728 421 785 480 hac
807 423 955 502 sacrilega

35 504 107 582 lege
130 511 163 564 et
184 523 313 566 errones
335 508 524 566 conscientia
545 507 575 564 in
600 522 691 563 unum
710 505 961 566 convenientibus
1049 550 1053 562 .

35 588 102 646 sins
143 589 367 650 intermissione
410 607 549 668 peccare.
603 587 721 648 Deinde
752 607 809 647 nec
843 588 960 667 legibus

35 671 129 728 etiam
160 673 384 733 satisfactiones
417 671 538 751 alligat,
573 673 651 730 sicut
685 671 899 730 eucharistiam
931 681 961 731 et

34 754 283 833 confessionem,
307 755 362 815 sed
385 756 474 814 meris
497 757 558 813 suis
582 753 770 831 libidinibus,
794 765 824 812 et
847 756 957 814 scrinio

33 839 173 915 pectoris
195 839 241 898 sni
264 839 505 916 mendacissimi,
535 847 649 897 tantum
679 840 757 896 enim
781 837 961 916 satisfacies,

33 919 139 999 dabis,
162 923 301 1001 patieris,
324 930 468 1002 quantum
493 920 542 980 ille
564 928 595 980 et
616 922 661 979 sui
690 921 835 980 satellites
858 923 963 982 volent

35 1011 87 1063 aut
111 1006 253 1084 pecuniis
276 1013 376 1085 egent.
419 1007 520 1084 Atque
534 1007 577 1064 ita
597 1005 627 1063 in
641 1006 834 1063 conscientiis
851 1023 962 1064 vexan-

34 1086 79 1145 dis
102 1087 157 1146 hic
179 1107 260 1147 merc
284 1088 359 1148 ludit
380 1099 482 1162 satan,
511 1105 566 1167 pro
590 1089 673 1147 omni
696 1106 753 1146 sua
774 1088 888 1147 malitia
910 1109 961 1146 ex·

34 1169 161 1251 pienda.
207 1171 349 1231 Vindicat
369 1171 418 1230 hic
440 1173 582 1230 victorias
597 1179 771 1250 martyrum,
795 1179 824 1229 et
846 1178 962 1250 pugnat

35 1273 103 1313 cum
136 1256 255 1314 semine
282 1275 405 1330 eorum,
434 1255 484 1333 qui
513 1273 582 1313 eum
611 1255 649 1313 de
678 1253 767 1314 coelo
797 1255 961 1329 eiecerunt,

36 1337 155 1396 habens
179 1338 253 1397 iram
278 1357 431 1416 magnam,
454 1343 487 1397 ut
506 1337 536 1396 in
550 1337 768 1417 Apocalyp.*)
795 1338 890 1396 visum
907 1345 962 1397 ast.

35 1420 113 1480 lram
139 1421 219 1480 hanc
242 1441 384 1500 magnam
408 1422 451 1480 sic
474 1420 586 1500 explet,
612 1429 642 1479 ut
656 1420 769 1480 nostris
787 1419 961 1500 perditioni-

37 1505 91 1562 bus
124 1504 210 1564 ludst
238 1511 267 1564 et
296 1503 407 1583 rideat,
439 1523 494 1563 ceu
524 1505 552 1562 in
584 1523 615 1562 re
648 1504 908 1582 contemptissima
932 1511 962 1563 et

36 1587 176 1647 ridicula.
220 1587 246 1647 Ο
269 1606 326 1649 nos
349 1595 509 1647 stertentes
532 1587 841 1664 intempestivissime.

119 1669 213 1745 Quod
236 1673 261 1729 si
284 1690 364 1750 papa
387 1671 464 1730 haec
486 1671 590 1729 omnia
604 1667 739 1752 liberal)
764 1671 961 1749 permitteret,
1000 1733 1006 1744 ,

39 1773 93 1813 nec
117 1753 324 1813 conscientias
346 1753 542 1833 illaquearet,
571 1751 644 1812 nihil
668 1754 787 1832 peccati
810 1760 842 1812 et
864 1753 961 1832 perdi-

40 1838 129 1896 tionis
155 1844 340 1915 operaretur.
377 1837 424 1896 ‘Ar
455 1837 514 1897 hoc
542 1838 571 1895 in
594 1837 679 1915 regni
703 1837 810 1896 laciosi
841 1838 962 1895 vastita-

41 1934 97 1979 tem
123 1931 279 2000 vergeret,
313 1919 381 1980 ideo
413 1921 514 2000 potius
547 1919 721 1998 perdendus
753 1925 800 1979 est
823 1918 962 1996 mundus,

41 2023 129 2082 quam
157 2010 190 2062 ut
211 2022 337 2085 regnum
361 2004 425 2063 eius
448 2013 562 2084 pereat.
606 2001 656 2062 Sic
679 2003 782 2080 vides,
805 2002 961 2082 quomodo

41 2087 179 2146 Christus
201 2096 248 2146 est
270 2095 358 2147 sutor
375 2087 521 2162 iustitiae,
544 2105 693 2165 nusquam
718 2105 836 2164 ponens
854 2085 963 2165 legam,

42 2177 202 2249 peccatum
226 2178 255 2229 et
286 2170 507 2250 perditionem,
534 2168 588 2228 sed
610 2169 649 2230 ab
671 2171 725 2248 iis,
760 2189 840 2250 quae
862 2171 963 2250 posita

44 2261 120 2328 sunt,
147 2271 262 2312 vocans
285 2259 316 2314 et
336 2253 478 2314 liberans.
521 2251 605 2332 Pspa
627 2262 716 2312 antor
738 2256 872 2334 peccati,
903 2254 964 2312 nbi-

44 2356 99 2414 que
123 2355 243 2415 ponens
267 2336 383 2418 legem,
407 2344 531 2396 vastans
554 2336 697 2396 iustitiam
721 2344 751 2394 et
772 2336 911 2414 salntem,
935 2343 965 2395 et

45 2423 69 2478 in
93 2439 129 2478 ea
163 2439 269 2480 omues
300 2439 411 2500 urgens
442 2434 479 2480 ac
504 2418 689 2499 propellens.
738 2419 796 2478 Hic
824 2430 870 2478 est
902 2438 963 2479 non

44 2509 177 2581 sanctus,
199 2503 252 2562 scd
275 2505 494 2579 sanctissimus,
518 2522 579 2563 non
603 2505 739 2564 minister
761 2503 886 2582 Christi,
910 2502 963 2563 sed

45 2587 174 2726 poariup
197 2585 323 2662 Christi,
347 2605 408 2650 uon
431 2589 543 2664 socius,
565 2587 617 2647 sed
637 2590 777 2668 princeps
796 2596 962 2666 pastorum.

72 2688 106 2726 ae
130 2670 153 2728 ti
177 2670 195 2730 i.

427 2837 583 2917 Sequitur:

210 2954 255 3016 its
277 2957 588 3036 prosperabitur,
612 2965 648 3015 et
670 2957 798 3018 faciet.

127 3083 279 3143 Videlicet
299 3103 353 3163 per
379 3083 473 3144 facies
505 3097 533 3142 et
561 3087 804 3166 propositiones,
835 3109 901 3148 cum
926 3092 965 3150 sit

52 3165 115 3224 nihil
140 3169 293 3246 potentins
324 3167 362 3226 ad
389 3167 554 3228 fallendum
577 3176 608 3228 et
643 3169 830 3248 perdendum
862 3174 966 3252 specie

51 3249 173 3326 pietatis,
197 3252 373 3330 praesertim
399 3253 521 3310 nomine
545 3253 600 3312 Dei
631 3252 855 3314 commendata.
900 3255 965 3316 Nec

53 3333 91 3390 sic
111 3340 211 3392 tamen
235 3334 424 3412 profecisset,
448 3337 504 3395 nisi
523 3344 651 3396 satanae
674 3337 901 3415 operationibus
916 3339 966 3398 ad-

53 3418 124 3474 iutus
148 3417 269 3497 luisset,
299 3415 458 3478 deserente
484 3419 628 3480 nrnndum
653 3418 718 3478 Deo
747 3431 873 3500 propter
896 3441 966 3501 pec·

18 3639 20 3645 ·
102 3619 129 3676 ‘l
151 3617 240 3686 Apoc.
263 3619 302 3673 12.

104 3690 130 3758 t)
150 3689 181 3744 ln
200 3689 242 3744 sd.
262 3689 335 3744 lan:
353 3689 448 3744 libare.
