2254 4008
369 173 404 230 D.
422 173 457 228 ll.
475 173 558 230 Lnth.
576 173 761 232 Praelndluru.
974 170 1028 238 '75

1 325 2 384 l
102 328 194 392 vitae.
241 330 344 410 Atque
371 329 395 388 si
418 329 501 390 nulla
524 329 585 392 alis
607 338 688 392 esset
709 349 804 392 oauaa
824 328 933 393 eadem
955 335 1028 393 vota

1 455 2 464 t
100 411 242 489 tollendi,
266 415 344 475 haee
367 433 428 475 una
449 414 523 475 satis
546 413 672 476 baberet
693 414 848 495 ponderis,
869 413 950 493 quod
974 432 1029 492 per

1 515 2 520 ¹
97 495 169 574 ipsa
192 496 264 557 fidei
287 505 318 558 et
338 497 491 576 baptismo
519 497 699 574 detrahitur,
734 504 763 558 et
791 516 887 578 opera
914 498 1029 577 magni·

1 634 2 656 2
97 577 243 655 linantur,
266 600 345 660 qnae
367 582 434 641 sine
457 580 792 663 peruioiemagnilioari
815 601 875 642 non
890 587 1055 660 possunt‚‘

96 681 171 722 nam
195 666 275 724 inter
295 663 391 724 multa
413 665 507 726 millis
528 667 581 726 vix
599 672 646 726 est
667 685 755 741 unus,
778 665 907 744 quinon
932 666 1029 742 tnagis

97 765 199 826 opera
219 748 250 807 in
272 747 471 826 religionibus
494 750 639 828 suspioiat
661 768 752 827 quarn
775 747 882 822 fidem,
905 766 965 826 qus
987 750 1029 807 in·

1 883 2 910 Ξ
95 831 188 891 sauia
211 838 240 890 et
264 851 333 891 sese
354 837 460 892 mutuo
489 833 664 912 praeferunt
695 838 840 911 tanquam
863 832 1029 892 strictiores

1 933 2 996 j
96 919 127 972 et
151 913 299 994 laxiores,
322 921 354 974 ut
376 923 497 977 vocant.

1 999 2 1006 ’
185 995 288 1072 Quare
312 1017 370 1076 ego
394 999 467 1058 nulli
498 997 629 1074 suades,
657 998 720 1060 imo
751 997 891 1058 omnibus
915 996 1030 1058 dissue-

95 1077 158 1139 deo
184 1081 356 1160 ingressum
380 1083 588 1161 ouiusonnque
603 1081 760 1160 religionis
783 1087 835 1141 aut
856 1080 1030 1157 sacerdotii,

96 1163 157 1222 nisi
177 1165 217 1223 sit
239 1183 276 1224 ea
298 1165 426 1226 seientia
447 1165 671 1244 praemunitus,
693 1171 727 1225 ut
747 1165 911 1244 intelliget,
935 1182 1030 1242 opera

1 1279 2 1284 κ
96 1247 328 1323 quantumlibet
350 1267 438 1308 saera
466 1255 497 1308 et
518 1247 613 1308 ardua
634 1247 847 1326 religiosorum
877 1254 907 1307 et
927 1265 1028 1307 saeer-

96 1326 208 1390 dotum
231 1331 260 1389 in
285 1330 381 1390 oeulis
404 1331 462 1392 Dei
485 1349 609 1410 prorsus
637 1332 710 1391 nihil
733 1331 846 1392 distare
870 1330 908 1391 ab
932 1331 1029 1409 operi·

1 1459 2 1462 ,
95 1411 157 1471 bus
181 1413 284 1473 rustici
308 1415 337 1472 in
361 1433 436 1494 agro
461 1414 638 1489 laborantis,
661 1421 714 1476 aut
736 1415 870 1474 mulieris
892 1413 1028 1473 indomo

1 1487 2 1500 ¹
98 1514 160 1555 sua
183 1497 335 1572 curantia,
365 1497 419 1557 sed
442 1497 509 1558 sola
530 1496 590 1558 fide
613 1499 717 1558 omnia
745 1497 826 1577 apud
855 1517 923 1557 eum
948 1513 1029 1556 rnen-

96 1580 209 1651 surari,
233 1580 312 1638 siout
332 1579 449 1640 Ieremi.
475 1585 503 1644 b.
528 1579 614 1641 dioit:
644 1581 793 1659 Domine,
817 1580 897 1641 oouli
920 1581 962 1639 tui
984 1598 1029 1639 re-

96 1662 236 1740 spioiunt
256 1661 364 1741 lidem3
387 1664 490 1725 anle.
509 1664 563 1727 32:
586 1664 619 1724 ln
642 1665 725 1724 omni
748 1683 841 1743 opere
863 1670 915 1723 tuo
938 1662 1030 1723 orede

1 1807 2 1814 χ
96 1764 139 1804 ex
171 1743 231 1805 fide
261 1747 383 1807 animae
416 1753 501 1826 tuae,
534 1747 613 1806 baeo
644 1748 725 1807 enirn
759 1752 805 1806 est
836 1747 1028 1808 oonservatio

1 1895 2 1898 Ἴ
96 1827 318 1888 mandatorum
346 1831 414 1892 Dei.
463 1829 528 1890 Iuno
558 1829 743 1906 frequentius
774 1831 968 1908 contingere,
997 1835 1031 1888 ut

98 1912 220 1990 gratius
243 1912 282 1971 sit
303 1913 433 1974 ancillae
446 1919 498 1974 aut
510 1915 589 1973 servi
602 1912 804 1974 domesticum
816 1919 848 1972 et
869 1910 927 1972 vile
941 1931 1028 1990 opus,

97 2012 193 2072 quarn
218 1996 322 2055 omnia
343 1997 457 2056 ieiunia
479 2003 511 2055 et
531 2015 625 2075 opera
647 1997 782 2076 religiosi
806 1995 1028 2068 etsaeerdotis‚

1 2099 2 2142 1
97 2077 141 2136 ob
165 2075 235 2136 lldei
266 2077 428 2141 dolentum.
472 2078 550 2140 (lum
580 2099 653 2159 ergo
681 2078 842 2159 probabile
871 2081 926 2154 sit,
957 2085 1029 2140 vota

96 2158 195 2220 hodie
217 2179 279 2220 non
302 2161 360 2221 nisi
383 2162 421 2222 ad
445 2181 569 2242 operum
592 2162 695 2224 valere
711 2164 886 2222 iactantiam
901 2167 931 2220 et
944 2179 1029 2240 prae-

97 2244 319 2323 sumptionem‚
343 2245 538 2305 metuendum
561 2251 617 2321 est,
639 2263 789 2324 nusquam
802 2246 900 2306 minus
920 2243 1029 2304 deiide

1 2325 2 2330 ’
97 2330 131 2384 et
154 2325 289 2393 ecelesia
311 2347 380 2388 esse
402 2347 493 2407 quam
515 2330 545 2388 in
568 2327 795 2402 sacerdotibus,
819 2327 976 2388 monaobis
999 2333 1030 2389 et

98 2409 267 2488 episeopis,
290 2416 321 2470 et
342 2429 396 2471 eos
418 2412 503 2490 ipsos
515 2429 583 2471 esse
594 2431 702 2472 revera
723 2410 853 2490 gentiles
866 2429 919 2470 seu
932 2410 1028 2489 hypo·

100 2492 204 2566 oritas,
228 2493 280 2571 qui
302 2513 336 2553 se
359 2494 520 2554 ecelesiam
543 2500 596 2554 aut
617 2513 671 2556 oor
693 2494 854 2570 ecelesias,
875 2494 947 2552 ilem
963 2493 1028 2571 spi·

99 2573 228 2634 rituales
250 2581 280 2634 st
303 2583 438 2636 rectores
469 2576 619 2638 eeclesiae
647 2576 845 2651 arbitrantur,
877 2595 945 2635 aum
969 2577 1029 2636 siut

98 2656 176 2717 nihil
200 2657 307 2720 minus.
352 2658 391 2718 llt
416 2659 498 2720 huno
525 2679 685 2721 assevero
713 2659 861 2739 populum
891 2659 1029 2718 transmil

99 2739 258 2818 grafionis,
279 2741 310 2800 in
334 2740 443 2820 quibus
466 2743 588 2821 captiva
611 2748 681 2803 sunt
703 2744 816 2818 omnia,
839 2760 919 2820 qnae
936 2740 1026 2802 nobis

100 2823 131 2880 in
154 2820 308 2901 baptismo
331 2823 427 2884 libera
448 2824 563 2886 donata
578 2833 658 2901 sunt,
681 2825 787 2886 relioto
800 2825 915 2904 populo
929 2833 1028 2884 terrae

100 2924 237 2984 paupere
260 2912 290 2965 et
313 2906 449 2985 modioo,
472 2909 539 2986 qui,
563 2907 646 2968 velut
673 2909 844 2987 ooniugatis
868 2908 1027 2985 contingit,

100 2987 177 3048 viles
199 2989 229 3046 in
253 2989 352 3050 oeulis
373 2989 492 3050 illorum
514 2996 674 3070 apparent.

185 3071 234 3130 Ex
255 3071 302 3131 his
325 3071 402 3133 duos
422 3074 559 3152 insignes
582 3092 699 3134 errores
722 3073 852 3135 Romani
875 3071 1027 3146 pontitiois

102 3154 337 3233 cognoscimus}
359 3157 451 3234 prior,
473 3155 555 3234 quod
567 3155 725 3235 dispensat
739 3158 769 3216 irr
783 3158 872 3232 votis,
893 3153 1027 3233 lebitone

101 3235 142 3312 id,
166 3237 255 3314 quasi
278 3237 362 3298 solus
383 3258 458 3318 prae
482 3238 623 3299 omnibus
642 3238 820 3300 Christianis
842 3238 955 3300 habeat
977 3258 1027 3297 su·

102 3319 267 3380 toritatem.
297 3320 396 3381 Tanta
418 3328 465 3382 est
485 3321 643 3383 bominum
657 3323 818 3402 impiorum
831 3324 986 3382 temeritas
997 3326 1029 3382 et

102 3402 241 3464 audaoia.
255 3401 286 3463 Si
297 3403 376 3464 enim
384 3411 488 3467 voturn
497 3403 667 3484 dispensari
675 3411 786 3486 potest,
798 3405 925 3483 quilibet
937 3405 1028 3464 lrater

102 3485 1028 3568 eumproximo‚stlpseseoumdispensarepstestsindispen-

102 3586 170 3628 sare
178 3569 337 3648 proximus
346 3588 407 3630 non
421 3576 535 3651 potest,
547 3570 630 3632 nullo
642 3572 707 3632 iure
716 3577 915 3650 papapotest.
939 3569 1028 3632 Unde

104 3651 184 3712 euim
204 3650 299 3713 habet
319 3651 400 3715 hano
421 3653 636 3716 autoritatem?
657 3653 708 3716 Ex
727 3652 885 3714 alaribus?
906 3654 948 3714 nt
967 3653 1027 3714 hae
