2250 4008
145 175 210 244 424
434 179 592 233 Come
610 179 773 234 lutbertum

147 353 218 396 esee
247 333 396 416 populun
424 332 505 396 bert
546 334 599 395 loti
620 332 724 396 ludeei
751 334 813 396 ium
843 332 977 415 populus
1004 349 1061 394 nou

146 427 234 495 sent,
262 419 341 478 sient
367 417 398 478 iu
430 417 584 492 Βοιώ)
614 417 702 479 dioit:
731 417 821 480 Voee
848 435 964 478 nomen
991 418 1063 492 eius,

147 519 210 562 eon
235 500 369 580 populns
402 521 503 580 meus,
534 503 607 580 quie
640 518 698 562 voe
725 517 788 562 uon
823 501 906 560 eritis
934 499 1063 581 populus
1108 536 1109 628 p

148 602 247 660 mene,
267 590 301 644 et
320 603 381 664 ego
402 603 465 646 nou
488 603 542 644 ero
563 584 768 645 veelerlleus.
812 583 850 644 nt
870 583 983 644 iterum
992 581 1063 656 *Ἲς

148 667 188 728 bt
208 676 258 743 tn,
281 666 423 744 Domine,
443 675 531 748 peter
551 674 656 728 noster
677 675 725 743 tu,
745 685 803 728 nos
826 667 940 746 lutum,
964 671 995 725 tu
1018 663 1065 725 llo

99 809 105 822 ,
147 757 197 812 tor
224 757 344 826 noster,
373 757 404 812 et
430 768 509 831 opus
537 769 681 811 mennnm
714 756 832 812 tuorum
863 767 974 810 omues
1003 766 1065 812 uos.

148 831 292 913 llnuqnid
312 832 416 893 ludaei
438 835 498 894 iem
520 831 573 894 lllli
594 841 667 894 eunt
686 851 797 893 eonon
811 833 915 913 potius
929 831 1066 892 iuimioil

147 914 292 995 Nnnqnid
315 916 411 977 lutum
425 915 551 989 lletoris,
572 917 624 995 qui
645 915 754 977 nolunt
775 914 871 995 fingi?
892 915 966 975 Nou
990 914 1066 975 euim

148 1005 324 1079 sgnoeeunt
343 998 491 1060 lletorem.
534 998 677 1079 Nunquld
707 1017 785 1078 opus
814 1017 964 1059 menuum
993 997 1065 1070 eius,

148 1099 187 1142 ee
206 1100 269 1142 non
291 1083 394 1161 potins
423 1083 483 1143 ium
512 1101 590 1162 opus
618 1081 766 1142 somnne?
809 1080 875 1141 Nee
908 1079 995 1141 velet
1023 1080 1068 1139 bio

149 1163 302 1242 utillum,
323 1164 408 1244 quod
429 1173 556 1246 petrem,
579 1163 736 1241 dotorem,
757 1165 906 1225 foetorem
931 1163 1067 1244 generali

147 1247 275 1308 nomine
295 1248 451 1328 appellere
472 1247 619 1308 dieuntur.
661 1249 693 1308 ln
715 1247 821 1327 spiritu
844 1246 982 1326 loquitur
1006 1263 1067 1326 pro

148 1329 258 1409 phele,
290 1337 322 1391 et
342 1330 437 1392 verbe
467 1350 508 1392 ex
529 1329 640 1390 affeetu
662 1331 785 1411 spiritus
816 1329 1010 1410 procedunt,
1041 1329 1067 1388 iu

146 1429 211 1491 qno
243 1431 305 1473 nou
339 1415 398 1476 uisi
426 1413 557 1474 illiorum
581 1412 665 1476 Dens
687 1419 776 1494 peter
797 1418 857 1489 est,
887 1413 941 1492 qui
964 1411 1068 1474 lldeles

149 1502 230 1572 sunt,
252 1496 331 1556 sient
351 1503 382 1557 et
403 1498 433 1556 in
449 1495 894 1558 oratioueDominieePetrem
915 1496 948 1557 iu
964 1495 1067 1576 spiritu
1109 1505 1110 1542 l

150 1577 325 1641 duremus.
388 1578 493 1656 Quare
531 1598 644 1641 nomen
678 1579 772 1659 petris
804 1585 893 1639 extre
932 1579 1068 1660 spiritum

149 1663 328 1741 praesertim
351 1663 645 1725 uovoTeetemento
659 1680 721 1723 nou
744 1661 838 1736 audit
860 1661 946 1741 quod
970 1667 1068 1722 tomen

152 1745 287 1805 maxime
319 1745 440 1821 debuit,
467 1747 492 1805 si
525 1745 587 1807 iste
611 1747 642 1806 in
669 1763 803 1826 persone
822 1744 1009 1805 ludaeorum
1032 1744 1069 1802 di·

152 1833 309 1903 eerentnr,
341 1829 494 1889 onmium
519 1826 570 1907 (nt
593 1827 674 1904 dixi)
697 1834 728 1888 et
749 1827 874 1889 oooesio
906 1834 1018 1908 urgent
1044 1833 1070 1886 et

151 1908 244 1969 verbe
263 1909 366 1972 edbuo
386 1912 549 1992 supersint.

232 1991 287 2052 Hie
308 1993 441 2056 erbitror
462 1991 699 2072 eutisliquidum
721 1990 797 2069 fieri,
818 1992 848 2051 iu
872 2010 1010 2070 pereoue
1030 1993 1068 2052 in·

151 2073 251 2135 bdelis
272 2076 378 2156 populi
399 2077 478 2138 hoeo
500 2076 559 2137 diei
578 2094 639 2136 nou
655 2092 757 2155 posse,
780 2072 862 2154 quod
885 2081 917 2134 et
939 2074 1067 2154 emplius

151 2156 286 2236 liquebit,
308 2158 359 2220 nbi
380 2159 567 2240 intelleotum
590 2175 696 2219 eorum
720 2157 893 2219 viderimus.

231 2240 296 2302 lem
318 2241 401 2321 quod
424 2240 599 2320 contendit,
627 2239 779 2302 eiusmodi
806 2239 983 2300 loeutioues
1011 2241 1067 2299 uni·
1110 2303 1111 2312 ,

151 2323 285 2384 verseles
305 2325 336 2385 in
360 2323 724 2406 seripturis‘plerumque
745 2321 960 2404 particularem
984 2321 1065 2381 intel·

149 2405 306 2486 ligentiem
321 2406 444 2484 bebere,
459 2415 492 2468 ut
504 2414 551 2468 est
567 2405 657 2468 illud:
680 2405 795 2468 Omnes
809 2409 970 2484 quaerent,
994 2421 1067 2484 queo

150 2507 206 2549 suu
228 2497 307 2565 suut,
329 2509 398 2550 eum
420 2491 506 2552 'litus
527 2500 559 2551 et
580 2489 666 2549 multi
688 2488 740 2549 elil
762 2505 824 2550 uon
846 2487 959 2548 luerint
982 2487 1064 2548 teles.

151 2572 193 2632 lte
213 2571 274 2647 hie,
295 2591 403 2634 omnes
424 2574 554 2634 iustitias
577 2573 637 2633 diei
650 2569 833 2646 immundos,
855 2569 919 2630 vult
941 2569 1065 2650 intelligi

149 2652 268 2732 eliquat
297 2655 478 2734 aliquorum.
527 2655 589 2716 Aut
619 2655 778 2716 Letomum
810 2653 860 2714 bio
892 2651 1010 2713 molitio
1041 2661 1067 2712 et

149 2734 265 2796 invidie
287 2745 472 2814 exooeeeut,
495 2745 549 2800 eut
569 2739 729 2817 insigniter
749 2735 889 2817 stupidus
911 2742 979 2816 eet,
1012 2753 1066 2796 nou

151 2817 244 2878 modo
273 2819 355 2898 quod
385 2822 496 2902 ineptis
530 2821 679 2901 exemplis
712 2818 803 2895 ludit,
835 2817 890 2878 sed
922 2817 1008 2897 quod
1041 2825 1067 2878 et

150 2905 264 2960 temere
286 2901 414 2982 llgurum
437 2903 518 2964 beno
540 2910 670 2982 torquet.
700 2901 732 2964 si
755 2903 800 2962 eie
822 2900 893 2962 lieet
915 2919 1065 2980 promere

151 2981 285 3061 libidine,
307 2984 391 3045 nulle
412 2986 546 3048 odduote
567 2987 703 3063 ratione,
724 2983 829 3065 llgurie
851 2983 975 3060 ludere,
999 2983 1065 3062 quid

150 3063 262 3144 obstet,
285 3068 448 3145 quominus
461 3071 565 3130 omuie
578 3067 707 3129 induent
721 3087 817 3128 novoe
829 3065 1065 3148 intelligentiae?

150 3147 257 3208 Diuum
281 3154 313 3210 et
337 3169 412 3231 ego,
446 3151 528 3231 quod
550 3151 660 3212 Pselm.
688 3156 719 3214 l:
754 3150 854 3212 Omne
874 3149 959 3229 quod
981 3149 1067 3210 leoiet

149 3231 392 3311 prosperabitur,
425 3235 523 3313 possit
553 3235 598 3295 sie
629 3233 775 3315 intelligi,
806 3232 836 3293 id
860 3236 923 3318 est,
956 3231 1063 3312 aliquid

149 3314 395 3392 prosperabitur,
421 3324 451 3376 et
472 3320 505 3379 2:
532 3317 617 3376 lleeli
639 3335 763 3392 omues,
786 3316 837 3395 qui
858 3301 1019 3377 eudrfldunt
1037 3315 1063 3375 iu

150 3413 203 3465 eo,
225 3395 257 3455 id
279 3404 345 3474 eet,
369 3397 480 3477 eliqui,
499 3399 560 3477 ¹qni
584 3397 742 3459 eonflduut
764 3399 794 3458 in
816 3416 872 3476 eo,
900 3396 1014 3460 Pselm.
1033 3401 1062 3462 b:

149 3473 262 3536 Perdes
283 3497 408 3555 omues,
446 3481 497 3559 qui
526 3481 691 3560 loquuntur
720 3480 928 3560 mendatium,
961 3481 1063 3557 idest,

227 3658 258 3722 't
279 3660 361 3718 llose.
382 3665 406 3718 2.
445 3665 494 3732 ⁸⁸)
513 3665 587 3721 Esei.
605 3666 648 3721 ot.
