2254 4008
129 148 172 218 80
383 152 424 208 De
443 151 522 223 Oept.
540 153 641 222 Babyl.
658 153 801 211 Ecclesiae

129 305 339 368 substituerint
359 307 389 364 in
412 306 514 366 locum
537 324 652 368 earum.
684 306 758 368 Tres
780 313 882 385 partes
905 307 1052 368 dederunt

129 391 348 470 poeniteutiae,
371 389 596 468 contritionem,
619 391 855 470 contessionem,
873 392 1051 452 satisfactio·

130 492 212 552 uem,
235 473 288 532 sed
311 474 366 550 sio,
389 479 421 531 ut
435 476 465 531 in
489 474 617 552 singulis
631 475 655 533 si
679 473 751 551 quid
775 473 848 534 boui
863 475 977 534 inesset
999 475 1051 535 tol·

129 555 242 633 lerent,
271 565 301 616 et
328 556 359 615 in
382 557 497 614 eisdem
520 574 643 634 quoque
666 555 929 618 suamlibidinem
953 565 984 617 et
1006 565 1050 637 ty·

128 638 287 700 renuidem
309 641 537 702 constituerent.

211 721 380 801 Principio,
408 723 622 782 contritionem
645 721 691 780 sic
712 722 897 804 docueruut,
925 731 957 782 ut
987 741 1052 784 eam

130 803 190 865 tide
212 807 425 883 promissionis
447 808 580 883 priorem
614 805 764 883 facerent,
796 817 827 864 et
847 806 939 886 longe
972 807 1053 867 vilio·

129 907 192 948 rem
207 887 257 967 ¹),
280 893 313 946 ut
334 906 414 965 quae
435 907 496 948 non
520 894 601 948 esset
622 885 694 948 fidei
715 906 804 967 opus,
826 889 880 948 sed
905 890 1052 970 meritum,

129 971 192 1032 imo
215 990 276 1030 nou
302 981 508 1030 memorantur
530 990 608 1032 eam.
652 971 702 1031 Sic
730 974 811 1030 euim
840 973 985 1051 operibns
1012 973 1054 1032 in·

130 1053 294 1114 beeserunt
307 1062 337 1112 et
349 1055 498 1134 exemplis
511 1053 744 1133 Scripturarum,
766 1056 796 1113 in
820 1056 929 1134 quibus
953 1057 1054 1134 legun-

130 1145 177 1196 tur
201 1137 284 1196 multi
307 1140 426 1196 veniam
450 1140 608 1197 consecuti
630 1149 755 1217 propter
777 1138 878 1197 cordis
901 1139 1054 1198 contritio·

130 1221 245 1280 tionem
271 1231 303 1279 et
329 1220 548 1298 humilitatem,
583 1221 637 1280 sed
667 1238 729 1280 nou
762 1222 923 1281 advertunt
953 1219 1053 1297 fidem,

129 1320 209 1382 quae
230 1305 444 1363 contritionem
472 1313 502 1364 et
534 1303 673 1373 dolorem
704 1304 805 1366 cordis
836 1312 966 1384 operata
998 1311 1052 1378 eet,

130 1390 211 1446 siout
232 1387 271 1445 de
292 1385 432 1446 Ninivitis
454 1386 549 1446 lonae
572 1389 600 1449 2.
623 1385 778 1446 scribitur:
801 1387 840 1446 m
863 1386 1055 1448 crediderant

130 1471 186 1529 viri
207 1468 360 1530 Ninivitas
381 1471 410 1526 in
426 1469 572 1546 Domino,
594 1471 889 1548 etpraedicarerunt
911 1472 1053 1530 ieiunium

131 1557 189 1616 etc.
233 1551 287 1610 His
309 1553 490 1613 audaciores
523 1563 554 1610 et
581 1555 702 1632 peiores
724 1551 879 1614 finxerunt
900 1553 1054 1632 quandam

131 1635 333 1712 attritionem,
361 1653 441 1712 quae
463 1637 572 1695 virtute
599 1636 730 1695 clavium
760 1643 869 1715 (quam
892 1640 1053 1717 ignorant)

130 1716 217 1779 fieret
238 1719 397 1794 contritio,
419 1737 487 1778 eam
510 1722 627 1780 donant
647 1720 747 1798 impiis
771 1729 802 1791 et
822 1722 1004 1796 incredulis,
1026 1725 1057 1778 ut

131 1804 176 1861 sic
195 1801 336 1862 universa
358 1803 500 1862 contritio
524 1803 707 1864 aboleretur.
751 1800 777 1862 Ο
799 1805 873 1863 iram
895 1804 954 1864 Dei
977 1803 1057 1862 insu·

130 1885 333 1965 stentabilem,
354 1886 500 1946 haeceine
522 1886 695 1946 inecolesia
711 1884 821 1947 Christi
844 1883 973 1948 doceri?
1007 1884 1056 1946 sic

130 1969 229 2028 securi
252 1979 282 2028 et
303 1967 364 2029 fide
392 1978 423 2027 et
450 1987 543 2046 opere
566 1970 631 2028 eius
654 1968 769 2030 abolito
799 1973 830 2028 iu
859 1969 1006 2030 doctrinis
1029 1978 1057 2028 et

131 2050 326 2131 opinionibus
339 2051 496 2111 bominum
509 2053 688 2130 incedimus,
706 2053 767 2112 imo
779 2056 922 2132 perimus.
945 2053 1058 2130 Magna

130 2154 179 2194 res
202 2145 248 2195 est
271 2153 324 2194 cor
347 2136 526 2212 contritum,
556 2153 615 2195 nec
643 2137 700 2194 nisi
721 2135 855 2196 ardentis
877 2138 906 2196 in
929 2137 1056 2215 promis·

133 2219 251 2278 sionem
275 2228 305 2277 et
327 2219 595 2280 comminationem
619 2218 752 2278 divinem
774 2219 857 2298 fidei,
878 2237 958 2298 quae
981 2220 1056 2280 veri·
1120 2271 1121 2292 ,

131 2307 224 2362 tatem
249 2301 303 2360 Dei
326 2301 514 2361 immobilem
536 2303 643 2362 intuita
662 2301 841 2380 tremefacit,
863 2311 1007 2378 exterret,
1028 2309 1057 2361 et
1120 2296 1121 2304 ’

131 2386 176 2446 sic
197 2386 328 2446 conterit
355 2385 592 2463 conscientiam,
620 2403 722 2444 rursus
745 2387 863 2446 exaltat
882 2394 914 2446 et
941 2385 1057 2446 solatur

131 2477 294 2548 servatque
325 2469 503 2545 contritam,
535 2476 567 2528 ut
596 2469 708 2530 veritas
740 2471 988 2530 comminationis
1018 2469 1055 2528 sit

121 2570 226 2634 ,causa
248 2553 449 2631 contritionis,
472 2553 583 2612 veritas
604 2553 816 2632 promissionis
838 2555 877 2614 sit
898 2553 1010 2627 solatii,
1032 2552 1056 2610 si

131 2635 286 2714 credetur,
322 2643 354 2694 et
385 2635 445 2694 bac
474 2633 534 2694 fide
565 2637 659 2696 homo
681 2643 833 2698 mereatur
859 2643 1054 2718 peccatorum

131 2719 354 2780 remissionem.
394 2718 526 2779 Proinde
548 2717 624 2777 fides
647 2727 717 2780 ante
740 2721 844 2780 omnia
866 2717 1008 2780 docenda
1028 2725 1056 2780 et

131 2799 331 2882 provocanda
359 2807 423 2880 est,
466 2801 526 2862 fide
557 2811 659 2862 autem
692 2801 818 2864 obtenta
851 2803 994 2864 contritio
1027 2808 1056 2861 et

132 2885 305 2946 consolatio
327 2883 495 2946 inevitabili
517 2886 642 2963 sequela
663 2905 719 2947 sua
741 2893 851 2967 sponte
872 2889 1006 2948 venient.

213 2966 325 3046 Quare,
347 2970 406 3029 etsi
427 2970 565 3030 nonnihil
587 2969 710 3049 docent,
731 2972 783 3049 qui
805 2975 1053 3050 expeceatorum

131 3070 256 3113 suorum
281 3055 332 3131 (ut
354 3054 483 3132 vocant)
510 3053 641 3114 collecto
665 3065 695 3114 et
716 3065 885 3134 conspectu
902 3054 1053 3114 contritio·

131 3155 201 3196 nem
224 3135 392 3214 parandam
416 3136 537 3216 donent,
558 3137 732 3217 periculose
747 3146 848 3199 tamen
871 3146 902 3198 et
912 3153 1053 3217 perverse

131 3219 264 3296 docent,
278 3219 348 3279 dum
361 3237 422 3280 non
435 3229 506 3280 ante
518 3222 666 3301 principie
682 3230 712 3282 et
729 3241 838 3282 causas
850 3221 964 3282 docent
984 3238 1052 3281 cou-

131 3303 272 3380 tritiouis,
295 3323 406 3384 nempe
428 3304 549 3382 divinae
573 3307 818 3368 comminationis
830 3311 861 3366 et
881 3304 1053 3384 promissio·

131 3389 177 3448 nis
212 3389 371 3450 veritatem
406 3386 592 3450 immobilem
622 3390 661 3450 ad
694 3390 785 3452 fidem
812 3387 1052 3471 provocandam,

131 3476 165 3530 ut
187 3469 374 3553 intelligant,
400 3469 496 3530 multo
525 3474 633 3532 maiori
662 3477 787 3555 negotio
816 3473 874 3534 sibi
897 3473 1052 3534 veritatem

187 3660 221 3727 1)
240 3659 271 3712 ln
289 3659 332 3714 ed.
349 3658 427 3714 Jeme
445 3659 599 3713 meliorem.
