2250 4008
156 177 220 245 468
448 179 608 237 &nictatio
630 182 795 236 [ethericus

157 339 217 396 ism
243 336 321 397 dnos
341 336 441 412 iocos,
462 337 492 397 in
515 357 578 417 quo
599 337 712 398 Paulus
733 343 894 417 peccatum
919 342 1013 395 vocat
1033 353 1068 394 re

157 419 273 498 liquam
296 419 410 480 malum
430 420 631 501 baptismatis.

240 501 319 562 Hinc
346 503 457 563 Penius
479 503 568 564 Rom
590 505 618 566 8.
648 511 679 563 et
700 503 767 564 001.
785 505 815 567 3.
837 502 924 562 iubet
956 500 1070 560 mortifl-

158 587 222 645 cari
244 585 381 646 membra
402 597 644 666 superterram,
665 588 757 664 iram,
781 584 959 658 libidinem,
982 585 1069 642 avari·

159 671 232 728 tiam
254 677 286 728 et
306 668 435 729 similia:
477 673 591 750 apertis
614 669 715 728 verbis
737 677 835 744 utens,
858 671 920 727 iam
944 684 1007 725 non
1031 685 1072 724 so-

161 752 222 810 tum
246 751 407 831 appellans
428 753 527 831 ipsum
549 763 722 833 peccatum,
745 752 798 810 sed
822 753 886 810 suis
904 748 1072 809 nominibus

158 835 254 911 iram,
276 833 448 909 libidinem,
470 837 640 895 avaritiam.
683 834 723 894 tn
743 834 821 893 baec
842 835 917 893 novi
956 833 1007 890 isti
1029 832 1071 890 iin-

157 935 287 995 guarum
311 927 435 978 autores
458 919 684 997 persuadebunt
711 935 772 976 uon
796 935 865 976 esse
888 917 1019 975 nomina
1041 916 1073 972 vi-

156 1001 283 1072 tiorum,
315 1017 414 1079 neque
435 1011 648 1080 peccatorum,
679 1001 783 1060 scribit
805 1001 886 1060 enim
909 997 1028 1057 sanctis
1049 1009 1073 1056 et

156 1081 297 1143 fidelibus
320 1084 497 1162 Apostolus.
544 1086 671 1164 Fingant
694 1084 804 1162 igitur,
839 1080 936 1142 libido
967 1081 999 1140 in
1023 1083 1073 1140 isto

154 1164 226 1224 loco
249 1184 310 1227 nou
332 1174 380 1226 est
402 1168 523 1242 uitium,
552 1167 606 1226 sed
629 1185 730 1246 poena
764 1165 883 1244 peccati
915 1172 948 1224 et
970 1164 1074 1242 imper·

154 1247 246 1308 rectio
280 1248 453 1327 quaedam,
488 1268 550 1309 nou
587 1259 693 1309 contra
717 1249 813 1328 legem
838 1247 911 1326 Dei,
948 1266 989 1306 an
1019 1263 1073 1306 non

154 1341 220 1390 erat
241 1333 332 1391 etism
362 1349 464 1411 poena
501 1335 620 1412 peccati
653 1339 736 1392 ante·
757 1328 968 1410 baptismum?
1021 1326 1074 1388 Gur

155 1421 229 1472 tuuc
261 1423 327 1474 erat
347 1415 531 1494 peccatum?
565 1417 612 1475 Au
648 1416 809 1494 imputatio
842 1412 893 1473 hic
922 1413 995 1473 soie
1018 1429 1073 1471 mu-

153 1497 229 1555 tavit
255 1516 317 1557 rem
351 1507 382 1556 et
413 1499 578 1560 naturam?
621 1497 756 1558 Necesse
800 1515 874 1576 ergo
909 1493 1072 1564 habebunt,

154 1581 327 1640 universum
356 1580 482 1640 Panium
513 1579 607 1641 ferme
637 1583 725 1640 novis
754 1578 914 1640 vocabulis
948 1577 1073 1659 replere,

155 1665 251 1722 erasis
288 1665 354 1722 istis
389 1663 566 1746 inoletis1).
621 1663 672 1724 Sic
694 1663 802 1724 Roma.
825 1666 860 1727 6:
905 1662 978 1723 Non
1012 1681 1072 1741 teg·

156 1753 207 1804 net
231 1755 394 1824 peccatum
406 1748 438 1806 iu
454 1748 572 1810 mortali
596 1766 726 1828 corpore
740 1749 851 1822 vestro,
876 1755 911 1805 ut
924 1744 1071 1806 obedistis

155 1830 416 1907 concupiscentiis
438 1831 513 1892 eius.
550 1830 630 1906 Quid
647 1831 758 1891 clarius
781 1829 839 1889 dici
861 1827 988 1909 potuit?
1009 1845 1072 1907 pec-

153 1919 259 1970 catum
282 1912 362 1971 inest
372 1914 401 1971 in
417 1931 548 1993 corpore
570 1923 600 1974 et
614 1910 900 1992 concupiscentie²)
926 1910 1070 1982 eiusdem,

153 1992 207 2052 sed
230 2012 269 2054 ne
290 2003 407 2074 regnet,
428 1997 595 2056 curandum
608 2003 662 2056 est
706 1996 834 2056 Hiciarn
847 1995 957 2054 tertius
982 1992 1072 2054 iocus.

153 2075 287 2150 Quados
308 2077 436 2138 ibidem:
480 2079 642 2140 Peccatum
674 2081 753 2139 enim
783 2077 870 2137 vobis
893 2095 958 2138 non
982 2076 1070 2137 doni·

156 2158 294 2238 dabitur,
326 2161 398 2238 quia
431 2179 491 2220 nou
516 2163 588 2222 estis
611 2161 668 2221 sub
691 2162 774 2240 iege,
809 2159 863 2220 sed
886 2159 946 2221 sub
969 2161 1069 2240 gratia.

156 2239 238 2302 Ecce
259 2243 316 2302 sub
339 2243 438 2323 gratia
462 2244 621 2323 agentibus
644 2245 763 2320 scribit,
791 2251 822 2304 et
843 2252 1011 2323 peccatum
1033 2245 1070 2303 eis

155 2343 217 2385 non
240 2324 390 2386 dominari
412 2325 492 2386 dicit.
536 2326 626 2402 Quod
649 2328 754 2406 utique
768 2344 829 2387 non
853 2326 891 2386 de
915 2336 1070 2401 extranco,

155 2406 211 2468 sed
233 2410 374 2469 intraneo
397 2416 520 2488 oportet
540 2410 677 2490 intelligi.
722 2409 798 2485 Quis
820 2411 903 2469 enim
926 2418 1070 2469 extraneo

154 2493 296 2552 resistere
318 2500 437 2572 potest,
469 2500 499 2552 et
527 2492 654 2554 aiterum
687 2491 849 2572 probibere
883 2491 1071 2572 nes-peccet?

155 2572 286 2650 Quintus
308 2574 436 2635 ibidem:
478 2575 575 2636 Vetus
597 2575 691 2636 homo
713 2584 818 2636 noster
849 2574 943 2634 simul
982 2576 1070 2635 cruci-

156 2657 236 2718 fixus
258 2666 317 2738 est,
339 2666 372 2718 ut
394 2658 691 2740 destruatur-corpus
714 2660 843 2738 peccati.
886 2657 1014 2733 Noster,
1035 2659 1071 2717 in·

155 2741 234 2818 quii,
263 2741 356 2802 homo
380 2740 544 2802 crucifixus
569 2750 632 2818 eet,
666 2749 819 2804 ettamen
854 2740 1071 2804 destruendum

155 2828 202 2881 est
227 2841 339 2904 corpus
362 2828 479 2905 peccati
503 2828 531 2885 in
550 2827 665 2888 eisdem
680 2826 778 2886 nobie.
822 2823 990 2902 Nunquam
1015 2822 1072 2884 uult

154 2902 268 2984 dicere,
289 2915 322 2967 ut
344 2907 479 2968 destruet
501 2927 613 2990 corpus
634 2907 872 2989 imperfectionis
884 2914 941 2968 aut
964 2924 1071 2987 corpus

155 3005 284 3068 poenae.
327 2989 418 3064 Ecce,
441 2993 574 3071 quinque
597 2992 683 3053 locos
706 2998 830 3072 apertos
854 2989 1026 3067 habemus,
1046 2992 1070 3049 in

154 3069 264 3151 quibus
286 3068 398 3132 Paulus
421 3085 581 3152 peccatum
604 3085 711 3152 uocet,
746 3082 963 3154 praeterens,
998 3091 1071 3154 quos

154 3172 217 3214 non
240 3174 435 3216 numeramus
458 3157 572 3236 adbuc,
606 3157 654 3217 ubi
686 3157 859 3218 nominibus
882 3155 1071 3218 individuali-

155 3239 210 3298 bus
234 3239 373 3299 vitiorum
397 3241 497 3300 utitur.
542 3241 580 3300 [dt
601 3240 678 3300 haec
700 3240 805 3302 omnia
826 3241 978 3302 coelestia
1001 3242 1069 3302 toni-

155 3330 222 3381 trus
257 3321 366 3380 cedere
397 3333 509 3402 cogent
533 3323 589 3383 sibi
620 3324 816 3384 fumiveuduli
840 3325 1070 3394 homunciones,

154 3419 214 3460 uns
236 3411 355 3481 reperta
377 3404 556 3481 glosseltas
583 3408 707 3486 proprio
731 3406 831 3486 capite
864 3407 1006 3484 prolata,
1034 3425 1068 3464 ne

208 3631 253 3708 ,1)
280 3626 311 3712 ln
339 3629 382 3684 cd.
408 3628 484 3684 den:
525 3633 637 3687 inolitis,
700 3634 732 3703 2)
757 3633 788 3688 In
819 3633 861 3688 ed.
891 3637 979 3703 oriz:
1011 3650 1066 3688 con·

154 3703 356 3772 cupiscsnbae&
