2252 4006
137 191 200 258 254
345 195 458 249 Exustio
481 197 638 268 Antichrist,
657 193 850 252 Decretsliurn.

140 349 176 408 D.
201 349 362 427 Martinus,
387 351 520 410 maxima
544 359 605 410 turn
628 351 797 411 Doctorum
820 359 884 411 tum
909 350 1056 428 Magistro·

139 431 408 590 :qtrlqsalqorumque
424 431 575 492 literarum
589 433 819 494 candidatorum
840 443 966 493 caterva
977 435 1059 491 corni·

211 688 242 754 ⁸)
264 688 314 741 Hic
335 692 362 741 in
382 689 425 742 ed.
445 692 516 758 orig.
536 691 577 740 his
596 689 686 742 verbis
705 693 843 759 pergitur:
865 691 1059 742 Remansernnt

68 757 74 769 ²
143 767 236 814 tamen
257 760 364 829 aliquot
393 760 731 814 studentiumvoentenarii
752 765 845 830 iguem
867 761 1059 814 circumsisten-

141 839 191 896 tes,
211 833 258 884 alii
278 847 346 886 voce
365 833 554 886 sublatissima
573 839 730 885 cantantes:
749 833 788 885 Te
804 833 893 886 Deum
913 831 1059 894 laudamus,

136 903 186 956 alii
206 907 353 972 exsequias
372 903 556 962 Decretalium
578 905 704 958 manibus
724 905 911 958 celebrabant.
933 901 987 954 Sed
1005 899 1059 970 quis

137 976 239 1042 poterit
257 976 357 1028 frivola
375 975 445 1028 haec
464 977 558 1028 omnia
576 974 739 1030 recensere?
764 975 813 1028 His
834 975 966 1028 omnibus
986 976 1060 1026 tinius

141 1049 209 1098 itum
230 1054 272 1098 est
290 1047 324 1101 ad
342 1047 497 1116 prandium.

209 1118 279 1171 Aeto
298 1118 413 1188 prandio
432 1118 638 1170 conducebatur
647 1118 798 1186 plaustrum
816 1117 911 1186 iugale
922 1119 1057 1180 rusticum,

138 1189 213 1258 qnod
231 1189 393 1242 insederunt
402 1190 540 1242 candidati
551 1190 690 1242 literarum
703 1192 854 1256 personati,
875 1189 973 1242 habitu
984 1189 1057 1254 plane

137 1264 263 1325 scenico,
296 1261 337 1314 rel
365 1277 420 1329 quo
449 1261 570 1313 advenas
599 1261 722 1313 triuiales
754 1261 937 1313 scholasticos
967 1261 1057 1312 beania

137 1349 240 1386 exuere
258 1338 286 1385 et
303 1332 713 1402 gymnasticisinitiaresolent.
753 1333 792 1384 Eo
804 1333 901 1386 habitu
921 1337 950 1384 et
968 1334 1057 1399 auriga

137 1410 302 1473 personatus
328 1407 488 1472 impetuoso
514 1405 625 1456 fremitu
656 1404 819 1472 libratisque
847 1404 950 1456 ictibus
965 1404 1058 1470 agebat

136 1491 231 1544 equos,
254 1481 335 1544 atque
354 1475 425 1529 adeo
440 1481 469 1528 ut
488 1476 530 1528 vel
551 1479 674 1530 omnium
695 1483 819 1528 moveret
837 1476 1013 1528 cachinnum.
1031 1473 1057 1526 ln

137 1552 229 1616 priore
241 1547 357 1615 plaustri
373 1553 451 1616 parte
466 1547 600 1601 sedebant
618 1547 725 1615 pueruli
738 1552 856 1616 quatuor
866 1547 979 1598 iudaice
999 1561 1058 1598 voce

135 1619 334 1686 praecinentes.
373 1617 455 1671 quta
474 1635 543 1688 quos
564 1621 763 1686 antesignanus
784 1618 890 1670 Bullam
923 1616 1057 1685 prolixam

136 1697 256 1758 quatuor
281 1691 437 1742 cubitorum
458 1695 553 1760 (quam
573 1687 624 1742 XX
644 1693 734 1742 aureis
761 1691 886 1742 eltoma
906 1697 1057 1757 coemptam

136 1763 262 1826 aiebant)
295 1765 413 1826 perticae
438 1762 559 1830 longiori
589 1763 784 1828 affixampro
817 1764 898 1830 signo
930 1761 1058 1829 erigebat,

137 1849 218 1901 quarn
240 1841 337 1886 ventus
357 1835 465 1886 carbasi
483 1835 570 1885 instar
589 1833 747 1885 stridentem
772 1833 965 1885 circumduxit.
993 1832 1058 1894 ,su-

138 1909 184 1958 bat
202 1908 267 1958 item
287 1904 386 1957 eodem
406 1921 488 1957 curru
507 1905 616 1958 tubicen
636 1904 711 1956 fictili
730 1919 845 1972 crepans
872 1906 940 1958 tuba
959 1903 1058 1956 oculos·

136 1993 190 2045 que
210 1979 334 2030 omnium
352 1981 382 2029 in
402 1993 432 2030 se
452 1977 645 2039 convertebat,
667 1977 766 2028 dextra
784 1977 879 2028 tubam
900 1983 1010 2038 teneus,
1029 1977 1058 2026 si·

135 2051 224 2100 nistra
243 2064 309 2101 vero
322 2048 501 2115 rhompheam
514 2048 638 2100 bellicum
656 2054 777 2116 gestans,
796 2049 824 2098 in
835 2051 912 2099 cuius
929 2061 1058 2099 mucrone

136 2119 344 2188 indulgentialis
354 2119 432 2174 bulla
451 2121 492 2172 bis
511 2121 643 2171 transfixa
661 2119 774 2170 haerens
789 2118 962 2186 dependente
972 2127 1059 2170 cerata

135 2190 304 2244 classeudice
316 2191 544 2258 conspiciebatur.
555 2189 682 2243 Vidimus
693 2196 720 2242 et
731 2190 811 2241 aliam
820 2191 925 2242 bullam
938 2189 1058 2258 pendulis

136 2262 235 2330 sigillis
244 2265 356 2314 estixam
365 2261 483 2314 sustolli.
502 2263 622 2329 Eratqui
632 2261 753 2313 chartam
763 2261 1058 2314 densissimombscillo

135 2339 240 2402 atergo
248 2333 396 2402 pendulam
402 2335 515 2401 ferebat,
528 2333 970 2402 quagrandioribusnotulisliaeo
980 2334 1058 2385 verba

134 2407 237 2471 scripta
256 2413 345 2460 erant:
369 2404 399 2457 In
419 2405 525 2458 honore
543 2407 654 2457 ‘ordinis
673 2405 905 2470 praedicatorum.
943 2405 1000 2458 Sub
1017 2419 1056 2471 pe·

135 2477 222 2532 dibus,
230 2482 321 2531 autem
333 2477 517 2530 insedentium
528 2477 656 2530 iacebant
665 2477 759 2559 lignea
767 2477 864 2530 fissilis
880 2483 908 2528 et
919 2479 1053 2544 virgarum

134 2550 258 2602 fasciculi
274 2549 423 2602 cremandi.
461 2549 624 2616 spectaculo
648 2548 711 2599 hurc
731 2549 913 2614 pomeridano
940 2564 996 2601 non
1020 2551 1053 2599 in·

134 2623 227 2673 terfuit
246 2621 278 2673 D.
296 2619 331 2672 M.
350 2620 429 2683 Luth.
455 2635 544 2688 neque
565 2620 661 2686 Philip.
681 2617 780 2672 Melan.
807 2635 896 2687 neque
921 2617 1052 2672 Carolsta·

134 2691 203 2743 dius.
242 2693 327 2745 Porro
347 2692 500 2759 plaustrum
520 2692 707 2758 apparabatur
732 2694 761 2741 in
787 2689 924 2743 vestibulo
953 2691 1052 2742 aedium

134 2762 276 2816 cuiusdam
306 2762 500 2830 philosophiae
524 2763 664 2831 Magistri,
689 2763 731 2814 cui
759 2777 859 2816 nomeu
879 2761 951 2816 Vah.
990 2761 1053 2813 Hinc

135 2849 231 2887 currus
251 2839 382 2887 oneratus
404 2835 564 2887 vectabatur
582 2837 610 2886 in
630 2847 722 2886 aream
743 2835 958 2902 gymnasticam,
977 2839 1052 2902 atque

135 2905 229 2960 audito
250 2905 366 2958 classico
386 2909 546 2975 crepituque
567 2905 654 2958 tubali
672 2910 818 2958 innumera
837 2905 1053 2958 multitudomu-

133 2976 242 3032 fluebat.
280 2976 393 3031 Collatia
419 2977 538 3046 undique
556 2977 635 3031 libris
659 2983 686 3028 et
706 2977 848 3044 Papisticis
872 2983 902 3030 et
924 2977 1051 3036 Bouiania,

131 3053 198 3102 item
218 3050 375 3116 sophisticis
395 3066 425 3102 sc
444 3053 517 3114 vesi,
542 3049 618 3118 quod
637 3051 728 3100 currui
747 3049 925 3112 iuiiciebant,
945 3051 1051 3100 intrusis

132 3137 259 3186 cursumq
279 3137 359 3190 quem
380 3135 541 3190 coeperant,
577 3128 650 3174 recta
684 3121 822 3174 tenebant.
861 3121 952 3188 Papae
981 3121 1050 3184 deus,

133 3199 237 3262 quanta
254 3192 426 3246 literatorum
446 3195 600 3260 frequentia
624 3192 816 3258 comparebat,
850 3190 974 3243 certatim
995 3195 1050 3260 post

133 3280 243 3316 currum
270 3267 396 3316 nitentes.
434 3264 543 3331 Ubique
571 3263 717 3315 domorum
748 3279 763 3315 a
792 3264 896 3315 cunctis
929 3263 1050 3316 fenestris

132 3335 259 3388 homines
278 3337 489 3402 semicouspicui
508 3334 713 3402 prominebant,
743 3339 791 3386 ant
813 3336 903 3402 capita
929 3335 1048 3386 fenestris

134 3407 324 3470 exsertabana
352 3411 399 3456 aut
417 3408 445 3457 iu
465 3407 571 3458 foribus
590 3405 698 3457 sedium
724 3419 838 3459 suarum
858 3405 1048 3458 subsistebant

133 3471 313 3529 Admirantes
332 3477 458 3544 sclopum
477 3477 648 3528 buccinalem
669 3492 701 3528 ac
720 3492 818 3528 sonum
830 3476 976 3529 hebraicae
994 3484 1047 3528 can·

134 3545 217 3598 tionis
237 3549 436 3599 confusaneum
456 3553 606 3599 attentum
626 3549 819 3615 subsequentis
838 3544 937 3601 turbae
958 3547 1047 3600 tumul-

136 3619 193 3665 tum
212 3617 334 3675 novitate
352 3621 476 3669 insuetae
499 3620 539 3671 rei
571 3621 661 3671 cuncti
689 3619 820 3671 favebant
839 3617 1047 3686 applaudebant-

138 3696 190 3734 oue
209 3687 364 3738 comitando
382 3702 470 3754 usque
490 3689 524 3740 ed
544 3703 652 3756 rogum.
689 3690 765 3759 Ignis
774 3691 848 3742 enim
861 3688 1046 3743 antemeridia
