2258 4002
333 139 495 226 mutuno
516 169 550 224 D.
569 168 604 226 u.
625 169 771 226 Linthuma.
960 165 1022 234 135

93 321 163 385 linis
186 333 257 385 asse
272 324 378 386 halu'm
394 325 723 404 insanitrunr'autor'es‚
738 310 820 404 quoii
832 333 894 386 non
907 325 1020 386 tamia-

92 408 155 487 cio,
178 413 212 468 ut
235 409 366 471 Romani
387 409 521 469 numinis
542 410 692 470 honorem
714 409 901 486 aristodium,
930 421 1021 488 quarn

91 509 130 550 na
155 493 303 570 superbia
324 493 413 552 nimis
435 491 533 569 infler,
555 499 586 553 et
598 492 707 571 dignu
726 492 797 552 mihi
811 491 926 570 videat,
948 491 1023 553 talia

92 579 161 632 tam
186 575 325 656 pulchra,
349 583 410 634 tam
430 577 569 656 ‘gloriosa
591 577 654 655 pati
676 584 731 655 pio
755 575 962 636 veritath‘ei.
988 573 1022 635 Si

92 658 178 717 enim
197 676 270 718 vere
293 658 449 718 Romanus
472 660 636 739 episcopus
661 658 690 718 in
717 674 765 717 me
792 660 839 717 ¹sic
867 657 1023 739 in'aanir'et,

94 741 165 818 quis
188 740 322 802 Lutirenu
345 759 448 802 coram
472 743 539 802 Deo
561 742 681 802 felicior
702 747 802 817 osset,
825 741 875 819 qui
899 739 939 800 ob
960 745 1022 800 tim

3 843 4 896 Τ
92 815 292 884 manifestam
316 827 475 886 veritatem
503 840 522 885 a
551 833 636 886 tanto
663 825 776 884 vertice
803 823 1023 885 damnaretur?

91 904 179 981 Quid
201 909 283 967 euim
303 897 355 968 nic
377 907 545 989 optantium
567 908 639 969 mihi
661 907 757 983 iuret,
781 922 872 986 quam
894 912 928 966 'nt
949 919 1023 967 nun-

4 1029 5 1036 ι
95 1001 190 1069 qnam
214 989 408 1067 absolueret,
430 991 662 1067 resuscitarer,
684 989 1024 1052 communicarertnti·

3 1063 5 1146 j
95 1072 212 1133 christo
235 1074 283 1134 isti
304 1073 537 1151 indoctissimo,
567 1073 776 1154 impiissimo‚'
797 1072 1024 1133 ‘fulionitsimoi

4 1153 5 1192 ἕ
95 1155 185 1214 Felix
207 1156 259 1216 illa
282 1156 357 1233 dias,
379 1157 453 1217 felix
472 1157 527 1218 illa
549 1167 648 1235 mora,
672 1172 743 1216 cum
758 1155 872 1234 ganum
894 1162 924 1216 et
944 1161 1024 1216 sum·

92 1247 149 1298 nra
171 1240 354 1317 gratitudine
377 1239 444 1300 Deo
466 1241 635 1318 referenda,
658 1240 683 1299 si
707 1239 832 1318 quando
848 1238 917 1314 ‘liat
939 1245 973 1298 ut
991 1239 1022 1298 in

94 1322 159 1381 ista
179 1330 276 1382 canon
300 1342 347 1382 me
369 1323 580 1404 apprehendat
602 1329 632 1383 et
653 1322 772 1402 perdat.
795 1317 856 1383 eet
877 1321 944 1382 aliis
969 1321 1021 1381 des

94 1403 185 1464 huius
208 1405 340 1465 nominis
355 1406 515 1485 honorem,
528 1412 561 1467 et
579 1405 705 1485 dignum
719 1405 836 1485 quaerit
857 1405 916 1464 ista
927 1412 1023 1465 cansa

94 1496 272 1567 martyrem,
297 1507 356 1568 ego
378 1491 514 1568 peccatis
536 1491 612 1549 meis
635 1489 696 1549 alia
717 1489 840 1548 meritus
862 1491 940 1548 liunt

180 1569 450 1632 Existimationem
470 1573 564 1653 igitur
586 1575 674 1633 suam
696 1571 826 1650 quisque
848 1569 961 1631 habeat
984 1569 1024 1629 da

95 1653 256 1730 Romanis,
279 1668 349 1732 ego,
368 1657 506 1734 quisquis
524 1655 613 1715 inerit
624 1654 713 1715 huius
730 1653 1022 1729 bullaeantors'eum

7 1775 10 1792 ,.
94 1753 153 1815 pro
171 1737 351 1798 antichristo
374 1738 490 1818 habeo,
518 1745 550 1798 at
572 1744 680 1797 contra
702 1735 915 1798 antichristum
946 1735 1024 1796 haec

93 1816 217 1895 scribo,
246 1819 458 1900 redempturus
481 1822 640 1881 tentatam
663 1820 791 1898 Christi,
814 1818 897 1897 quod
918 1819 950 1877 in
974 1837 1022 1896 rue

93 1900 196 1978 inerit
217 1919 310 1981 quam
328 1902 379 1963 ille
401 1904 596 1983 exstinguere
610 1909 748 1965 conatur.
771 1902 872 1980 Atque
883 1902 1024 1981 primum,

96 1989 131 2043 ut
151 1983 227 2044 nihil
256 1986 287 2044 in
318 1990 367 2046 ine
399 1986 538 2047 obtineat
565 1993 605 2048 eti
634 1971 786 2060 omnibus,
814 1994 894 2064 quaa
917 1983 1022 2059 noluit,

98 2073 253 2146 protestor
275 2085 379 2129 coram
402 2069 469 2129 Deo
500 2078 529 2128 et
552 2070 685 2130 Domino
714 2074 820 2128 nostro
842 2066 915 2127 Jeau
939 2065 1022 2127 Chri-

97 2156 156 2227 stu,
180 2157 210 2209 et
233 2152 347 2211 sanatis
371 2152 488 2230 angelis
515 2153 590 2225 eius,
615 2153 645 2211 e‘t
666 2157 732 2211 toto
755 2150 881 2226 munile,
902 2149 1022 2210 thedis·

99 2233 216 2292 sentire
240 2237 307 2294 toto
329 2235 423 2294 earne
448 2235 640 2296 damnationi
666 2233 756 2310 huiu's
779 2231 898 2309 bullas,
930 2237 1021 2310 q'nam

99 2322 128 2375 ot
149 2314 329 2394 maledico,
351 2324 383 2378 et
404 2325 559 2392 exsecror,
582 2317 665 2378 velut
692 2317 812 2377 hostem
841 2315 1023 2394 sacrilegam

98 2403 127 2458 at
147 2394 374 2478 blasphemiam
399 2400 511 2461 Christi
542 2399 597 2462 filii
621 2399 679 2460 Dei
708 2403 739 2460 et
760 2398 884 2458 Domini
914 2397 1023 2475 nostrl,

100 2483 208 2542 Arnen.
252 2481 373 2542 Deinfft
393 2499 499 2543 assero
522 2491 551 2544 et
573 2483 744 2563 amplector
754 2480 869 2541 litiu‘cia
887 2485 953 2540 tota
962 2479 1023 2560 ‘s'pi-

97 2565 172 2623 ritus
194 2565 257 2624 nisi
279 2565 425 2626 articulos
455 2582 510 2645 par
532 2585 599 2627 eam
623 2564 802 2640 damnatos,
823 2561 1023 2624 'asserendos-

98 2656 159 2725 ane
181 2649 356 2726 pnonnn‘cio
379 2649 520 2709 omnibus
534 2649 725 2722 Christianis,
748 2645 1022 2726 subpoenaaater-

99 2736 157 2789 nne
176 2729 415 2807 maledictionis,
436 2737 468 2792 et
501 2731 695 2794 antichristos
712 2729 882 2806 habendos,
897 2728 1024 2808 ¹quicun-

5 2869 6 2872 ,
98 2811 284 2891 onenariae
306 2816 531 2889 consenserint,
562 2830 639 2894 quos
662 2815 693 2874 a't
713 2813 761 2873 his
791 2813 928 2890 scriptia,
952 2829 1023 2872 oon·

99 2896 203 2955 iuncto
227 2895 301 2955 ntilri
319 2898 458 2958 oninium
482 2899 602 2979 spiritu,
626 2898 677 2976 qui
697 2910 774 2976 pure
796 2895 948 2955 Christum
972 2901 1020 2954 co-

100 2977 254 3057 gneum
274 2980 446 3057 attollunt,
474 2999 530 3060 pro
558 2980 689 3041 ethnicis
719 2974 820 3038 haliae
849 2983 881 3037 et
910 2976 1023 3053 devito,

4 3061 5 3128 l
100 3061 268 3121 senentiam
290 3067 488 3142 praeceptum
519 3062 655 3124 eiusdem
677 3061 802 3122 Domini
833 3061 930 3122 nostri
952 3060 1023 3120 lesu

4 3143 5 3209 j
101 3143 223 3225 (iniisti,
247 3143 356 3209 Arnen.
399 3145 485 3206 llaec
507 3162 575 3206 mea
595 3145 754 3206 retocalio
779 3149 867 3220 esto,
890 3161 908 3202 o
931 3141 1022 3220 bulla,

3 3231 5 3290 i
100 3231 171 3286 Veia
193 3225 345 3287 bullarum
365 3226 439 3289 tilia.

182 3308 250 3368 Hau
273 3315 341 3369 ntea
363 3311 558 3371 confessione
590 3326 645 3370 seu
676 3309 899 3389 protestatione
930 3304 1021 3378 iacta,

101 3392 187 3450 entus
207 3396 304 3452 testei
327 3403 395 3452 csse
418 3393 490 3454 volo
514 3401 631 3469 omnes,
653 3392 705 3470 qui
728 3389 954 3469 haoclcg‘srint
971 3405 1022 3446 an·

102 3480 222 3552 tequam
262 3472 302 3534 ad
337 3474 545 3537 defendendos
584 3473 848 3552 declarandasque
876 3470 1023 3532 articulos

103 3555 279 3634 procedam,
302 3557 420 3636 aliquot
441 3559 626 3638 argumentis
648 3558 679 3616 in
702 3557 800 3636 ipsam
820 3553 932 3614 bullam
949 3571 1023 3613 con·

106 3637 261 3700 tutandam
284 3640 465 3722 praeludere
486 3639 590 3719 libuit,
613 3656 742 3722 quornm
763 3639 893 3722 primum
911 3633 950 3696 ab
979 3636 1022 3696 iu-
