2250 4008
313 211 436 266 Rationis
458 213 633 266 Latomianae
652 217 702 267 eto.
884 271 886 278 ,
913 207 975 273 483

47 363 181 445 insanis,
204 372 235 424 et
256 367 399 426 atrociter
423 385 471 425 me
493 367 675 441 criminaris,
698 385 765 426 oum
789 384 850 426 non
872 367 973 444 possis

48 446 136 505 eliud
161 449 292 527 probare
314 469 354 508 ex
370 448 519 526 Patribus,
542 469 633 529 quem
656 449 686 509 id
710 448 792 528 quo'd
816 447 900 508 dixi?
925 450 971 508 An

47 531 135 607 quod
160 539 245 591 tuum
268 539 374 612 eaput
387 551 448 593 non
478 551 606 613 sequor,
641 534 692 613 qui
726 539 797 592 ante
827 530 972 591 iudioium

29 631 100 670 ¹me
126 613 279 674 damnasti
304 622 334 676 et
355 615 520 675 exussisti?
562 615 622 691 Sed
652 617 822 676 temeritate
850 615 909 675 et
901 633 973 718 igne

9 761 10 764 Ἴ
47 713 112 774 ego
137 715 200 756 non
227 704 349 775 terreor,
372 717 430 758 neo
451 699 565 778 trahor,
586 699 723 760 Latome.

9 783 11 788 ‘
137 778 198 840 Sed
221 788 306 861 esto,
334 782 374 841 sit
395 781 503 860 aliquis
527 782 664 860 Petrum,
696 799 787 861 qoem
818 799 876 861 ego
899 798 973 841 non-

9 869 10 873 ’
46 860 124 921 dum
149 863 286 944 viderim,
310 884 379 924 nam
403 865 616 944 Augustinum
639 866 877 945 Hieronymum,
903 867 974 922 Am-

9 1007 12 1028 ὶ
46 945 206 1024 brosium‚
240 945 440 1026 Gregorium,
470 948 656 1009 Bernardum
686 951 774 1027 novi,
805 955 837 1008 ut
865 947 974 1006 frustra

9 1035 13 1097 ζ
46 1028 126 1087 mihi
149 1035 196 1090 tot
217 1031 313 1090 nobas
336 1031 495 1092 obieceris
539 1031 598 1092 Sed
622 1034 659 1090 sil.
684 997 811 1111 aliquis,
844 1032 895 1109 qui
929 1049 973 1088 as

9 1171 10 1176 ,
46 1119 137 1171 serat
159 1111 239 1172 istud
271 1113 420 1194 reliquom
455 1123 563 1174 natura
592 1133 647 1174 sna
681 1133 749 1174 esse
774 1131 834 1173 non
867 1121 975 1173 eontra

9 1203 10 1208 ’
50 1193 174 1272 Deum
209 1214 307 1275 nequa
335 1204 441 1256 eontra
469 1197 568 1276 legem
596 1200 677 1275 eius,
712 1203 742 1257 et
763 1197 883 1274 neget'
876 1214 973 1276 ipsum

10 1341 11 1358 2
46 1277 121 1337 sole
154 1280 335 1358 igoosoente
364 1280 572 1340 miserieordia
594 1281 650 1340 Dei
680 1299 742 1341 non
771 1299 840 1340 esse
868 1285 975 1339 eontra

10 1373 11 1376 ’
47 1360 152 1421 Deum
178 1370 209 1422 et
229 1362 328 1442 legem
353 1365 433 1442 eius,
455 1362 505 1423 ubi
528 1363 649 1423 talem
642 1364 794 1424 inveneris
819 1360 974 1442 (invenias

9 1511 16 1526 ‚
45 1451 156 1503 autem
186 1447 272 1504 iuxta
300 1445 403 1505 mulae
434 1446 549 1506 loetum
574 1455 682 1527 spero)
715 1445 786 1527 quid
815 1453 878 1505 tum
905 1465 974 1526 pro·

9 1539 15 1600 ᾗ
47 1526 204 1588 movisti?
227 1527 298 1607 quid
322 1527 469 1589 effecisti?
490 1528 560 1608 quid
585 1530 706 1590 vicisti?
741 1528 816 1604 Quis
840 1547 888 1587 me
911 1546 974 1588 cer·
1021 1529 1024 1534 '

9 1679 11 1684 .
48 1618 117 1668 lum
142 1611 243 1685 faciet,
269 1611 353 1672 Pauli
376 1631 444 1672 esse
466 1631 535 1671 eum
549 1612 697 1672 sensnm?
718 1611 766 1672 An
789 1630 849 1671 non
875 1610 976 1670 licebit

9 1705 14 1716 “
48 1693 128 1752 mihi
151 1693 277 1754 deeius
300 1713 392 1755 sensu
422 1693 581 1755 dubitare?
624 1696 694 1757 Non
728 1695 799 1756 lieet
827 1693 900 1754 mihi
930 1695 974 1753 sio

9 1789 11 1800 ⁴
48 1778 217 1837 mussitare
239 1796 372 1838 meeum:
407 1775 537 1838 Sanetus
560 1786 606 1839 est
626 1779 677 1839 ille
699 1780 754 1855 vir,
777 1777 832 1838 sed
854 1775 926 1858 qnid
948 1778 972 1836 si

48 1860 149 1920 homo
162 1861 202 1921 sit
223 1869 253 1920 et
267 1861 433 1934 humanum
446 1860 497 1921 hie
512 1861 634 1942 sapiat?
656 1859 733 1935 Quis
754 1863 821 1940 soit,
844 1863 869 1920 si
891 1859 971 1919 aliud

47 1944 80 2001 in
109 1943 262 2023 Apostolo
284 1943 394 2022 lateat,
417 1944 500 2024 quod
520 1944 572 2004 ille
594 1964 655 2005 non
679 1944 802 2005 videat?
839 1943 973 2023 praeser-

9 2101 10 2104 ,
47 2027 108 2084 tim
131 2045 201 2086 eum
224 2026 335 2086 Paulus
358 2036 420 2087 tam
443 2027 536 2087 libere
558 2036 589 2087 et
610 2036 715 2108 aperte
736 2034 897 2108 peecatum
922 2047 972 2106 ap·

9 2113 11 2192 j
48 2109 160 2188 pellet,
184 2129 252 2170 enm
276 2112 442 2190 potuisset,
474 2112 499 2170 si
522 2111 623 2185 vellet,
656 2112 700 2171 sio
723 2111 824 2190 loqui,
862 2117 895 2169 ut
915 2112 973 2168 iste

9 2213 10 2276 j
50 2192 199 2272 loquitur.
243 2189 321 2274 Quis
354 2193 396 2253 illi
427 2195 473 2253 ins
492 2195 565 2254 ieoit
587 2193 675 2255 nobis
699 2195 798 2274 legem
821 2191 973 2253 statuendi

49 2282 83 2334 et
108 2275 321 2354 intelligendi?
363 2276 462 2337 Nemo
485 2295 525 2336 ex
548 2277 636 2338 vobis
658 2277 757 2357 legem
782 2277 871 2355 feeit,
902 2275 975 2335 dioit

49 2358 204 2420 Christus.
248 2359 333 2419 Velis
355 2367 396 2436 lu,
418 2360 556 2438 Latome,
579 2380 648 2421 enm
672 2363 731 2421 tuis
745 2359 896 2439 Sophislis
919 2359 974 2418 has

9 2467 10 2470 ¹
49 2443 96 2520 pii
119 2441 222 2502 cordis
245 2443 448 2523 cogitationes
470 2443 612 2504 incendio
635 2452 687 2504 aut
708 2441 874 2523 suspendio
893 2441 975 2502 dam·

50 2525 151 2585 nare?
194 2524 274 2600 Quid
296 2527 320 2585 si
344 2545 406 2586 ιιοιι
440 2528 536 2606 possit
558 2527 667 2588 aliter?
700 2534 730 2587 et
760 2527 840 2587 iusta
867 2526 905 2584 sit
933 2525 974 2584 ibi

50 2627 168 2690 eausa,
189 2610 262 2688 quia
282 2609 312 2668 in
335 2609 430 2670 Paulo
453 2609 551 2670 Deum
574 2610 660 2688 loqui
680 2615 779 2671 oertos
802 2617 865 2690 est,
888 2609 974 2668 euius

51 2693 152 2752 verbe
173 2699 243 2752 sunt
265 2692 441 2753 veneranda
467 2712 525 2753 neo
548 2693 742 2767 temeranda,
775 2693 805 2752 in
827 2692 887 2752 isto
912 2710 972 2752 non

52 2784 103 2836 est
126 2784 236 2853 sertus,
259 2776 341 2836 Deus
365 2795 403 2836 an
426 2775 519 2837 homo
537 2776 692 2856 loquatur.

69 2876 73 2885 ¹
140 2857 218 2933 Quid
233 2859 283 2918 lrio
299 2859 470 2920 iaciemus?
493 2859 592 2919 dines:
616 2860 663 2920 Ad
680 2860 830 2920 rationem
846 2866 876 2918 et
895 2876 976 2918 oom-

52 2961 180 3002 munem
202 2961 325 3002 sensum
350 2961 464 3002 eamus.
495 2942 565 3023 Ago
588 2945 711 3023 gratias.
755 2941 886 3003 Liberati
901 2961 975 3022 ergo

53 3045 161 3085 sumus
185 3026 223 3086 ab
246 3026 381 3086 omnium
401 3025 557 3087 hominum
572 3028 734 3088 autoritate
755 3027 785 3084 in
799 3026 858 3085 hoo
871 3043 975 3087 eausa.

54 3109 147 3170 Ratio
170 3127 243 3188 ergo
274 3120 325 3169 tua
353 3109 425 3185 erit,
461 3127 540 3187 qnae
574 3127 642 3169 sese
676 3129 716 3169 ex
748 3107 819 3168 fidei
848 3107 975 3167 artioulo

53 3193 203 3290 glorietur
224 3190 337 3268 fluere,
358 3211 470 3272 nempe
492 3192 574 3289 qmuod
597 3192 778 3253 eredimus
771 3210 799 3250 ιιι
824 3190 976 3270 baptismo

55 3277 201 3338 omnium
223 3284 420 3356 peecatorum
442 3277 650 3336 remissionem
675 3274 791 3353 donari,
814 3274 891 3334 sieut
902 3272 977 3333 Pau

55 3360 142 3421 lus'
134 3381 165 3420 m
200 3359 300 3419 multis
336 3359 410 3419 loois
443 3358 543 3419 donet.
587 3359 664 3419 Nam
699 3357 776 3416 haee
804 3363 834 3416 et
854 3356 976 3418 Petrum

57 3451 185 3506 tuorum
210 3443 286 3503 ratio
310 3449 371 3518 est
394 3449 424 3500 et
413 3442 518 3501 tmihi
539 3442 648 3538 planet.
691 3438 751 3501 aed
774 3437 862 3519 quid
895 3440 977 3521 quod

55 3526 247 3589 Paulumt
207 3532 266 3586 ista
287 3527 364 3586 ratio
387 3525 459 3583 nihil
485 3526 623 3600 moverit,
645 3525 716 3602 quin
741 3532 900 3604 peceatum
924 3543 975 3604 op-
1076 3600 1078 3605 Α

58 3613 185 3690 pelleret
206 3609 354 3689 reliquum
387 3606 466 3667 istud
499 3607 690 3669 remissionis
713 3607 848 3668 omnium
869 3625 976 3689 penos·

58 3695 178 3756 toruml
201 3693 306 3753 Patres
328 3699 430 3752 antem
454 3692 601 3771 moverit,
626 3698 659 3751 nt
680 3697 803 3771 negant,
825 3699 856 3752 ot
879 3699 908 3751 tu
931 3688 976 3749 di·

742 3775 811 3838 31*
