2254 4008
309 138 346 198 D.
365 141 398 198 ll.
417 140 500 198 Loth.
518 141 703 198 Praeiudinrn.
927 139 968 208 23

283 319 338 381 De
366 319 738 394 Coena'llominil).

127 434 197 496 Duo
219 437 323 516 itaque
346 445 416 498 sunt
437 438 508 518 loci,
532 440 583 517 qui
606 437 644 498 de
665 437 724 498 hoc
745 457 778 497 rc
800 437 968 498 clarissime

55 525 186 594 tractant,
209 518 364 602 Scriptura
386 521 563 603 evangelica
589 523 619 580 in
651 539 748 583 coena
770 520 910 600 Domini,
939 527 970 580 et

53 601 157 662 Paulus
178 601 203 669 Ι.
228 603 298 664 Cor.
320 608 369 680 11,
392 624 470 685 quos
484 604 649 665 videamus.
686 604 866 665 consonant
890 605 968 663 enim

53 685 102 745 sihi
123 685 312 762 Matthaeus,
336 689 466 765 Marcus,
487 694 518 748 et
538 687 650 768 Lucas,
674 687 826 750 Christum
849 685 970 746 dedisse

54 768 203 848 discipulis
228 771 368 831 omnibus
399 778 497 832 totum
520 781 762 844 sacramentum,
793 775 824 830 et
844 769 971 830 Paulum

53 861 205 930 utramque
226 853 388 914 tradidisse
409 858 525 936 partem
548 860 662 914 certum
685 862 746 914 est:
783 854 835 931 ita,
857 859 890 913 ut
907 852 971 912 nul·

53 939 92 996 lus
112 941 176 995 tam
198 936 382 1016 impudentis
404 937 510 998 frontis
534 955 666 1016 uuquam
688 937 792 1014 fuerit,
815 937 866 1017 qui
889 934 971 995 aliud

52 1019 169 1078 diceret.
213 1018 268 1079 His
289 1020 386 1097 adde,
409 1021 490 1099 quod
515 1019 684 1081 Matthaeus
707 1019 814 1096 refert,
849 1038 910 1080 oon
933 1017 972 1079 de

52 1121 125 1182 pane
155 1101 307 1162 Christum
339 1103 470 1184 dixisse,
505 1101 686 1163 manducate
709 1123 748 1162 ex
769 1102 830 1163 hoc
852 1120 970 1178 omnes,

53 1185 99 1244 sed
122 1183 162 1244 de
190 1185 302 1266 calice,
339 1187 432 1247 bibite
463 1205 503 1246 ex
532 1187 592 1246 hoc
623 1205 740 1246 omnes.
791 1185 830 1246 Et
850 1185 971 1244 lllarcus

51 1270 116 1328 item
139 1286 202 1328 non
228 1267 309 1347 dicit,
332 1269 593 1329 manducaverunt
615 1287 732 1346 omnes,
755 1267 808 1328 sed
830 1266 973 1328 biberunt

51 1371 86 1410 ex
106 1368 144 1411 eo
169 1368 286 1429 omnes,
308 1360 434 1432 uterque
448 1353 651 1412 universitatis
667 1360 770 1411 notam
783 1350 821 1412 ad
833 1349 971 1430 calicem,

51 1452 108 1493 non
132 1432 171 1492 ad
194 1453 305 1514 panem
330 1454 465 1514 ponens,
496 1437 583 1514 qnasi
608 1436 730 1516 spiritus
757 1435 889 1494 futurum
912 1433 973 1494 hoc

51 1517 181 1576 schisma
202 1516 394 1596 praeviderit,
418 1517 499 1598 quod
514 1519 618 1579 calicis
641 1517 888 1579 communionem
903 1534 972 1597 prc-

51 1599 164 1660 hiberet
192 1599 360 1680 aliquibus,
389 1601 638 1680 quemchristus
667 1600 808 1661 omnibus
841 1600 973 1661 voluerit

51 1701 114 1743 esse
137 1701 342 1743 communem.
376 1683 498 1760 Quanta
520 1690 609 1764 putas
632 1684 710 1744 furia
730 1685 761 1744 in
784 1701 840 1744 nos
862 1685 972 1742 insani-

53 1775 131 1846 rent,
156 1766 181 1825 si
205 1765 387 1828 vocabulum
422 1786 527 1827 omnes
560 1766 600 1827 ad
627 1785 753 1848 panem,
785 1771 816 1826 at
841 1785 904 1827 non
932 1765 971 1824 cd

53 1849 177 1910 calicem
199 1851 334 1929 positum
357 1852 561 1930 invenissent,
593 1851 705 1910 nullum
728 1848 818 1910 nobis
848 1867 971 1928 prorsus

50 1931 191 2012 effugium
204 1933 419 2012 relinquerent,
441 1933 617 2012 clamarent,
640 1933 810 1993 haereticos
829 1931 973 1992 decarne·

50 2022 128 2091 rant,
160 2014 374 2077 schismaticos
401 2016 589 2076 damnarent.
648 2014 688 2076 Ar
720 2035 789 2075 cum
820 2033 839 2075 a
868 2020 973 2075 nostra

50 2106 134 2177 parte
152 2103 212 2157 stet
226 2104 334 2159 contra
355 2101 450 2180 ipsos,
473 2099 555 2158 nullo
579 2099 681 2159 sinunt
703 2117 772 2159 sese
793 2097 892 2158 claudi
915 2097 974 2178 syl·

52 2181 191 2261 logismo,
213 2179 353 2242 homines
364 2179 508 2242 liberrimi
519 2181 642 2263 arbitrii,
664 2182 754 2242 etiam
772 2181 802 2241 in
826 2181 871 2260 iis,
895 2197 973 2259 quaa

52 2263 105 2324 Dei
127 2270 214 2342 sunt,
249 2264 417 2341 mutandis,
447 2263 650 2342 remutandis,
680 2273 710 2324 et
739 2262 879 2324 omnibus
902 2281 972 2324 con·

55 2345 222 2411 lundendis.

131 2427 192 2490 Sed
219 2427 302 2509 linge
336 2448 386 2491 me
414 2447 454 2489 ex
482 2427 613 2489 adverso
642 2435 739 2507 stare,
775 2433 805 2488 et
833 2427 973 2489 dominos

55 2530 136 2573 macc
173 2513 310 2591 papistas
348 2512 554 2591 interrogare,
592 2511 702 2573 Totum
739 2517 973 2588 sacramentum,

56 2613 105 2654 seu
128 2601 256 2673 utraque
277 2594 413 2674 species,
443 2595 473 2653 in
496 2613 595 2654 coena
616 2593 756 2669 Domini,
788 2600 841 2654 aut
869 2592 971 2654 datum

55 2684 96 2737 est
115 2676 189 2736 solis
212 2675 398 2758 presbyteris
421 2684 472 2737 aut
494 2677 583 2738 simul
605 2675 702 2738 laicis.
745 2675 776 2738 Si
800 2677 874 2737 solis
891 2695 973 2755 prcs·

56 2759 163 2840 hyteris
190 2758 238 2837 (id
260 2759 340 2819 enim
353 2760 489 2837 volunt),
511 2761 573 2820 iam
585 2760 669 2821 nullo
683 2759 774 2820 modo
786 2759 858 2819 licet
881 2759 972 2819 ullam

57 2843 184 2923 speciem
209 2841 274 2902 dari
296 2841 399 2923 laicis,
429 2861 489 2903 non
519 2844 600 2903 euim
623 2851 737 2903 temera
761 2841 893 2902 dandum
918 2849 974 2921 est,

57 2927 101 2985 cui
123 2925 260 2987 Christus
283 2926 382 3005 prima
402 2926 592 2986 institutione
615 2945 676 2985 uon
700 2924 799 3001 dedit,
826 2924 973 3003 alioquin,

60 3010 80 3068 si
110 3027 202 3068 unam
233 3007 344 3069 Christi
372 3009 594 3069 institutionem
624 3009 824 3089 permittimus
855 3007 975 3084 mutari,

35 3101 41 3115 ·
59 3091 113 3150 iam
124 3091 354 3151 universaseius
366 3092 701 3171 legesfecimusirritcs,
715 3097 745 3152 et
753 3090 976 3171 quilibetande·

60 3173 98 3234 bit
118 3172 229 3251 dicere,
252 3192 287 3233 se
298 3192 361 3234 non
376 3175 464 3254 ligari
475 3174 537 3234 ulla
548 3175 613 3235 eiua
634 3174 973 3255 legeautinstituticne.

60 3256 121 3318 Una
133 3259 213 3316 enirn
225 3255 382 3316 individua
392 3257 471 3317 tollit
481 3259 510 3316 in
525 3256 688 3338 scripturis
702 3258 836 3318 maxime
857 3256 976 3316 univer·
1060 3295 1063 3302 ι

62 3340 158 3403 salam.
182 3339 212 3399 Si
222 3338 313 3398 simul
322 3345 351 3399 et
364 3340 458 3418 laicis,
474 3341 533 3400 iam
545 3339 758 3401 inevitabiliter
769 3339 911 3418 sequitur,
923 3334 976 3398 lai-

63 3424 99 3483 cis
110 3440 172 3482 non
186 3421 298 3482 debere
322 3424 425 3501 negari
441 3429 599 3504 utramque
611 3424 754 3504 speciem.
777 3421 908 3497 Quodsi
925 3420 975 3481 de·

108 3559 139 3624 1)
160 3559 192 3611 In
211 3558 254 3612 sd.
274 3559 344 3626 orig.
363 3558 430 3612 haec
448 3559 544 3612 verba:
562 3555 604 3612 De
623 3571 710 3612 coena
731 3557 848 3622 Domini,
867 3555 974 3623 darunt,

66 3634 173 3701 repetita
191 3636 257 3684 auut
275 3645 311 3683 ex
330 3630 372 3684 ed.
391 3627 455 3684 den
