2258 4002
221 213 224 218 ’
324 231 358 287 n.
374 231 410 286 nr.
428 231 506 286 mu.
525 217 712 286 restauras.
883 266 892 281 t
921 222 984 292 tot

69 393 118 451 cst
159 386 268 450 Osrtns
290 371 364 468 ergo
393 388 451 464 sis,
479 387 530 466 qni
558 403 619 448 non
643 391 689 445 est
710 383 838 465 angeius
859 382 984 443 Domiti

68 472 269 548 exercituum,
303 477 355 532 aut
385 469 424 531 ad
447 469 528 530 aliud
547 487 637 547 quem
666 467 705 529 ad
735 467 908 547 angelatnm
934 467 985 541 (nt

67 557 107 616 sic
126 555 274 631 dixerim)
300 560 438 632 vocatur,
461 552 607 614 sacerdos
619 571 743 632 prorsus
755 569 816 611 non
835 552 883 625 sit,
907 550 987 609 sicat

67 639 134 699 Hos.
156 639 186 700 4.
211 637 298 697 dicit:
321 636 400 712 Quis
426 641 458 696 tu
479 636 615 716 repuiisti
639 613 815 702 scientiam,
840 632 987 713 repeilcm

66 727 92 781 ts
112 727 142 780 et
165 739 236 799 ego,
259 739 298 779 ne
320 718 494 780 sacerdotio
517 719 652 798 iungeris
682 718 764 780 mihi.
807 714 881 777 Inde
904 717 984 774 enirn

66 815 93 865 et
112 811 253 884 pastores
276 802 425 880 dicuntur,
449 801 531 881 quod
552 820 697 882 pascere,
727 800 757 860 id
781 806 845 877 est,
874 799 986 860 docere

66 885 202 948 debcant.
236 885 338 961 Quare
361 904 426 962 eos,
448 886 498 964 qui
512 893 628 945 tantum
652 884 689 944 ad
706 884 797 943 horas
820 883 985 943 canonicus

64 969 207 1050 tegendas
228 969 390 1028 et'misses
412 967 583 1028 offerendas
605 967 797 1044 ordinantur,
831 983 899 1025 esse
922 966 984 1044 qut·

65 1053 128 1112 dem
141 1053 321 1132 papisticos,
344 1050 397 1110 sed
421 1051 685 1112 conchristianos
705 1049 893 1124 sacerdotes,
916 1048 988 1127 quia

65 1153 121 1196 non
151 1133 247 1194 modo
276 1153 338 1194 non
366 1134 563 1214 praedicent,
596 1133 650 1194 sed
680 1152 737 1194 nee
769 1139 920 1194 vocantur
948 1130 986 1192 ad

64 1217 311 1300 praedicandum,
332 1219 395 1278 imo
418 1218 479 1277 hoc
500 1219 598 1297 ipsum
622 1218 736 1300 agitur,
766 1223 798 1276 ut
826 1217 865 1275 sit
886 1231 988 1275 sacer-

65 1301 176 1362 dotium
207 1299 370 1377 eiusmodi,
411 1301 487 1362 elius
521 1299 642 1379 quidem
680 1306 776 1359 status
813 1297 851 1359 ab
884 1295 987 1372 officio

85 1381 270 1445 medicandi.
313 1383 420 1463 ltaque
440 1383 566 1443 horales
588 1392 619 1444 et
641 1382 781 1443 missales
798 1388 868 1442 sunt
890 1399 989 1440 saeer-

65 1403 158 1549 gotes,
182 1466 214 1525 id
237 1473 292 1546 est,
314 1465 397 1526 idota
419 1465 569 1549 quaedam
594 1467 673 1541 viva,
695 1483 808 1526 nomen
822 1463 988 1524 'sacerdotii

65 1549 222 1627 habentis,
253 1564 322 1610 oum
351 1551 410 1608 sint
432 1548 505 1610 nihil
530 1550 645 1627 minus,
677 1549 783 1629 quales
812 1547 988 1608 sacerdotes

65 1632 248 1694 Hieroboam
271 1633 300 1692 in
315 1631 472 1692 Bethaven
495 1632 647 1693 ordinavit
660 1632 698 1692 de
709 1630 910 1692 inflmaiaece
927 1629 988 1709 plc-

65 1715 118 1793 tts,
140 1731 203 1775 non
229 1715 404 1794 degenere
426 1715 572 1776 Levitico.

143 1797 226 1858 Vide
243 1798 338 1876 igitur
365 1815 510 1877 quorsum
542 1798 679 1880 migrarit
707 1796 805 1876 gloria
826 1795 987 1857 ecciesiae.

67 1879 193 1959 Repleta
228 1887 274 1939 est
309 1882 408 1940 omnis
441 1888 521 1940 terna
552 1879 779 1955 sacerdotibus,
825 1879 988 1959 episeopis,

68 1961 269 2024 cardinatibus
290 1968 322 2022 st
344 1963 441 2036 ciero,
474 1982 602 2043 qnorum
625 1969 728 2024 tamen
762 1965 927 2042 (qnantum
950 1960 997 2022 ad

67 2045 197 2106 odicium
222 2047 358 2126 spectat)
386 2043 487 2106 nulius
514 2046 687 2127 praedicat,
713 2047 770 2106 nisi
800 2045 901 2105 denuo
930 2043 990 2104 aiis

67 2130 226 2189 vocatione
269 2128 346 2188 nitra
383 2127 520 2189 ordinem
561 2129 813 2190 sacramentalem
852 2133 988 2197 vocetur,

68 2211 114 2271 sed
138 2210 263 2272 abunde
284 2229 341 2272 sno
364 2218 557 2272 sacramento
581 2231 614 2272 se
637 2211 812 2272 satisfacere
835 2213 940 2290 putat,
963 2211 988 2269 si

68 2293 264 2373 huttoioginm
287 2293 315 2354 ic
339 2293 484 2355 sudorum
507 2313 632 2394 precum
660 2300 847 2355 emnrmnret
868 2301 900 2353 et
919 2293 989 2352 mis·

69 2391 112 2437 sas
129 2375 278 2449 cctsbtst,
321 2376 411 2444 dude
431 2395 486 2437 eas
508 2395 591 2458 rpsns
619 2378 710 2438 horas
733 2395 888 2462 nunquam
912 2381 988 2449 oret,

69 2463 123 2534 ant,
145 2461 171 2520 si
193 2466 278 2537 oret,
304 2477 362 2538 pro
385 2477 418 2519 sa
440 2466 522 2536 oret,
551 2468 642 2541 atque
665 2463 772 2521 missas
795 2477 866 2519 snas
891 2460 989 2538 (quae

70 2559 183 2603 summe
206 2548 254 2602 est
273 2543 477 2621 perversitas)
501 2559 557 2603 ceu
571 2543 753 2604 sacrificium
777 2543 885 2602 offerat
901 2542 988 2619 (eum

71 2625 156 2685 missa
176 2626 219 2684 sit
237 2641 312 2684 nsns
330 2627 544 2701 sacramenti),
566 2633 599 2708 ut
620 2627 813 2706 perspicuum
837 2625 884 2698 sit,
908 2621 988 2684 ordi·

71 2725 149 2783 nsm,
180 2708 234 2787 qni
261 2707 344 2766 vetut
372 2714 596 2769 sacramentum
623 2709 685 2769 hoc
713 2709 869 2768 hominum
891 2725 989 2788 genna

71 2790 95 2848 tn
116 2791 245 2852 derisus
268 2789 399 2870 ordinas,
422 2809 491 2852 esse
512 2809 600 2869 vere,
621 2811 705 2851 mere
727 2792 914 2869 omninoque
934 2789 989 2869 tig-

72 2881 199 2934 mentum
219 2891 261 2932 ex
289 2872 463 2934 hominibus
486 2881 607 2950 natum,
635 2874 708 2934 ndril
733 2873 770 2933 de
791 2893 825 2934 re
848 2873 989 2934 ecelesia·

71 2956 148 3036 stica,
172 2955 211 3015 de
228 2954 420 3032 sacerdotio,
449 2955 488 3017 ds
510 2958 678 3018 ministerio
700 2955 800 3032 verbi,
829 2956 868 3016 de
889 2973 989 3015 sacra-

71 3039 172 3099 mentis
201 3037 456 3116 novigentinus,
489 3046 539 3117 ut,
560 3039 652 3120 quote
681 3047 727 3100 est
754 3047 988 3111 sacramentum,

74 3120 141 3181 tates
181 3129 213 3181 ct
244 3119 359 3182 habeat
393 3121 581 3183 sacerdotes.
632 3121 749 3198 Quibus
780 3122 931 3182 erroribus
959 3128 989 3179 et

73 3202 261 3266 saedtatibus
283 3201 313 3262 id
339 3206 472 3264 accessit
493 3206 617 3266 maioris
639 3206 840 3285 captivitatis,
871 3223 932 3283 quo
955 3221 989 3279 se

74 3284 153 3346 istius
173 3305 195 3346 a
215 3285 325 3346 asteris
344 3286 537 3359 Christianis,
558 3295 703 3376 tanquam
725 3288 871 3370 profanis,
889 3302 989 3346 secer-

72 3370 320 3448 nerentscipsos,
342 3369 653 3450 simtdetticytetes
675 3369 850 3430 sacerdotes
873 3374 987 3430 eastre·

76 3458 183 3527 rarnnt,
204 3457 236 3512 et
257 3451 407 3512 castitate
428 3459 596 3514 onerarunt
617 3453 855 3514 simulatissimo.

146 3534 211 3595 Nec
235 3535 311 3594 satis
338 3541 404 3596 erat
430 3535 585 3616 hypocrisi
615 3543 648 3596 et
676 3535 848 3616 operationi
877 3534 987 3594 erroris

78 3614 168 3694 tries,
187 3616 353 3700 digamiam
376 3618 554 3699 prohibere,
571 3618 637 3679 hoc
663 3625 730 3694 est,
753 3635 791 3676 ne
816 3615 883 3694 qais
912 3615 988 3674 dues

77 3715 180 3762 uxores
199 3698 330 3761 haim
348 3701 449 3782 simul,
470 3707 503 3762 nt
522 3702 554 3762 in
577 3696 647 3782 iege
663 3699 756 3762 debat
780 3696 828 3773 (id
845 3695 987 3758 enimai-
