2254 4008
114 167 135 232 8
271 167 439 239 Exemplum
458 168 649 238 responsionis
668 165 710 222 El.
727 163 858 222 bliderici

116 324 220 388 heberi
243 328 275 386 et
295 322 470 404 edproberi,
494 322 576 402 quod
599 329 701 384 temen
714 340 771 383 nos
793 323 823 382 in
836 318 938 384 medio
950 318 1045 382 relin-

118 411 248 489 quimus,
273 413 303 468 et
325 415 360 478 ut,
379 407 417 468 de
439 407 518 467 illius
541 406 682 469 doctrine
702 426 764 468 non
783 404 1044 487 prseiudicsmus,

118 495 292 554 itesuorum
305 491 482 572 dogmatum
491 489 699 552 defensionem
706 491 765 570 ipsi
775 491 874 556 sutori
886 491 1042 570 integram

119 575 327 655 relinquimus,
350 577 528 656 praesertim
551 594 620 635 cum
642 580 707 635 tote
719 573 796 636 hoec
808 592 901 633 csuse
914 573 953 634 sd
967 571 1044 652 legi·

117 663 222 721 timum
237 659 444 738 cognitionem
467 659 581 720 reiecto
594 659 641 732 sit,
664 658 712 719 cui
735 675 804 718 sese
815 658 883 737 ipse
899 655 1044 732 subiecit,

116 744 170 820 sio,
193 749 226 803 ut
249 739 392 802 obtulerit
414 760 448 802 se
470 740 552 822 apud
563 741 744 801 Pontificius
766 741 934 801 sanctitatis
949 740 1046 801 Gom·

118 826 288 887 missorium
310 827 371 885 iem
396 824 557 903 delectum,
580 825 685 904 eequis
698 823 937 900 conditionibus,
959 821 1046 882 vide·

115 910 189 970 licet
220 909 365 989 imposita
394 909 536 969 cantione
569 907 607 968 de
639 908 868 968 assecuratione
897 926 950 966 seu
979 904 1047 965 lide

116 989 254 1074 publice,
284 991 462 1062 obedienter
476 992 720 1071 ,competitorum
743 1010 813 1057 esse
840 989 880 1052 nd
912 988 1046 1050 redden·

118 1075 187 1136 dem
213 1076 363 1136 rationem
386 1093 508 1150 eorum,
532 1094 613 1156 quoe
635 1073 739 1136 docuit
761 1073 964 1153 subscripsit,
990 1070 1047 1132 sd-

118 1159 181 1220 dite
204 1160 294 1221 etiem
318 1158 459 1219 uberiore
481 1157 692 1220 submissionis
721 1163 752 1218 et
773 1157 966 1219 obedientius
989 1153 1047 1216 ob·

118 1242 244 1319 lotione,
266 1261 310 1320 se,
333 1243 358 1301 si
381 1240 419 1301 de
440 1242 549 1320 quovis
572 1260 628 1303 suo
653 1240 798 1321 dogmate
820 1239 902 1304 eliud
925 1245 955 1300 et
976 1257 1045 1299 rec·
1095 1269 1123 1284 ..r

118 1326 185 1388 tien·
200 1331 242 1386 eir
260 1320 357 1386 uerbo
368 1323 426 1385 Del
449 1323 578 1385 edoctus
599 1330 631 1384 et
643 1326 722 1384 veris
746 1323 927 1384 testimoniis
939 1321 1049 1402 Scrip-

117 1407 396 1482 consenescere
424 1408 588 1471 convietus·
613 1407 720 1486 fuerit,
750 1407 828 1468 ultro
858 1411 1048 1468 mutaturum

119 1493 303 1553 sententium
327 1497 359 1552 et
369 1496 595 1552 recanteturum
609 1510 688 1566 esse,
712 1495 746 1550 ut
766 1510 806 1550 ex
820 1485 1047 1569 ipseforme*)

119 1575 353 1636 Protestetionis
376 1594 430 1635 seu
454 1572 617 1634 oblationis
639 1573 678 1634 eb
700 1575 768 1654 ipso
796 1572 878 1634 edita
905 1577 1048 1652 opperet.

200 1657 266 1718 Etsi
289 1664 391 1719 sutem
413 1675 475 1718 non
498 1657 572 1717 setis
595 1676 709 1718 censae
727 1662 802 1733 eret,
825 1674 879 1716 our
900 1654 939 1715 ed
962 1655 1049 1714 bunc

119 1739 243 1802 modum
256 1759 289 1801 se
313 1741 451 1802 offerenti
467 1738 585 1819 aliquid
604 1741 705 1800 oneris
726 1745 887 1819 praetereo
906 1739 1048 1818 impone·
1122 1781 1123 1788 ι

118 1831 210 1901 retur,
231 1843 289 1884 nos
303 1829 416 1902 temen,
439 1823 616 1904 priusquam
639 1842 688 1882 res
711 1822 827 1882 cdbns
850 1820 1049 1882 conditiones

121 1906 340 1985 deduceretur,
367 1907 428 1970 hoc
457 1907 547 1967 etism
571 1924 640 1966 eum
664 1906 733 1987 ipso
756 1904 892 1966 Doctore
912 1903 1049 1964 biertino

119 1989 251 2051 bothero
281 1991 399 2070 egimus
432 2008 469 2050 ec
502 1989 674 2068 effecimus,
710 1994 743 2049 ut
775 2007 832 2048 sne
865 1993 976 2068 sponte
1006 2005 1050 2046 ex

117 2080 224 2134 nostre
257 2071 373 2133 ditione
408 2077 438 2132 et
474 2071 634 2132 academie
666 2091 737 2133 sese
771 2089 928 2132 cessurum
974 2087 1049 2130 esse

117 2155 322 2236 polliceretur.
359 2155 399 2215 ut
412 2154 534 2233 quidem
547 2157 608 2215 iem
630 2155 785 2233 cessisset,
806 2155 863 2214 nisi
883 2154 950 2232 ipse
962 2153 1049 2213 Nun-

44 2313 47 2316 ,
119 2239 184 2298 cius
206 2237 386 2299 Pontidoiae
408 2239 596 2316 sanctitatis,
617 2238 656 2302 D.
679 2237 808 2299 Carolus
831 2257 850 2298 o
870 2237 984 2312 Mittis,
1002 2237 1049 2296 in·

119 2320 321 2397 tercessisset,
343 2321 445 2381 multis
467 2320 609 2400 precibus
632 2319 758 2381 anobis
782 2319 983 2394 contendens,
1007 2337 1050 2378 nc

120 2404 208 2465 illum
231 2401 467 2481 dimitteremus,
489 2410 628 2464 metuens
652 2403 809 2480 videlicet,
840 2422 879 2463 ne
901 2421 934 2464 se
955 2403 987 2463 in
1009 2421 1051 2463 ee
1122 2425 1123 2430 ¹

119 2488 191 2548 locs
212 2486 383 2564 conferret,
406 2485 457 2548 ubi
480 2487 576 2548 multo
599 2485 721 2547 liberius
744 2492 775 2548 et
794 2487 888 2548 tutius
911 2485 1048 2547 scribere

120 2576 151 2630 et
172 2589 265 2648 cgere
287 2575 394 2651 posset
416 2587 494 2648 queo
516 2569 618 2646 vellet,
642 2569 892 2650 qusmhsctenns
906 2574 1046 2630 nostram

120 2651 289 2714 etecholae
309 2658 435 2714 nostroe
446 2653 640 2714 autoritatem
654 2653 802 2726 recentes
813 2653 928 2716 iecerit.
952 2650 1047 2727 Quod

53 2775 58 2784 α
119 2742 153 2797 ui
174 2742 352 2814 sereretur,
384 2736 553 2799 consultius
589 2737 688 2796 visum
718 2736 790 2813 fnit,
821 2755 891 2796 eum
914 2755 934 2796 e
954 2733 1047 2796 nobis

119 2819 251 2882 retineri.

200 2899 255 2962 His
278 2905 309 2962 st
334 2899 402 2963 eliis
430 2899 567 2981 pluribus
595 2898 633 2961 de
657 2901 757 2961 csusie
786 2901 958 2976 indicemus
985 2917 1047 2962 nos

117 2986 161 3044 ite
181 2983 323 3045 omnibus
345 2989 493 3064 purgatos
522 2997 592 3044 esse
614 2983 736 3063 debere,
766 2989 798 3044 ut
819 3003 911 3046 nemo
933 2983 1046 3045 merito

121 3067 169 3126 vel
189 3066 231 3127 de
252 3065 341 3128 nobis
365 3066 447 3127 mele
467 3065 642 3148 suspicandi
656 3085 779 3128 censam
801 3067 923 3148 hebent,
946 3066 1046 3128 mullo

119 3151 220 3210 minos
242 3149 509 3230 suggillationibus
520 3155 551 3210 et
572 3149 648 3210 false
663 3149 874 3212 criminatione
885 3168 943 3212 nos
957 3167 1047 3230 pree·

119 3231 277 3314 gerendi.
322 3231 435 3308 Quare
463 3231 644 3294 confidimus
674 3240 778 3294 nostre
804 3233 931 3312 negotis
961 3231 1047 3314 epod

119 3316 314 3376 ss'notitotem
336 3313 528 3376 Pontifioiem
557 3315 619 3376 hoo
640 3317 764 3378 nomine
790 3317 865 3376 nihil
901 3315 963 3378 odii
992 3321 1048 3377 eut

121 3397 408 3478 impedimentorum
431 3397 573 3460 habiture
594 3414 671 3463 esse.
715 3399 796 3459 Vere
818 3398 972 3460 enimhoc
994 3397 1047 3460 sd·

107 3479 241 3541 *firmare
263 3483 446 3567 possumus,
473 3500 531 3544 nec
560 3481 649 3543 nobis
677 3481 843 3561 quidquem
870 3480 984 3543 tristius
1015 3487 1048 3542 et

178 3649 209 3717 ·)
232 3649 322 3720 Supro
339 3665 404 3720 psg.
424 3650 451 3705 4.
