2254 4008
325 157 361 216 D.
379 157 414 214 Ι
432 157 514 214 Lucu
532 155 719 214 Prssludium.
779 166 788 178 ¹
948 151 990 220 93

149 311 260 374 Verum
284 311 420 393 gaudeo,
447 313 513 374 istis
541 311 740 374 dedecorosis
762 306 880 389 iegibus
902 328 988 370 suam

77 396 189 458 undem
212 401 379 478 contigisse
400 397 547 476 gloriam,
578 414 688 475 nempe
710 412 815 454 earum
840 392 989 454 beneficio

74 480 157 540 hodie
186 479 398 540 Romanenses
434 481 504 539 tacti
537 487 609 538 sunt
640 478 868 539 nundinatores.
911 475 992 552 Quid

75 564 146 624 euim
167 561 323 623 vendunt?
357 562 472 622 Vulvos
494 573 525 622 et
547 559 715 641 veretral).
763 561 850 620 Merx
876 561 993 620 scilicet

76 646 246 724 dignissima
274 647 494 706 mercatoribus
515 645 598 722 istis,
626 662 700 724 prae
730 644 860 703 avaritie
888 654 917 704 et
939 644 992 703 iur-

74 730 179 810 pietate
217 727 286 808 pius
318 747 410 808 quam
432 728 648 788 sordidissimis
682 733 713 787 et
736 725 993 786 obscoenissimis.

74 810 146 872 Nihil
169 813 250 870 enim
274 822 320 870 est
346 811 633 891 impedimentorum
662 809 769 886 bodie,
799 809 882 887 quod
904 811 993 868 iuter·

75 893 194 954 cedente
216 893 466 954 Mommorranon
487 893 541 954 tint
564 893 742 972 legitimum,
765 893 894 970 utieges
915 893 993 952 istac

8 971 9 990 ¹
74 977 226 1036 bominum
249 995 310 1036 non
339 978 400 1036 olis
428 995 522 1036 causa
544 978 702 1035 videantur
731 985 838 1052 notae,
873 977 929 1034 nisi
962 981 994 1033 ut

74 1057 233 1136 aliquando
277 1068 379 1120 essent
411 1061 510 1118 avaris
555 1059 729 1120 hominibus
769 1059 994 1137 sepositosque

73 1141 235 1202 Nimbrotis
268 1145 345 1203 retia
383 1145 580 1222 pecuniarum
615 1152 645 1201 et
677 1141 776 1219 laquei
813 1143 994 1218 animarum,

74 1233 225 1302 staretque
251 1225 283 1284 in
313 1227 444 1287 ecclesia
470 1225 526 1284 Dei
559 1225 631 1284 loco
663 1231 772 1284 sancto
805 1224 994 1297 abominatio

74 1310 142 1386 ista,
181 1326 263 1385 quae
296 1309 441 1368 venderet
470 1308 644 1368 bominibus
679 1307 801 1387 publice
839 1317 996 1385 utriusque

74 1408 159 1449 sexus
181 1390 377 1471 pudibunda,
400 1410 454 1450 seu
478 1389 529 1473 (ut
551 1390 706 1470 Scriptura
729 1398 837 1465 vocat)
868 1391 996 1469 ignomi-

75 1475 133 1532 nias
157 1484 188 1532 et
212 1476 389 1552 turpidines,
411 1492 487 1554 quas
510 1484 611 1534 tamen
634 1483 725 1532 autea
746 1491 801 1552 per
815 1474 873 1532 vim
893 1475 995 1552 legum

74 1574 190 1614 suarum
216 1559 399 1636 rapuissent.
442 1556 468 1616 0
491 1556 791 1638 dignapontiiicibus
813 1559 925 1616 nostris
946 1573 996 1616 ne-

74 1640 213 1717 gotiatio,
234 1657 325 1718 quam
347 1659 404 1725 pro
426 1641 578 1720 evangeiii
602 1641 785 1715 ministerio,
817 1639 899 1718 quod
922 1657 996 1719 prae

74 1723 202 1781 avaritia
225 1735 256 1781 et
278 1725 444 1784 ambitione
467 1731 681 1801 contemnunt,
712 1739 832 1782 summo
855 1740 923 1782 oum
947 1723 997 1782 de·

74 1802 223 1880 decore2)
262 1814 293 1865 et
326 1807 479 1886 turpidine
512 1809 543 1867 in
576 1823 698 1866 sensum
732 1806 894 1886 reprobum
924 1805 996 1882 dati,

74 1894 263 1950 exercerent.

151 1970 216 2031 Sed
239 1969 311 2049 quid
334 1969 434 2032 dicam
457 1976 509 2032 aut
529 1971 662 2033 faciam?
693 1971 724 2032 st
753 1970 874 2050 singula
896 1987 997 2048 perse-

74 2070 154 2132 quor,
176 2054 362 2114 immodicus
384 2056 443 2116 erit
452 2073 565 2135 sermo,
589 2056 803 2115 confusissime
825 2054 905 2114 enim
928 2059 999 2113 sunt

75 2137 193 2214 omnia,
224 2145 257 2196 ut
278 2137 409 2216 nescias,
433 2139 513 2200 unde
536 2139 721 2214 exordiens,
752 2156 813 2216 quo
836 2136 999 2216 procedas,

75 2230 102 2278 et
123 2220 175 2278 ubi
200 2221 362 2284 consistas.
403 2220 473 2282 Hoc
495 2224 575 2301 scio,
607 2221 721 2281 nuliam
752 2239 815 2280 rem
844 2217 998 2299 publicam

76 2303 194 2382 iegibus
216 2302 344 2362 feliciter
365 2303 580 2365 administrari.
623 2303 654 2365 Si
677 2305 757 2365 enim
780 2309 914 2384 prudens
938 2303 1000 2362 iue-

75 2387 110 2444 rit
131 2388 346 2466 magistratus,
374 2386 467 2448 ductu
489 2398 616 2450 naturae
638 2388 742 2448 omnio
762 2387 879 2448 feticius
902 2385 998 2445 admi·

76 2470 214 2528 nistrebit
236 2487 327 2548 quom
349 2468 486 2550 iegibus3
507 2473 533 2531 si
555 2470 687 2550 prudens
710 2489 771 2531 non
795 2470 903 2544 fuerit,
927 2469 999 2548 iegi-

46 2579 49 2586 ·
77 2551 128 2612 bus
150 2553 227 2612 nihii
250 2555 445 2631 promovebit
473 2555 530 2616 nisi
559 2555 688 2632 metum,
718 2572 787 2614 cum
815 2553 932 2612 nesciat
956 2551 999 2611 eis

8 2695 9 2704 ,
77 2635 115 2693 uti
138 2653 199 2694 nec
221 2653 275 2694 eas
296 2654 353 2715 pro
377 2645 516 2717 tempore
544 2638 712 2701 moderare.
754 2638 828 2698 ideo
856 2637 886 2697 in
910 2634 1000 2696 rebus

77 2718 205 2796 publicis
229 2720 326 2798 magis
348 2723 514 2780 curandum
536 2731 599 2800 est,
627 2730 660 2781 ut
689 2721 761 2781 boni
784 2729 814 2781 et
836 2718 1000 2800 prudentes

78 2801 127 2860 riri
148 2803 299 2881 praesint,
321 2819 412 2880 quam
425 2810 459 2862 ut
478 2803 564 2884 leges
585 2808 729 2883 t'erontur,
751 2806 809 2885 ipsi
820 2807 900 2865 enim
914 2809 1002 2863 eruut

78 2885 211 2962 optimae
241 2884 343 2964 leges,
375 2904 498 2947 omnem
531 2890 710 2951 varietatem
740 2907 865 2948 ossuum
902 2885 1002 2946 vivaci

8 3007 9 3028 2
79 2969 233 3045 aequitate
254 2967 425 3033 iudicaturi.
468 2970 606 3047 Quodsi
629 2971 708 3032 adsit
727 2973 856 3032 eruditio
880 2970 1002 3029 divinae

79 3067 145 3108 cum
169 3050 331 3129 prudentio
352 3055 492 3132 naturali,
515 3058 606 3139 piane
627 3053 811 3135 superfluum
829 3062 860 3114 et
875 3054 1002 3114 noxium

80 3140 125 3192 est
146 3135 278 3213 scriptos
301 3135 385 3215 teges
407 3137 536 3222 habere,
563 3158 655 3218 super
677 3140 780 3199 omnia
802 3147 903 3198 sutem
927 3133 1001 3195 cari-

81 3223 125 3274 tas
147 3217 238 3276 nullis
264 3237 388 3298 prorsus
416 3221 534 3302 iegibus
563 3221 731 3302 indiget³).
783 3223 860 3282 Dico
889 3229 1002 3294 tamen,

82 3305 111 3356 et
131 3300 213 3379 quod
235 3303 266 3362 in
290 3321 338 3362 me
360 3312 407 3364 est
427 3305 525 3388 facio,
553 3327 681 3370 monens
704 3317 735 3367 et
756 3323 869 3386 rogans
892 3318 1000 3364 omnes

112 3517 166 3585 ’1)
184 3515 217 3570 Iu
235 3516 278 3570 ed.
298 3517 357 3573 Jen.
375 3523 404 3570 st
422 3518 547 3572 Witteb.:
574 3516 689 3570 Ventres
708 3521 736 3568 et
753 3529 787 3568 es
809 3527 881 3582 quas
901 3471 1004 3566 reatris

87 3594 155 3641 sunt
189 3590 219 3652 2)
239 3589 269 3642 ln
288 3588 332 3656 ed,
352 3593 437 3658 erige
458 3589 565 3643 dacore.
602 3587 633 3652 3)
652 3587 684 3640 ln
701 3587 745 3640 ed.
762 3583 826 3640 deu.
844 3593 872 3639 et
891 3583 1002 3638 Witteb.

88 3658 181 3714 desunt
198 3663 284 3716 verbe
300 3661 366 3715 inde
384 3676 412 3715 s:
432 3662 501 3715 Hoc
519 3663 610 3725 scio,
629 3672 718 3726 nsque
735 3657 786 3713 adt
804 3657 955 3724 indiget
