2252 4006
312 184 365 240 fida
383 189 476 238 intusa
494 185 523 238 et
540 187 682 256 acquisita.
907 182 969 248 273

53 344 110 398 tum
133 344 178 398 est
199 339 226 398 ei
250 338 289 399 ad
310 340 464 402 iustitiam.
500 337 590 414 Quod
613 338 855 419 apostolusdicit
876 339 969 419 scrip·

52 433 108 480 tum
131 430 254 500 propter
277 441 343 497 nos,
368 430 399 482 ut
421 431 451 480 et
473 442 528 480 uos
551 423 712 482 credamus
724 423 922 501 promittenti,
938 431 970 481 ut

50 501 246 566 justificemur.
294 504 376 585 Ergo
400 506 573 564 necessaria
596 515 642 564 est
663 504 749 564 fides.

126 585 241 662 Tertio,
264 587 408 667 exemplo
431 587 597 646 Zachariae
620 587 720 664 chae
742 593 776 662 l.,
800 586 861 665 qui,
885 585 967 663 quod

50 688 105 726 non
139 667 268 728 credidit
301 670 412 749 angelo
444 671 630 749 promittenti
661 668 829 731 Iohannem
863 667 968 746 filiurn,

50 769 208 830 percussus
231 759 287 829 est,
310 763 342 813 ut
364 760 445 813 esset
467 767 577 812 mutus.
620 751 722 827 Quare
744 751 819 812 fides
842 754 968 812 omnino

49 843 91 892 est
113 837 297 897 necessarie.

127 914 255 994 Quarto,
269 917 328 977 huo
350 918 503 996 pertinent
515 918 657 996 exempla
679 917 731 976 illa
752 917 790 976 ad
813 915 904 976 Hebr.
920 920 967 992 ll,

49 1016 124 1076 quae
146 999 308 1079 apostolus
331 1000 446 1060 iudicet
474 1000 511 1059 de
542 999 600 1058 fide
624 1000 816 1078 antiquorum
841 1011 969 1078 patrum,

48 1081 969 1162 etomniamiraculaCbristiiuEvangelio,ubisemperprae-

48 1165 202 1242 requisivit
223 1163 314 1225 fldem
338 1183 452 1227 eorum.
498 1164 585 1224 Unde
607 1165 645 1223 ad
669 1165 850 1244 prelyticum
874 1164 968 1224 dixit:

48 1245 188 1323 Confide,
220 1246 278 1324 flli,
304 1249 497 1308 remittuntur
524 1245 576 1306 tibi
607 1255 735 1326 peccata
763 1254 825 1308 tua.
868 1247 908 1306 m
930 1245 969 1308 ad

49 1328 201 1388 Abrabam
230 1328 294 1390 Iob.
324 1335 372 1392 ll:
403 1329 435 1390 st
455 1327 635 1403 credideris,
668 1329 730 1389 dixi
753 1329 821 1405 tibi,
851 1329 968 1390 videbis

48 1411 172 1490 gloriam
198 1411 256 1474 dei.
300 1411 350 1473 Sic
371 1411 492 1472 Petrum
511 1412 722 1491 reprebendit;
744 1411 885 1472 Modicus
898 1412 969 1472 fidei

47 1511 136 1572 quare
160 1493 328 1555 dubitasti?
374 1498 404 1554 lu
426 1495 472 1554 his
496 1502 526 1555 et
558 1494 698 1554 omnibus
734 1495 801 1555 aliis
832 1495 969 1555 videmus

49 1578 252 1655 praecessisse
274 1577 364 1638 fldem
388 1578 588 1638 certissimam
612 1597 703 1638 omne
714 1577 890 1638 miraculum
915 1586 968 1638 aut

49 1660 174 1737 gratiam
198 1659 256 1722 dei.
300 1659 340 1718 tn
363 1661 455 1720 totius
480 1659 654 1738 Scripturas
676 1661 823 1728 historiae
837 1659 968 1738 probant

49 1740 134 1818 idem,
156 1742 314 1821 quomodo
337 1741 529 1804 credentibus
552 1743 626 1803 deus
657 1741 790 1818 affuerit,
821 1755 851 1803 et
872 1745 966 1804 incre·

49 1823 132 1884 dulos
153 1837 276 1905 semper
296 1825 451 1904 reliquerit
472 1827 502 1884 in
526 1829 609 1886 omni
632 1845 734 1906 opere.
759 1825 882 1901 Quanto
906 1846 967 1886 ma·

49 1907 105 1986 gis,
138 1908 164 1966 si
191 1908 222 1968 in
253 1927 365 1988 magno
400 1909 460 1968 isto
491 1927 584 1988 opere
616 1920 877 1969 sacramentorum
905 1929 966 1970 non

49 1990 271 2068 crediderimus,
294 1992 367 2051 nibil
389 1991 480 2052 faciet
501 1991 661 2052 nobiseum
685 2000 740 2051 etc.

297 2179 514 2240 Conclusio
536 2179 719 2240 secunda.

127 2317 240 2378 Fides
269 2321 466 2398 acquisita
494 2318 580 2378 sine
610 2319 744 2378 inlusa
771 2319 864 2378 nibil
891 2327 968 2398 est3
1059 2303 1070 2330 ’

50 2401 170 2464 intusa
192 2405 275 2462 sine
312 2402 511 2480 acquisita
540 2402 670 2461 omnia
704 2407 770 2462 est.
820 2401 968 2463 Probatur

51 2484 158 2562 primo:
184 2484 263 2561 Quia
285 2487 383 2546 omnis
406 2485 500 2545 homo
522 2483 655 2546 mendax
670 2490 701 2544 st
723 2485 864 2545 universe
886 2488 968 2547 veni·

51 2575 93 2626 tas
114 2569 213 2628 omnis
236 2568 329 2628 bomo
353 2569 468 2628 vivens.
511 2565 614 2642 Quare
636 2568 735 2628 omnis
759 2569 966 2647 generisopus

51 2657 132 2710 extra
160 2651 290 2730 gratiam
313 2650 362 2711 dei
385 2656 544 2730 peccatum
574 2657 628 2710 est.
673 2649 732 2710 Sed
761 2647 838 2708 fldee
864 2651 968 2730 acqui·

52 2732 167 2792 sitaest
189 2733 309 2792 babitus
332 2733 379 2792 vel
402 2740 498 2812 actus,
530 2741 563 2790 ut
597 2731 715 2808 dicunt,
750 2732 891 2792 humanis
927 2736 966 2792 vi·

51 2813 126 2874 ribus
155 2824 289 2896 paratus.
338 2814 440 2891 Quare
471 2817 537 2894 ipse
560 2835 656 2875 venus
685 2824 713 2874 et
749 2816 883 2875 mendax
912 2825 968 2878 est.

53 2896 123 2958 llam
144 2899 175 2958 in
193 2899 258 2959 'hoo
286 2898 476 2959 concordant
497 2900 588 2956 etiam
619 2897 760 2958 doctores
783 2897 969 2976 scholastici,

54 2981 129 3058 quod
152 2982 247 3042 virtus
269 2981 317 3041 vel
340 3001 418 3060 opus
441 2988 529 3041 extre
551 2982 679 3059 gratiam
704 2998 763 3040 non
787 2982 827 3039 sit
849 2981 968 3041 merito·

52 3063 121 3124 rium
143 3069 175 3124 et
194 3065 316 3126 malurn.
361 3063 420 3124 Sed
450 3062 526 3122 fldes
548 3063 699 3142 acquisita
720 3071 767 3122 est
793 3064 886 3124 virtus
917 3083 967 3123 na·

55 3151 115 3206 tura
136 3148 284 3226 acquisita
306 3155 336 3208 et
358 3146 535 3208 naturaliter
558 3165 705 3225 operans,
727 3163 822 3224 quare
843 3165 968 3226 prorsus

56 3228 121 3288 nibil
149 3238 195 3290 est
223 3229 262 3290 ed
288 3235 529 3305 sacramentum,
560 3229 606 3288 vel
629 3231 757 3309 gratiam
786 3231 968 3288 sacramenti

57 3312 280 3391 assequendam.

131 3394 282 3473 Secundo,
303 3394 379 3456 fides
402 3391 545 3455 Abrabae
576 3391 663 3456 Rom.
687 3395 715 3454 4.
739 3393 827 3455 nobis
856 3395 887 3452 in
916 3413 968 3453 ex-

60 3479 181 3557 emplum
204 3479 305 3558 posita
326 3497 386 3538 non
412 3484 513 3558 potest
535 3475 573 3536 de
596 3477 746 3555 acquisita
765 3475 903 3616 intelliqi,
913 3475 966 3536 sed
994 3521 999 3530 .

60 3558 92 3618 de
110 3561 205 3622 inlusa
225 3581 281 3640 per
303 3560 446 3641 Spiritum
470 3570 618 3622 sanctum.
643 3559 784 3640 Alioquin
796 3557 864 3620 Pau
880 3559 888 3617 i
903 3565 969 3620 tota

59 3644 177 3721 epistola
200 3655 363 3722 corrueret,
386 3647 413 3704 iu
439 3663 499 3725 qua
521 3649 614 3721 negat
634 3649 664 3702 et
686 3640 820 3716 destruit,
834 3640 967 3718 aliquem

79 3757 164 3801 nmen
177 3772 228 3812 opp.
243 3761 269 3802 v.
285 3761 312 3800 n.
327 3759 361 3802 aa
380 3760 420 3800 rer.
435 3759 484 3802 ua.
499 3761 513 3800 r.
528 3771 552 3809 p.
564 3758 614 3800 vor.
628 3757 655 3798 v.
849 3725 886 3790 18
