2252 4006
115 143 179 217 220
309 145 439 204 Assertio
467 165 541 206 omn.
564 151 640 206 artic
660 149 693 205 D.
714 151 747 206 ll.
768 151 793 204 t.
813 168 862 221 par

339 305 578 368 Tricesimus
607 305 823 367 secundus:

181 440 267 526 Opus
279 415 393 502 bonum
412 442 526 522 optime
543 442 656 505 iactum
676 448 723 502 eat
737 441 857 502 veniale
868 450 1029 523 peccatum.

199 554 257 615 Hic
278 555 437 616 manileste
458 557 594 634 sequitur
615 575 655 616 ex
675 554 788 636 priore,
810 557 867 615 nisi
884 554 962 634 quod
982 557 1030 616 ad-

118 636 250 699 dendum
273 646 336 715 est,
361 637 443 718 quod
466 638 536 699 alibi
560 639 715 718 copiosius
738 637 817 714 dixi,
838 638 900 698 boc
921 640 1031 700 veniale

117 728 277 803 peccatum
302 741 363 782 non
386 730 495 782 natura
517 742 583 797 sua,
605 722 659 782 scd
682 722 891 782 misericordia
905 722 961 782 Dei
974 722 1033 784 tale

117 823 196 866 esse.
238 804 308 866 Nou
331 806 411 865 euim
436 805 512 866 dixit
532 804 688 879 David:*)
719 805 788 866 Non
812 804 1031 886 praemiabitur,

117 887 173 949 aed
195 906 255 947 non
279 888 520 949 iustificabitur
513 908 542 948 ru
558 896 725 969 conspectu
739 897 791 950 tuo
809 890 909 948 omnis
922 889 1030 950 vivens.

117 971 187 1032 Non
208 971 364 1031 iustificari
398 979 481 1032 certe
505 979 551 1032 est
573 971 727 1048 damnari,
761 973 804 1032 ita
836 991 927 1033 omne
961 991 1033 1052 mins

117 1055 187 1114 iusti
211 1053 384 1115 damnabile
405 1063 452 1115 est
473 1064 503 1114 et
525 1063 685 1135 peecatum
709 1038 853 1132 mortale,
870 1056 895 1114 ai
925 1055 1032 1115 iudicio

117 1137 174 1199 Dei
196 1136 354 1199 iudicetur.
398 1138 436 1198 Et
460 1138 648 1218 Augustinus
672 1157 733 1198 non
757 1138 846 1198 dixit:
870 1139 938 1199 Vae
959 1138 1034 1198 vitae

117 1221 273 1282 bominum
298 1221 401 1300 aliquo
423 1220 517 1282 modo
539 1221 701 1298 laudabili,
723 1221 776 1282 sed
799 1241 857 1282 vae
879 1228 1035 1302 quantum·

118 1323 238 1382 cunque
267 1303 421 1366 laudabili.
465 1302 531 1366 Va'e
560 1314 661 1366 autem
695 1305 774 1366 istud
809 1305 1034 1366 damnationem

117 1395 209 1448 sonat
230 1394 262 1449 et
283 1395 552 1466 quantumcunque
574 1387 736 1448 laudabilis
758 1389 821 1449 vita
838 1389 988 1468 optimam
999 1389 1037 1448 vi-

116 1477 179 1531 tam
202 1477 300 1532 sonat.
345 1471 384 1530 llt
405 1469 572 1551 Gregorius
594 1490 656 1532 non
674 1470 1037 1532 dixitzlustitiabumana

117 1554 309 1614 convincitur
327 1555 515 1634 imperfecta,
537 1553 591 1614 sed
615 1555 761 1614 iniustitia
783 1573 861 1630 esse,
884 1555 910 1613 si
925 1555 1036 1615 iudicio

119 1637 175 1696 Dei
199 1634 357 1698 iudicetur.
400 1637 475 1697 Item
498 1656 560 1697 non
585 1637 670 1712 dixit,
688 1637 812 1718 aliquod
827 1638 969 1698 meritum
987 1656 1037 1698 nc·

115 1725 210 1780 atrum
233 1720 386 1794 vitiosum,
409 1720 463 1780 sed
487 1738 579 1781 omne
601 1721 739 1790 meritum
761 1721 868 1782 vitium
892 1739 971 1782 esse.

199 1801 301 1878 Quare
323 1803 369 1862 his
392 1803 515 1863 Petrum
537 1811 568 1864 et
590 1803 763 1884 Scripturae
791 1803 918 1884 rupibus
951 1805 1038 1864 nixus

115 1904 230 1947 muoso
254 1885 493 1963 velmeder01)
527 1886 609 1947 huuc
641 1887 799 1948 articulum
833 1886 895 1947 hoc
928 1886 1038 1947 modo:

114 1968 200 2049 Opus
222 1968 335 2030 bouum
358 1971 474 2049 optime
504 1969 616 2030 lactum
650 1969 769 2030 veniale
800 1975 962 2050 peccalum
995 1977 1040 2030 est

116 2051 284 2113 secuudum
307 2053 547 2113 misericordiam
569 2052 637 2132 Dei,
659 2052 712 2112 sed
727 2053 856 2114 mortale
877 2061 1037 2134 peccatum

116 2134 283 2196 secundum
312 2135 457 2195 iudicium
479 2135 547 2196 Dei.
589 2136 697 2216 Neque
712 2137 791 2196 enim
815 2155 874 2216 ego
891 2144 954 2197 tam
969 2135 1037 2196 bac

115 2219 209 2279 retice
230 2238 297 2278 sum
320 2218 450 2296 locutus,
475 2221 554 2280 siout
576 2219 760 2299 Gregorius,
784 2220 955 2298 quitatum
980 2238 1036 2279 me·

115 2301 205 2363 ritum
229 2320 290 2362 uon
314 2301 414 2362 solum
436 2303 596 2376 vitiosum,
625 2302 680 2362 sed
703 2303 807 2362 vitium
830 2321 899 2363 esse
920 2303 1037 2365 asserit.

197 2383 284 2462 Vide,
307 2386 337 2444 in
367 2403 444 2464 quas
476 2384 650 2466 palinodias
685 2403 734 2444 me
766 2386 851 2465 cogit
871 2385 1037 2446 antichristi

115 2468 245 2530 Romani
258 2467 419 2527 rudissime
441 2468 557 2528 ruditas
580 2477 610 2528 et
631 2468 796 2548 impiisima
809 2471 963 2548 impietas,
978 2470 1035 2548 qui,

116 2569 184 2612 cum
207 2551 246 2611 sit
266 2551 360 2611 homo
382 2553 502 2630 peccati
525 2557 556 2612 et
576 2550 656 2611 lilius
668 2549 857 2630 perditionis,
870 2552 1037 2613 satisfactu-

114 2653 165 2694 rus
186 2633 234 2694 bia
255 2634 317 2694 suis
340 2633 530 2712 nominibus,
568 2641 697 2694 conatur
726 2631 817 2698 uobis
848 2634 1037 2696 abscondere

115 2723 245 2798 peccata
267 2723 373 2777 nostra
394 2723 423 2776 et
446 2735 549 2777 secum
572 2719 602 2778 in
624 2719 760 2798 peccatis
771 2719 942 2778 incrassare
956 2717 1036 2779 eta'd

114 2798 317 2880 perditionem
340 2799 470 2861 trabere.
493 2799 572 2877 Quid
596 2806 642 2861 est
662 2800 757 2861 bomo
771 2799 966 2882 peceati,”)
981 2801 1034 2861 nisi

115 2883 166 2963 qui
188 2901 318 2962 peecare
340 2883 440 2959 docet,
463 2884 514 2963 qui
536 2890 666 2964 peccata
681 2883 843 2944 abscondit
864 2892 895 2944 ct
916 2903 974 2964 pro
997 2885 1036 2944 iu-

115 2967 197 3026 stitia
218 2967 321 3044 iactat,
339 2967 391 3046 qui
418 2967 557 3026 timorem
574 2966 631 3026 Dei
654 2967 822 3046 exstinguit
843 2974 873 3026 et
893 2966 1038 3028 fiduciam-

116 3066 244 3129 operum
266 3049 364 3128 erigit
386 3049 525 3110 homines
549 3049 706 3130 superbire
728 3056 758 3110 et
780 3068 977 3129 praesumere
998 3050 1035 3110 ic·

114 3133 164 3208 cit,
186 3131 429 3192 misericordiam
439 3139 470 3193 et
479 3131 623 3192 iudicium
635 3131 693 3194 Dei
706 3133 799 3212 longe
811 3152 830 3193 a
842 3132 920 3193 incia
933 3141 1035 3195 nostra

114 3213 223 3296 ponit?
266 3214 306 3274 At
328 3215 388 3274 hcc
409 3214 497 3291 iacit,
526 3215 579 3294 qui
606 3222 699 3296 nogat
726 3214 839 3276 bonum
863 3234 940 3296 opus
969 3235 1033 3277 ease
1110 3229 1111 3234 ’

115 3303 287 3378 peccatum,
301 3316 340 3356 ne
361 3295 532 3356 homines
525 3317 554 3358 rn
573 3299 682 3359 timore
704 3306 735 3358 et
747 3297 916 3372 bumilitate
932 3300 970 3361 ad
985 3299 1032 3359 mi·
1110 3369 1111 3380 ,

116 3378 516 3454 concordiamDei,unicum
531 3380 690 3461 refugium,
704 3380 891 3462 confugiant.
909 3382 1032 3444 Vaeilli

119 3507 537 3526 Q·-

189 3582 216 3648 ·)
235 3582 323 3635 Psalm
347 3582 404 3636 143.
449 3581 497 3647 “l
518 3583 543 3638 2
564 3584 659 3643 Thess.
679 3587 704 3642 2.

190 3651 221 3721 t)
240 3651 271 3705 ln
290 3653 333 3706 ed.
352 3651 426 3709 den:
444 3653 581 3711 moderor.
