2262 4006
127 163 195 232 376
357 168 512 236 Responsio
531 167 564 222 D.
582 165 617 221 Η.
637 166 665 222 L·
683 166 716 219 nd
734 166 833 222 tibrum

130 341 188 384 neo
210 342 366 398 accusare,
388 341 446 382 nec
466 324 619 402 corrigere
640 330 804 403 peccantes
826 321 879 382 ulii
900 322 971 383 iicet
994 323 1055 382 nisi

131 425 241 488 popae,
264 407 315 486 qui
338 425 395 466 nec
417 408 442 465 si
466 407 538 466 velit
559 413 675 487 posset,
691 425 771 466 nunc
789 411 891 467 eutem
907 426 964 467 nen
978 405 1056 467 vuit.

130 489 209 552 Hinc
231 490 382 570 prodeunt
411 490 498 566 qussi
531 510 570 549 ex
604 489 695 569 adipe
732 491 904 569 iniquitates
934 508 1057 566 eorum,

131 573 202 634 hine
229 581 350 652 stupra,
387 572 552 646 adulterio,
574 574 808 649 fornicationes,
829 573 1057 648 immunditiae,

130 658 267 732 evantio,
289 656 381 732 fraus,
405 655 492 715 dolus
522 665 552 715 et
573 657 746 718 universum
770 657 864 717 chaos
887 655 1056 732 scelerum,

132 759 192 801 non
216 740 314 800 solum
338 739 504 815 abundent,
526 740 580 799 sed
602 749 731 818 regnunt
752 742 875 820 impune
905 739 992 801 nullo
1022 741 1058 799 ti-

132 841 218 884 more
251 841 350 901 neque
383 823 438 883 Dei
469 840 568 900 neque
599 822 763 886 hominum.
809 821 898 898 Quod
930 825 953 882 si
985 824 1057 902 quis

134 907 365 987 eos-corripiet,
388 905 437 965 hie
460 906 625 986 sacrilegus
647 908 676 965 in
701 904 893 988 privilegia¹)
910 925 1014 990 papae
1028 913 1060 966 et

135 989 238 1050 laesae
261 989 428 1049 maiestatis
450 1008 519 1048 reus
541 997 597 1050 est.
620 986 689 1049 Huc
711 992 862 1069 pertinent
882 990 934 1050 iila
952 1008 1058 1049 sacra-

131 1074 247 1132 tissima
266 1074 332 1132 iuro
345 1071 382 1131 de
404 1072 470 1131 foro
493 1075 678 1152 competenti
703 1081 733 1131 ut
755 1072 1057 1151 ornnioilla,quibus

132 1155 230 1215 clerus
253 1155 395 1215 eximitur
417 1176 434 1214 u
457 1155 602 1214 laicorum
635 1159 847 1233 accusatione,
880 1155 997 1216 iudicio
1028 1164 1058 1214 et

135 1238 279 1314 vindicte,
302 1257 370 1297 cum
393 1238 533 1298 omuibus
557 1257 635 1317 quae
657 1239 779 1301 habent.
822 1239 962 1318 Denique
987 1256 1057 1297 usu-

135 1341 195 1396 ras,
216 1319 353 1397 frendes,
386 1323 507 1400 rapinas
531 1321 601 1381 iecit
635 1325 678 1381 eis
711 1322 808 1382 licitus
841 1323 1058 1382 sanctissimus

132 1401 242 1467 Christi
265 1403 472 1474 sdversarius,
496 1404 565 1463 dum
589 1405 627 1464 ad
650 1405 763 1465 cultum
787 1406 843 1465 Dei
877 1405 1056 1486 augendum

38 1502 48 1511 ‘
132 1486 246 1549 reditus
273 1489 404 1566 iniquos,
427 1494 601 1547 contractus
623 1488 755 1560 illicitus,
776 1490 900 1569 rapinas
922 1487 1057 1549 donatas

133 1571 265 1631 admittit
277 1576 308 1629 et
317 1574 452 1648 gratiose
467 1571 623 1650 dispensat
645 1591 700 1650 pro
720 1571 893 1651 apostolice
916 1572 1055 1651 benigni-

134 1660 206 1717 tate.
250 1654 295 1713 De
325 1653 476 1714 coelibatu
500 1673 583 1734 veru,
606 1657 726 1734 quantis
746 1656 879 1734 peccetis
903 1663 934 1714 et
955 1654 1056 1736 perdi-

133 1736 415 1816 tionibusengendis
427 1743 563 1816 repertus
578 1758 596 1797 e
611 1744 720 1798 setene
742 1739 788 1812 sit,
811 1738 886 1798 elias
909 1739 1054 1798 diximus.

216 1820 263 1880 An
287 1819 434 1879 hebemus
456 1819 547 1879 tinem
576 1821 663 1879 huius
685 1820 810 1880 tartari?
852 1821 963 1881 Nonne
985 1820 1054 1881 sola

133 1905 312 1981 iuramenta,
335 1901 445 1981 quibus
459 1903 641 1982 Episcopus,
665 1903 857 1980 Sacerdotes,
871 1903 1052 1982 Monachus,

135 1986 300 2065 Principes,
323 1985 506 2045 Academias
530 1987 666 2060 involvit,
689 1994 829 2066 poterant
859 2006 928 2047 eum
951 1987 1052 2047 fucere

133 2071 286 2130 homiuem
310 2071 429 2147 pseusti
453 2068 596 2128 attilium
625 2070 826 2148 perditionis?
869 2068 944 2145 Quis
971 2072 1050 2130 enim

133 2153 182 2212 hio
204 2153 334 2231 periuria
356 2151 535 2211 recenseat?
564 2172 632 2212 oum
656 2172 746 2212 nemo
768 2153 831 2212 fere
853 2155 906 2230 sit,
937 2155 987 2232 qui
1013 2172 1049 2213 ex

133 2237 235 2295 animo
257 2237 345 2311 iuret,
369 2242 400 2294 et
421 2242 522 2294 temen
538 2236 638 2295 iurare
662 2237 791 2313 cogitur,
813 2238 878 2295 siue
897 2237 979 2296 omni
1002 2256 1052 2296 ue-

134 2319 277 2378 cessitate
300 2317 415 2394 salutis,
437 2318 468 2376 id
492 2323 547 2392 est,
569 2337 681 2377 nomen
704 2318 761 2378 Dei
783 2321 812 2377 in
836 2338 946 2379 venum
969 2338 1051 2380 assu-

132 2420 223 2463 mere.
268 2398 357 2474 Quod
380 2403 459 2461 enim
484 2400 584 2460 cordis
607 2400 717 2460 effectu
751 2419 810 2462 non
835 2401 883 2479 fit,
920 2421 1000 2462 vana
1023 2411 1052 2462 et

132 2503 200 2544 oum
224 2492 353 2564 peccota
375 2482 419 2544 flt.
461 2483 512 2544 sie
545 2486 625 2543 euim
660 2485 803 2544 facierum
838 2504 965 2565 reguum
987 2505 1049 2546 non

133 2567 230 2627 solnm
255 2564 357 2626 valere
380 2565 482 2626 debuit
504 2566 543 2626 ed
566 2567 746 2628 vastandam
771 2567 871 2644 fldem,
885 2567 938 2628 sed
959 2569 1049 2630 etiam

132 2649 171 2710 ad
193 2649 366 2728 perdendos
389 2651 522 2728 optimos
546 2670 657 2725 mures,
680 2657 713 2710 ut
737 2650 808 2710 nihii
837 2651 986 2730 reliquum
1011 2651 1050 2712 ia·

134 2739 216 2793 caret
244 2751 304 2792 nun
334 2740 495 2794 vastatum.
540 2733 578 2792 Et
600 2737 702 2793 tamen
724 2733 802 2793 hoec
830 2735 934 2794 omnis
967 2753 1050 2794 exse-

134 2816 305 2876 cratissimo
327 2823 464 2874 monstra
487 2817 664 2876 tenuissimo
687 2817 830 2876 facierum
853 2817 925 2877 fuco
949 2824 1050 2898 tegere

134 2901 271 2977 tuerique
294 2895 441 2958 adversus
465 2919 586 2958 ornnem
612 2901 751 2959 virtutem
774 2906 836 2959 tem
851 2899 937 2960 verbi
959 2918 1049 2980 quam

132 2982 211 3056 ferri,
234 2989 266 3041 ut
287 2990 369 3041 esset
391 3001 446 3041 rex
470 2983 629 3055 facierum,
665 2992 829 3042 monstrum
861 2982 1000 3043 ultimum
1023 2993 1050 3044 et

135 3063 225 3125 tiuale
249 3062 362 3142 mundi,
386 3075 525 3143 paratum
550 3065 587 3124 ud
611 3085 755 3144 magnum
779 3065 944 3126 adventurn
969 3066 1050 3128 Chri·

61 3145 68 3164 ’
132 3150 179 3225 sti,
204 3150 232 3207 in
257 3165 317 3227 qne
340 3167 483 3227 magnum
507 3167 592 3207 suuni
616 3150 756 3208 virtutem
786 3147 922 3209 Christus
951 3157 1050 3210 oeten·

133 3229 217 3291 deret
239 3231 268 3289 in
292 3230 501 3310 magnitudine
526 3233 651 3290 monstri
674 3231 771 3294 huius.

218 3312 332 3373 Omitto
368 3313 426 3387 hic,
451 3332 527 3390 quae
565 3317 594 3372 in
618 3323 814 3394 praeceptum
847 3321 988 3393 quartum
1023 3323 1050 3375 et

134 3397 270 3473 quintum
303 3403 333 3453 et
365 3397 526 3474 septimum
560 3404 590 3455 et
627 3405 769 3457 octavum
798 3403 907 3476 peccet
935 3395 1049 3458 infinita

212 3659 236 3718 1)
255 3655 286 3708 In
305 3657 347 3710 ed.
364 3657 441 3710 len:
459 3659 487 3708 in
507 3658 661 3726 privilegio.
