2250 4008
337 209 460 262 Ratioffls
479 177 656 277 rar-oniam
675 213 725 262 etc.
935 203 998 271 489

78 361 200 442 Christi,
223 364 300 424 sicut
321 363 429 426 Roma.
444 365 471 428 3.
495 361 580 423 dicit:
602 361 690 424 Nunc
712 369 813 423 autem
837 362 996 442 sineLege

78 446 273 508 manifestata
313 454 360 508 est
391 445 505 507 iustitia
537 446 609 515 Deir
645 453 675 508 et
708 447 816 506 iterum
850 446 938 509 Rom.
962 449 996 511 5:

75 529 235 591 iustificati
257 530 350 610 gratis
372 549 412 590 ex
434 529 504 604 cae,
526 549 633 608 pacem
656 529 804 591 habemus
828 535 885 591 etc.
909 535 940 590 et
961 531 995 594 3:

77 611 270 674 Arbitramur
302 615 381 674 enim
413 613 568 673 hominem
596 613 752 674 iustificari
785 633 824 673 ex
845 612 914 674 flde.
959 613 999 674 Et
1043 609 1048 620 ’

75 695 157 756 haec
177 697 292 758 iustitia
324 703 453 776 peccato
488 698 640 758 contraria
666 698 696 756 in
721 695 882 776 Scripturis
904 697 998 756 terme

74 799 133 858 pro
158 780 265 840 intima
285 779 389 840 radice
405 781 562 857 accipitur,
585 782 670 840 ouius
689 780 802 840 tructus
825 785 895 840 sunt
915 779 998 840 bona

75 879 184 942 opera.
227 863 306 923 Huic
327 862 397 923 tidei
421 870 450 924 et
471 863 604 923 iustitiae
626 883 731 924 comes
754 870 800 924 est
822 863 920 944 gratia
944 884 996 924 sen

74 945 304 1022 misericordia,
326 946 413 1007 iavor
434 947 509 1019 Dei,
531 953 639 1008 contra
659 948 752 1019 iram,
777 965 856 1025 quas
877 947 998 1026 peccati

74 1048 184 1090 comes
208 1037 263 1104 est,
287 1031 441 1098 utomnis,
464 1031 514 1108 qni
538 1030 633 1090 credit
655 1032 686 1090 in
701 1030 865 1104 Christum,
887 1029 999 1091 habeat

75 1112 179 1173 Deum
201 1113 376 1192 propitium.
420 1113 498 1174 Nam
527 1131 586 1173 nec
614 1131 670 1174 nos
702 1114 732 1174 in
762 1112 846 1173 bono
874 1113 933 1175 isto
956 1115 998 1172 iu-

72 1196 180 1257 stitiae
202 1197 276 1257 satis
298 1195 368 1256 lacti
392 1215 538 1272 essemus,
561 1215 619 1256 nac
637 1197 911 1276 magnifacerenrus
934 1197 998 1256 eius

71 1278 139 1340 hoc
161 1278 294 1356 donnm3
327 1279 473 1339 sisoium
504 1287 601 1353 esset,
633 1288 664 1340 et
697 1299 757 1340 non
789 1281 918 1360 gratiam
941 1280 999 1340 Dei

72 1361 169 1423 nobis
193 1362 379 1424 conciliaret.
424 1361 560 1423 Gratiam
584 1365 703 1444 accipio
725 1364 776 1424 hio
797 1364 920 1443 proprie
942 1383 999 1443 pro

72 1445 184 1507 favore
205 1445 280 1522 Dei,
314 1447 391 1507 sicut
414 1444 518 1523 debet,
549 1465 609 1506 non
639 1466 696 1526 pro
726 1447 875 1524 qualitate
897 1447 1001 1524 animi,

74 1535 113 1588 nt
136 1531 231 1590 nostri
250 1529 447 1590 Recentiores
471 1528 650 1591 docuerunt.
680 1531 780 1608 Atque
803 1529 882 1590 haec
904 1531 1002 1609 gratia

73 1611 203 1672 tandem
233 1631 304 1672 vere
336 1631 445 1692 pacem
468 1612 567 1672 cordis
601 1619 758 1692 operatur,
792 1619 824 1672 ut
857 1613 951 1672 horno
981 1633 1000 1672 a

74 1696 277 1775 corruptione
315 1715 370 1755 sna
413 1701 538 1756 sanatus
576 1697 667 1756 etiam
704 1697 869 1777 propitium
897 1694 998 1756 Deum

74 1777 193 1839 habere
216 1798 249 1838 se
267 1779 388 1842 sentiat.
432 1778 500 1839 Hoc
521 1787 583 1852 est,
613 1778 700 1858 quod
725 1780 998 1860 impinguatossa,

74 1869 109 1922 et
132 1863 351 1922 conscientiam
374 1861 472 1921 reddit
494 1862 623 1937 laetam,
646 1881 795 1937 securam,
816 1863 999 1941 imperterri-

74 1952 159 2022 tam,
186 1945 258 2005 nihii
280 1964 341 2004 non
366 1944 546 2018 audentem,
578 1946 650 2006 nihii
674 1965 735 2006 non
758 1952 932 2026 potentem,
967 1952 1000 2003 nt

76 2045 160 2103 quae
183 2035 312 2088 mortem
337 2029 427 2088 etiarn
451 2027 565 2107 rideat,
598 2031 627 2087 in
658 2028 770 2088 fiducia
802 2030 860 2087 ista
882 2029 999 2108 gratiae

78 2109 149 2172 Dei.

163 2193 295 2254 Proinde
316 2197 396 2254 sicut
417 2195 460 2253 ira
483 2196 579 2255 mains
600 2194 711 2254 malum
735 2201 795 2270 est,
818 2213 909 2275 quarn
933 2213 999 2254 cor-

78 2277 182 2358 ruptio
205 2278 340 2356 pecoati‚
362 2277 405 2337 ita
428 2278 526 2356 gratia
547 2278 644 2337 maius
668 2276 783 2339 bonurn
806 2295 898 2359 quarn
922 2279 999 2337 sani-

76 2367 125 2421 tas
147 2361 296 2438 iustitiae,
334 2379 425 2440 quam
460 2381 498 2420 ex
533 2359 592 2420 tide
625 2379 693 2420 esse
716 2359 857 2422 diximus.
901 2361 999 2420 Nemo

78 2444 162 2504 enim
195 2443 238 2512 (si
267 2449 376 2523 posset
396 2441 480 2512 tisri)
509 2463 570 2502 non
603 2443 706 2504 mallet
736 2463 840 2504 carere
868 2444 999 2504 sanitate
1117 2467 1119 2478 1

75 2527 227 2600 institiae,
262 2544 353 2605 qnam
383 2526 481 2606 gratia
503 2525 581 2588 Dei*
613 2525 691 2586 Nam
719 2526 858 2586 remissio
890 2545 999 2605 pecca-

78 2618 181 2671 torum
212 2614 243 2669 et
272 2629 334 2689 pax
368 2609 491 2689 proprie
521 2608 659 2670 tribuitur
695 2610 811 2688 gratiae
832 2609 907 2687 Dei,
944 2610 998 2670 sed

79 2691 152 2753 fldei
180 2690 318 2752 tribuitur
339 2693 453 2753 sanitas
486 2693 699 2772 corruptionis.
754 2691 833 2768 Quia
854 2691 930 2751 fides
953 2699 999 2752 est

80 2775 196 2838 donum
220 2780 251 2835 et
271 2773 385 2836 bonum
401 2776 551 2835 internum
568 2776 743 2854 oppositum
758 2779 897 2854 peccato,
917 2775 998 2854 quod

79 2864 242 2939 expurgat,
265 2863 295 2919 et
316 2857 495 2919 termentum
518 2857 592 2917 illud
606 2858 871 2938 Evangeiicum*)
896 2859 926 2917 in
951 2861 1000 2918 tri·

79 2942 138 3002 bus
160 2941 275 3002 tarinae
307 2942 381 3000 satis
411 2939 634 3002 absconditum.
687 2942 726 3001 At
754 2942 852 3021 gratia
874 2941 930 3001 Dei
954 2947 999 3001 est-

80 3033 242 3086 externum
264 3023 396 3100 bonum,
428 3024 515 3084 iavor
537 3024 612 3098 Dei,
635 3025 778 3104 opposita
799 3026 871 3086 irae.
914 3024 1000 3084 Haec

81 3108 144 3169 duo
167 3107 211 3168 sic
233 3107 341 3169 Roma.
364 3109 392 3171 5.
417 3107 586 3185 distinguit:
621 3105 652 3167 Si
674 3108 754 3168 enim
778 3109 865 3166 unius
888 3106 999 3167 delicto

80 3192 193 3252 mortui
216 3189 395 3270 multisunt,
418 3190 513 3249 multo
531 3192 629 3269 magis
643 3192 741 3270 gratia
752 3189 809 3249 Dei
833 3196 863 3249 et
885 3189 998 3250 donum

80 3275 110 3334 in
135 3274 233 3354 gratia
257 3274 344 3333 unius
367 3272 497 3334 hominis
518 3271 708 3334 IesuOhristi
731 3274 760 3331 in
783 3273 885 3351 piures
906 3271 999 3333 abun·

81 3357 174 3418 davit.
228 3355 349 3416 Donum
388 3357 418 3416 in
460 3357 557 3436 gratia
591 3358 679 3415 unius
719 3355 866 3431 hominis,
906 3355 997 3416 tidem

82 3440 193 3502 christi
216 3446 309 3500 vocat
333 3441 444 3518 (quam
467 3445 497 3498 et
509 3440 631 3516 saepius
650 3440 762 3500 donum
777 3437 897 3518 vocat),
920 3457 999 3518 quae

82 3522 171 3585 nobis
194 3521 265 3582 data
293 3527 339 3582 est
365 3523 394 3582 in
424 3523 524 3602 gratia
545 3521 673 3602 Christi,
703 3521 733 3581 id
764 3526 827 3599 est,
855 3524 927 3600 quia
948 3521 999 3582 itis

153 3647 299 3758 sinan]
316 3693 358 3748 c.
