2258 4002
137 166 200 236 172
336 172 461 229 Assertio
480 190 555 230 omn.
574 175 651 232 artic.
670 173 705 230 D.
724 175 759 232 ll.
777 175 808 232 L.
827 191 878 246 per

139 343 205 389 sem
227 327 280 389 nlli
303 327 398 391 videri
421 327 642 410 damnandam,
672 349 762 410 quarn
793 331 906 393 scimus
928 331 1065 394 omnium

139 409 321 475 Sanctorum
355 433 410 494 per
439 413 492 495 toll
520 413 624 475 secula
662 415 857 476 confessione
890 413 1066 496 probatam.

139 493 218 571 Quid
242 499 322 558 enim
344 498 373 557 in
387 499 449 557 vita
462 498 598 558 omniurn
611 497 792 560 Sanctorum
809 498 950 578 legimus,
974 517 1067 576 quam

139 578 277 652 labores,
313 581 449 658 vigilias,
482 582 610 653 ieiunia,
644 583 815 656 orationes,
845 581 955 660 quibus
984 583 1069 642 velut

141 664 291 724 machinis
313 664 519 744 spiritualibus
540 671 755 744 pugnaverunt
772 666 919 728 adversus
942 685 1068 726 carnem

141 753 172 807 et
194 748 460 824 concupiscentias
483 749 621 828 corporis
635 749 679 808 sui
700 749 838 829 proprii?
861 749 936 826 Quis
960 767 1067 809 eorum

138 849 201 892 nou
224 831 339 911 gemit?
360 852 422 891 nnn
446 832 592 892 accusat?
614 850 676 892 non
699 831 819 892 laborat
839 834 870 893 in
894 851 990 893 carne
1012 852 1070 892 sna

138 920 169 975 et
190 915 446 994 concupiscentiis
469 915 555 975 suis?
583 915 659 975 Onm
685 933 759 996 ergo
787 917 817 975 in
847 917 894 976 his
924 915 1068 976 omnibus

138 997 295 1059 videamus
311 998 385 1060 istas
399 1000 593 1060 autoritates:
617 997 696 1060 Caro
711 1000 900 1080 concupiscit
918 998 1068 1059 adversus

137 1082 286 1161 spiritum,
308 1083 428 1162 spiritus
450 1081 597 1143 adversus
620 1101 761 1158 caruem,
791 1089 836 1142 et:
859 1081 1069 1144 condelector

137 1164 199 1244 legi
211 1163 267 1232 Dei
291 1165 457 1226 secuudum
479 1165 656 1225 interiorem
668 1164 834 1242 bominem,
858 1165 949 1226 video
962 1172 1068 1226 autem

138 1247 231 1309 sliam
252 1249 353 1328 legem
375 1249 405 1308 in
429 1248 572 1308 membris
596 1250 672 1309 meis
687 1254 745 1309 etc.
789 1247 875 1326 Quae
899 1255 1069 1328 causaest,

138 1337 170 1391 nt
191 1331 269 1391 haec
291 1332 467 1411 apostolum
489 1332 617 1392 velimus
639 1350 702 1392 nou
724 1330 754 1391 in
777 1351 848 1409 sua,
877 1332 933 1392 sed
953 1333 1066 1404 impic-

137 1433 203 1474 rnm
230 1433 363 1494 persona
385 1415 502 1494 dicere,
530 1435 610 1496 quae
635 1417 665 1474 iu
695 1416 836 1493 personis
859 1415 1068 1494 piissimorum

135 1497 274 1558 videmus
293 1499 495 1559 vivacissimis
519 1497 626 1559 studiis
650 1497 736 1578 geri?

221 1580 284 1641 Ant
305 1581 429 1661 qnando
454 1581 585 1641 vidimus
608 1581 745 1661 impium,
768 1580 819 1660 qni
839 1580 900 1642 bac
916 1580 1069 1641 molestis-

140 1663 217 1724 sima
243 1683 348 1744 pugna
375 1664 520 1724 adversus
548 1683 670 1725 carnem
693 1682 780 1723 snam
804 1663 925 1739 militet,
955 1661 1070 1723 conde-

140 1747 268 1808 lectetur
301 1747 360 1827 legi
393 1747 451 1808 Dei
481 1747 649 1808 secundum
680 1746 853 1807 interiorem
887 1744 1071 1806 bominem?

139 1830 261 1890 Piorum
283 1831 343 1891 ista
365 1837 566 1891 suntsumma
579 1836 609 1890 et
630 1828 871 1890 laboriosissima
889 1831 1071 1905 certamina,

140 1920 241 1975 atnoe
263 1933 300 1975 ea
312 1913 477 1974 tribuemus
497 1914 610 1993 impiis,
631 1913 956 1992 inconcupiscentiam
971 1911 1071 1971 libere

140 2002 170 2056 et
191 2003 303 2073 sponte
324 1997 496 2072 ruentibus,
523 1997 587 2058 imo
610 1994 800 2056 furentibus?
831 1994 960 2071 Quoties
990 2013 1070 2074 rogo

140 2078 170 2141 S.
193 2079 398 2160 Hieronymus
426 2081 464 2142 de
492 2079 641 2142 incendiis
678 2077 837 2138 libidinum
861 2079 1071 2157 conqueritur,

140 2163 333 2234 etiamtum,
365 2183 433 2224 cnm
456 2163 551 2224 multo
572 2162 686 2223 ieiunio
713 2168 743 2221 et
771 2160 876 2222 labore
900 2169 1010 2222 contra
1032 2181 1071 2222 ea

49 2253 53 2258 '
140 2251 301 2326 pugnaret,
323 2246 384 2307 hoc
406 2253 461 2321 est,
484 2247 555 2307 dum
579 2251 661 2306 esset
683 2264 745 2305 non
769 2243 862 2306 modo
885 2243 1071 2324 baptisatus,

140 2325 194 2388 sed
222 2334 253 2390 et
281 2330 501 2392 sanctissimus.
545 2329 731 2409 Experiatur
753 2328 881 2408 quisque
903 2346 937 2387 se
956 2329 1069 2407 ipsum,

140 2411 301 2485 etrelerat,
325 2413 349 2471 si
372 2411 474 2488 audet,
496 2431 530 2473 se
552 2431 613 2474 non
636 2409 751 2471 habere
773 2411 1069 2490 concupiscentiam,

140 2495 232 2556 ctiam
258 2497 282 2555 si
311 2495 349 2556 ad
372 2494 510 2557 morbum
534 2513 631 2574 usque
658 2495 772 2554 ieiunet
800 2501 830 2552 et
857 2492 986 2557 laboret.
1030 2493 1070 2552 ut

140 2577 221 2639 unde
242 2578 303 2638 hoo
324 2579 437 2639 malurn
459 2579 561 2639 furens
591 2584 621 2638 et
640 2575 844 2637 indomitum?
870 2576 941 2636 Non
964 2571 1069 2654 ntique

140 2667 299 2722 enatura.
344 2661 422 2738 Quia
446 2661 544 2722 Adam
566 2660 620 2720 illo
644 2659 741 2721 carnit
769 2663 840 2719 ante
868 2678 992 2734 casum,
1015 2658 1067 2719 sed

139 2750 209 2824 post
233 2743 352 2824 lapsum
375 2745 472 2805 sensit
492 2745 522 2804 in
545 2763 647 2818 carne,
670 2747 701 2802 et
722 2740 878 2822 nobisper
894 2743 1068 2822 generatio·

139 2845 210 2887 nem
231 2825 421 2899 hereditavit,
445 2827 527 2908 quod
549 2826 733 2906 baptismate
754 2825 860 2904 incipit
880 2824 957 2902 tolli,
981 2824 1067 2884 durat

139 2916 241 2970 tamen
265 2930 361 2988 usque
383 2911 421 2972 ad
445 2916 574 2971 mortem
597 2909 707 2986 caruis,
730 2908 802 2968 licet
822 2909 852 2967 in
867 2907 935 2968 aliis
959 2908 1066 2986 minus,

139 2993 170 3052 in
200 2992 267 3052 aliis
298 2994 406 3073 magis.
457 2993 545 3055 Unde
579 2999 609 3053 et
642 2993 701 3072 ipsi
735 2989 892 3072 appellant
918 2990 1066 3068 fomitem,

141 3073 281 3137 morbum
304 3083 431 3138 naturae
453 3083 484 3138 et
505 3082 679 3156 tyrannum.

223 3158 424 3220 Revertamur
435 3159 473 3221 ad
485 3158 708 3240 probationem,
721 3154 880 3237 apostolus
892 3154 1005 3219 Ebrae.
1021 3157 1065 3219 12.

68 3263 72 3284 ¹
139 3244 244 3322 utique
265 3241 425 3323 baptisatis
448 3250 477 3303 et
499 3243 614 3303 sanctis
636 3238 790 3319 scribens,
813 3237 900 3298 dicit:
924 3238 1064 3318 Depoua

140 3343 208 3385 mus
236 3344 328 3385 omne
356 3325 476 3405 pondus
505 3330 536 3384 et
570 3325 769 3384 circumstans
805 3339 863 3380 nos
893 3327 1063 3401 peccatum.

141 3405 200 3466 Hic
221 3407 373 3488 seipsum
396 3425 519 3488 quoque
540 3405 702 3468 involvens
726 3404 817 3465 docet
839 3402 953 3483 deponi
978 3422 1065 3464 omne

142 3487 262 3565 pondus
285 3495 316 3549 et
337 3496 514 3570 peccatum,
547 3487 630 3569 qnod
660 3507 716 3549 nos
739 3489 933 3563 circumstat,
956 3485 988 3546 id
1011 3492 1064 3558 est,

142 3568 338 3646 pertinaciter
357 3571 495 3631 inhaeret
517 3576 547 3629 et
568 3572 677 3648 instat,
707 3570 783 3631 mira
813 3567 896 3629 verbi
928 3568 1062 3648 emphasi

145 3647 320 3728 significans
342 3652 503 3716 molestam
530 3659 560 3714 et
581 3652 753 3734 improbam
780 3651 864 3714 illam
886 3651 989 3714 carnis
1011 3671 1062 3714 no·
