2258 4002
162 173 223 241 144
396 178 537 233 Adversus
555 177 756 234 exseorsbllem
776 179 883 238 hollam

159 348 226 392 rum
249 337 457 411 portentorum
481 338 569 392 autor
591 339 647 410 est,
668 333 768 413 ipsum
791 351 859 394 ause
872 349 976 394 verum
998 329 1080 392 illum

159 413 297 491 finalem,
319 416 503 493 pessimum,
529 415 744 494 famosumque
766 416 993 489 antichristum,
1016 413 1082 473 sub

160 503 326 557 vertentem
365 496 469 558 orbem
499 505 595 559 totum
637 498 866 578 operationibus
894 499 1005 558 erroris
1027 497 1081 571 sui,

157 577 188 638 id
210 579 293 658 quod
320 579 475 660 impletum
505 580 617 658 ubique
650 579 797 642 videmus.
853 580 913 642 Sed
945 597 1007 659 quo
1035 597 1082 638 me

157 663 238 741 rapit
263 660 355 722 ardor
381 659 474 723 fidei?
523 662 666 723 Nondum
702 670 784 724 totus
821 681 986 743 persuasus
1015 681 1080 722 sum

158 763 258 825 papae
278 763 347 804 esse
368 745 448 805 hane
470 744 599 824 bullam,
634 745 687 805 sed
715 746 848 826 apostoli
875 745 956 806 illius
978 745 1081 824 impia-

158 828 227 887 tatis
249 825 344 908 ilarii,
366 829 416 906 qui
440 845 508 887 oum
531 829 593 888 suis
615 828 762 908 patribus,
784 828 902 889 furente
916 828 1011 905 hiatu,
1033 846 1081 886 me

156 908 321 970 absorbere
342 910 475 986 festinat,
497 919 640 972 santam:
664 909 875 991 Deglutiamus
897 929 977 985 eum,
1000 911 1079 969 siout

156 993 290 1052 inlernus
311 994 462 1053 viventem
476 994 667 1074 etintegrum
692 995 778 1072 quasi
791 993 1029 1054 descendentem
1052 994 1080 1052 in

157 1075 267 1136 lasum.
301 1075 380 1135 Huio
392 1077 471 1138 anim
486 1068 727 1138 furioso'hornini
739 1095 857 1156 parum,
880 1077 941 1136 imo
964 1076 1080 1136 luorum

159 1158 286 1237 videtur,
309 1159 333 1218 si
357 1160 514 1219 veritatem
539 1159 595 1219 Dei
620 1160 805 1239 exstinguet,
829 1159 1006 1219 modovota
1029 1159 1081 1217 im-

157 1241 279 1321 pietatis
305 1249 337 1300 et
365 1240 519 1301 iratrioidii
548 1241 684 1321 impleat.
734 1243 760 1302 Ο
788 1251 901 1302 sortem
930 1241 1081 1302 eoolesiae

67 1394 69 1399 ,
157 1323 347 1400 hodiernam,
371 1323 841 1404 sanguineislaorimiedignam,
864 1323 918 1383 sed
941 1326 1009 1402 quia
1031 1342 1081 1402 ge-

158 1407 249 1466 mitus
271 1414 393 1468 nostros
417 1405 521 1466 audit?
543 1408 610 1486 quis
632 1408 789 1486 plorantes
811 1406 949 1468 solatur?
971 1407 1081 1466 lnexo·

157 1489 259 1550 rabilis
281 1495 329 1549 est
349 1488 433 1549 furor
452 1489 577 1550 Domini
600 1509 692 1570 super
712 1503 780 1554 nos.

239 1571 366 1633 Addunt
386 1573 477 1632 iidem
499 1572 649 1649 homines,
673 1581 789 1633 utsunt
810 1571 976 1633 admodum
988 1572 1080 1632 faoeti

157 1661 188 1715 et
209 1673 336 1733 suaves,
371 1655 525 1734 quoddam
548 1655 723 1734 ridiculum,
756 1673 817 1734 quo
847 1673 902 1736 pro
933 1674 989 1715 sua
1012 1673 1080 1734 pru-

156 1737 258 1797 dentia
280 1745 453 1816 temperant
475 1740 555 1798 seria
578 1737 664 1801 ludo:
695 1738 862 1799 scribentes
889 1737 963 1797 mihi
990 1755 1083 1818 super

157 1822 276 1898 omnia,
310 1837 389 1899 quae
421 1821 451 1879 iu
480 1839 530 1881 ma
559 1821 752 1882 eontulerunt
786 1822 937 1880 immensa
970 1819 1083 1894 studia,

157 1903 247 1963 etiam
271 1912 421 1983 sumptum
453 1910 483 1963 et
510 1905 670 1983 peounism
694 1903 731 1964 ad
755 1905 811 1964 iter
833 1902 1005 1964 Romanum
1029 1901 1082 1963 ob·

156 1985 271 2046 tulisse.
315 1984 438 2046 Seiliost
467 2005 549 2046 nova
577 1988 687 2047 raritas
709 1987 843 2060 Romae,
872 2004 952 2065 quae
973 1984 1080 2047 orbem

155 2068 297 2132 exhausit
317 2069 454 2148 peouniis
481 2075 512 2128 et
533 2071 665 2130 vastavit
695 2068 856 2149 tyrannide
883 2086 938 2128 sua
970 2068 1080 2130 intole-

156 2151 253 2226 rabili,
275 2152 346 2211 mihi
370 2152 420 2211 uni
442 2153 604 2231 pecuniam
627 2151 736 2213 offert?
771 2152 894 2227 Verum,
915 2150 977 2212 hoo
998 2151 1083 2212 inoli-

156 2243 219 2294 tum
242 2234 432 2294 mendesium
448 2236 513 2295 noio
535 2235 621 2294 ouius
644 2234 720 2295 labri
742 2235 790 2313 sit,
813 2233 977 2295 Oaietauus
991 2233 1082 2296 Gard.

157 2317 195 2378 ad
209 2317 368 2378 meudaoia
380 2317 594 2397 componenda
615 2324 705 2378 natus
728 2328 759 2377 et
779 2317 936 2395 formatus,
959 2317 1082 2378 lunotus

156 2401 310 2480 legatione
333 2419 388 2459 sua
409 2399 593 2482 felicissima,
615 2401 971 2478 nuneRomaeseourus,
994 2398 1082 2480 lingit

157 2484 228 2544 mihi
251 2501 306 2564 per
326 2502 359 2542 se
382 2484 562 2563 promissam
585 2501 652 2543 esee
675 2485 853 2564 pecuniam,
880 2501 948 2543 oum
973 2483 1080 2563 Augu·

155 2574 222 2626 stae
243 2574 305 2627 tam
328 2565 453 2626 sordida
473 2566 638 2646 infamique
660 2574 766 2646 ageret
788 2568 932 2646 penuria,
960 2573 995 2627 ut
1016 2584 1079 2627 ore-

156 2649 277 2709 deretur
296 2648 440 2729 familiam
464 2666 550 2709 suam
574 2650 653 2709 fame
671 2651 837 2712 oeoieurus.
880 2648 941 2710 Sed
964 2648 1078 2710 bullam

157 2731 247 2791 deoat
268 2750 337 2792 ease
361 2730 490 2809 bullam,
516 2738 547 2792 et
569 2733 696 2793 veritate
723 2740 753 2792 et
774 2733 925 2812 sapientis
946 2733 1080 2795 inanem.

156 2814 208 2874 Et
229 2813 457 2875 damnatoribus
486 2815 551 2875 istis
576 2817 625 2875 ius
654 2823 701 2877 est
730 2814 818 2876 nobis
852 2815 1015 2892 mandare,
1049 2823 1080 2875 ut

155 2915 226 2958 esse
248 2915 372 2957 veraces
393 2913 448 2958 eos
470 2897 640 2976 orsdamus,
664 2899 735 2969 dum
759 2899 952 2976 mentiuntur,
976 2906 1008 2958 et
1028 2916 1078 2958 ea·

156 2979 296 3056 tholioos,
320 2979 389 3039 darn
413 2980 566 3041 haeretica
588 2981 709 3058 donent,
732 2988 763 3042 et
784 2980 984 3060 Christianos,
1008 2980 1077 3041 dum

156 3062 364 3123 autiohristum
387 3071 532 3142 statuunt,
555 3083 609 3137 uer
630 3063 703 3124 illud
717 3062 938 3124 distributivum
962 3065 1078 3124 unirer·

155 3145 234 3208 sale:
257 3144 470 3225 Quodounque
493 3146 643 3226 ligaveris,
667 3146 727 3223 ubi,
749 3146 1076 3226 sumnihilexoeptum

29 3228 40 3248 ⁸
156 3231 203 3307 sit,
226 3230 329 3290 omnia
351 3248 405 3308 per
427 3232 530 3290 omnia
558 3231 602 3290 eis
630 3229 736 3305 lioent,
763 3236 795 3289 et
822 3247 884 3290 uon
912 3231 1014 3309 potius
1035 3248 1075 3289 ex

155 3311 279 3372 diabolo
303 3313 509 3392 oonoeperint,
531 3313 581 3390 qui
603 3330 665 3372 non
687 3312 787 3373 solum
806 3313 991 3372 mentiuntur
1014 3328 1075 3371 ma·

156 3395 278 3473 nifaste,
318 3393 372 3454 sed
410 3393 492 3472 quod
534 3413 656 3456 omnam
691 3395 911 3474 impudentiam
944 3403 1076 3475 superat,

156 3476 316 3537 mendacio
340 3477 449 3536 eodem
472 3495 541 3537 aeae
564 3477 602 3538 ad
618 3477 757 3558 plausum
774 3477 954 3558 popularem
964 3478 994 3537 in
1018 3478 1075 3537 mei

156 3558 300 3618 invidiam
321 3565 447 3638 ornant,
477 3565 506 3618 et
527 3561 685 3621 oaritatem
708 3579 775 3620 sese
799 3560 869 3620 mihi
892 3559 1075 3636 exhibuisse,

158 3639 254 3701 altero
275 3642 335 3702 iam
360 3639 520 3702 mendesio
537 3641 664 3722 lingunt,
687 3661 767 3723 oum,
788 3644 814 3703 si
836 3642 907 3722 quid
929 3643 1074 3721 veritatis,
