2258 4002
132 177 198 248 146
352 177 498 238 Accusas
516 178 848 238 ermendrannus

134 353 202 394 rum
225 333 333 409 fnisse,
363 334 422 400 nisi
443 335 606 397 autoritate
625 333 776 394 eeclesiae
799 333 903 394 luisset
927 351 1060 394 comme·
1116 301 1117 308 l

133 425 200 495 tue,
233 434 307 481 mox
329 416 413 478 bulla
432 417 490 478 ieta
511 417 616 500 inclita
643 416 724 476 hanc
745 417 907 477 ecelesiam
924 415 1059 476 catholi-

133 519 200 565 cam
222 498 305 576 lacit,
327 497 476 579 quosdam
499 499 605 564 iratres
628 499 905 560 reverendissimos
916 498 1050 560 Cardine

132 583 193 659 les,
215 582 336 643 Priores
357 581 495 646 ordinum
518 582 721 662 regularium,
745 582 910 662 Magistros
930 581 1059 642 Theolo-

132 667 220 746 giee,
250 673 280 726 et
301 666 457 734 Doctores
477 667 567 742 iuris,
591 683 719 744 quorum
743 666 874 726 consiliu
901 671 1060 725 senatum

133 749 291 828 gloriatur,
313 748 553 810 seilicetnovsm
577 747 694 828 prolem
708 748 887 808 universalis
900 748 1061 808 eeclesias.

133 831 220 892 Felix
241 838 324 892 certe
342 840 447 912 pertus
470 849 572 892 novae
592 831 675 892 illins
694 839 724 890 et
736 830 885 891 hacteuus
905 829 1062 892 inauditae

133 915 283 976 ecelesiae
306 914 493 994 catholicae,
516 921 660 992 atquem
682 915 871 993 Augustinus
895 914 1061 974 acerrimus

134 1005 286 1058 saetarum
306 999 490 1074 insectator,
513 999 538 1056 si
562 997 686 1070 videret,
709 1015 771 1058 nnn
795 997 948 1067 dehitrsret
970 1015 1061 1076 syne-

134 1099 248 1161 gogem
271 1088 398 1145 satanae
420 1079 585 1160 appellere
627 1079 712 1140 Vide.
733 1098 809 1159 ergo:
835 1081 989 1152 insaniam
1011 1097 1062 1158 pe

132 1165 291 1243 pictarum,
313 1163 448 1226 eoeleste
467 1161 646 1226 universalis
668 1169 717 1222 eet
736 1162 864 1240 quidam
883 1164 973 1242 penei
993 1160 1062 1221 Gar-

134 1245 261 1322 dineles,
283 1245 409 1308 Priores·
426 1252 457 1306 et
477 1246 641 1324 Doctores,
663 1246 741 1307 forte
762 1247 815 1306 vix
837 1247 944 1326 viginti
965 1245 1063 1304 homi·

136 1347 201 1410 nes,
225 1347 294 1388 eum
316 1329 464 1408 possibile
478 1330 527 1403 sit,
550 1328 784 1392 nullumeorum
807 1347 876 1397 esse
891 1327 1062 1388 membrum

134 1412 223 1472 unius
246 1411 385 1491 capellae
406 1412 455 1472 vel
484 1412 596 1472 ulteris.
641 1411 744 1489 Atque
772 1430 841 1471 cum
870 1411 1009 1471 eeclesia
1028 1412 1066 1469 sit

135 1495 310 1556 communio
332 1503 526 1574 sanctorum,
549 1499 580 1554 ut
601 1494 632 1554 in
654 1492 797 1574 symbolo
819 1511 954 1572 oramus,
977 1511 1065 1553 senc·

135 1585 234 1640 torum
257 1577 491 1654 communione,
520 1576 636 1653 idest,
665 1576 803 1639 eeclesia.
819 1576 986 1637 universali
1015 1595 1065 1636 ex·

135 1660 243 1721 elusos.
267 1677 336 1720 esse
364 1667 503 1740 oportet,
531 1660 708 1740 quicunque
734 1678 797 1721 non
820 1661 933 1720 luerint
952 1661 985 1719 in
1010 1678 1064 1720 nu·

135 1761 219 1804 mero
246 1743 374 1804 istorum
404 1744 511 1822 viginti
540 1743 708 1804 hominum.
758 1742 849 1806 Unde
874 1741 1025 1822 quidquid
1045 1742 1065 1801 ii

134 1825 285 1887 senserint
319 1827 417 1889 seneli
448 1826 521 1903 viri,
552 1824 583 1886 id
617 1844 691 1886 mos
722 1826 901 1887 universalis
932 1825 1066 1885 ecclesia

134 1909 244 1986 sentit,
277 1909 370 1972 etiam
401 1910 427 1970 si
463 1907 627 1970 mendaces
658 1908 802 1978 haeretiei
834 1915 864 1968 et
896 1905 1067 1968 antichristi
1116 1933 1117 1936 ¹

135 1999 215 2070 sunt,
237 2010 299 2054 nen
322 1992 386 2053 nisi
402 1990 621 2053 abominabilis
643 1993 820 2054 sentientes.

176 2073 305 2134 Adeone
327 2074 446 2134 Romae
473 2075 598 2134 insaniri
627 2074 705 2134 ullus
737 2074 860 2134 credere
887 2071 1065 2154 potuisset?

134 2157 230 2218 Estne
262 2157 383 2219 cerebri
412 2163 468 2220 aut
494 2157 595 2219 cordis
623 2160 674 2221 eis.
695 2158 843 2238 reliquum
873 2154 1065 2235 quidquam?

133 2241 324 2320 Augustinus
352 2241 395 2300 de,
417 2241 549 2302 ecclesia
575 2259 631 2320 per
652 2239 756 2302 orbem
780 2240 889 2301 diffissa
913 2234 1064 2318 ’lnquitun

134 2323 327 2403 evangelium
370 2323 565 2385 concorditer
602 2323 779 2384 eonfitente.
836 2323 945 2402 Neque
984 2323 1065 2380 enim

135 2405 229 2466 ullum
263 2406 356 2472 aliurn
388 2406 497 2468 librum
532 2407 614 2467 Deua
648 2407 745 2468 voluit
775 2413 866 2466 tanta.
895 2404 1065 2467 concordia

136 2487 419 2569 orbisepprobari,
440 2499 554 2568 quanta
576 2507 696 2550 sacram
704 2489 893 2570 scripturam
918 2487 1063 2565 tutridsm

134 2573 319 2636 incoasse.
343 2574 405 2634 suis
416 2571 520 2650 dicit),
542 2593 581 2634 ne
602 2573 821 2635 schismatibus
840 2573 964 2632 oncasio
977 2569 1065 2630 deret

135 2656 203 2716 aliis
227 2655 362 2718 subinde
377 2657 520 2735 reeepth,
542 2656 572 2716 id
595 2655 678 2736 quod
701 2657 794 2736 impia
816 2653 1064 2716 sedesflnmana

134 2739 202 2801 suis
229 2738 362 2800 decretis
388 2740 550 2817 quaesivit,
589 2738 692 2800 multis
718 2738 927 2819 lunasnils,
951 2736 1062 2797 ether

136 2839 249 2900 magua
270 2840 312 2882 ex
332 2830 418 2901 perte
446 2821 587 2884 contenit.
630 2821 690 2882 Sed
720 2821 902 2882 universalis
928 2820 1063 2880 ecelesia

135 2903 272 2968 nondum
296 2905 323 2967 ei
345 2906 510 2967 consensit.
554 2906 627 2966 Sunt
656 2906 790 2964 enimin
813 2905 946 2980 oriente,
976 2903 1061 2982 squi-

135 2988 224 3068 lone,
248 2995 280 3047 et
299 2995 403 3048 enstrc
426 2986 590 3049 Christiani
613 2985 775 3070 euangelio
805 2987 958 3065 contenti,
989 2985 1061 3047 nihil

136 3078 292 3150 curantes,
316 3071 399 3150 qued
421 3070 520 3132 Roma
543 3090 590 3132 ex.
606 3090 639 3130 se
658 3069 726 3151 ipss
747 3071 922 3152 particulari
943 3069 1063 3130 univer

135 3153 240 3220 satem
253 3153 415 3216 eeclesiam
438 3153 541 3216 lacere
563 3162 700 3231 conetur,
723 3164 754 3214 et
775 3160 893 3214 celeres
916 3151 1060 3212 schisme·

136 3238 213 3300 tiens
236 3237 421 3311 criminatur,
443 3256 511 3298 cum
534 3239 609 3318 ipsa
622 3238 781 3317 sitprirne
803 3253 882 3316 quae
904 3254 938 3296 se
959 3255 981 3295 a
997 3239 1060 3296 tota

135 3322 305 3403 separavit,
328 3330 360 3381 et
381 3319 429 3380 sd
442 3339 477 3382 se
499 3327 594 3384 tetam
616 3338 725 3400 rapere
746 3320 856 3380 trustra
877 3317 985 3379 melita
1006 3323 1059 3393 est,

136 3407 278 3545 prgneeps
310 3410 345 3464 ct
367 3403 436 3466 lons
463 3405 599 3465 omnium
623 3404 838 3484 schismatum,
870 3401 931 3462 hen
962 3408 1060 3481 tyren·

137 3486 209 3545 nie
242 3491 321 3552 aete.
1026 3527 1031 3534 ·

219 3567 318 3632 Nemo
346 3585 427 3647 erge·
450 3575 567 3647 speret,
602 3587 734 3648 unquam
763 3568 845 3644 fores
878 3565 1059 3629 ntenulesie

139 3647 291 3712 catholiea
312 3651 423 3729 sepiat,
444 3649 619 3727 quassatis
639 3653 700 3712 ists
719 3650 968 3730 impl-mhlaterst,
993 3667 1058 3709 eum
