<?xml version="1.0" encoding="UTF-8"?>
<!DOCTYPE html PUBLIC "-//W3C//DTD XHTML 1.0 Transitional//EN"
    "http://www.w3.org/TR/xhtml1/DTD/xhtml1-transitional.dtd">
<html xmlns="http://www.w3.org/1999/xhtml" xml:lang="en" lang="en">
 <head>
  <title>
</title>
<meta http-equiv="Content-Type" content="text/html;charset=utf-8" />
  <meta name='ocr-system' content='tesseract 3.04.00' />
  <meta name='ocr-capabilities' content='ocr_page ocr_carea ocr_par ocr_line ocrx_word'/>
</head>
<body>
  <div class='ocr_page' id='page_1' title='image "./operalatinavari03schmgoog_0255.png"; bbox 0 0 2252 4006; ppageno 0'>
   <div class='ocr_carea' id='block_1_1' title="bbox 140 170 771 264">
    <p class='ocr_par' dir='ltr' id='par_1_1' title="bbox 140 170 771 264">
     <span class='ocr_line' id='line_1_1' title="bbox 140 170 771 264; baseline 0.002 -17"><span class='ocrx_word' id='word_1_1' title='bbox 140 189 204 256; x_wconf 74' lang='lat'>244</span> <span class='ocrx_word' id='word_1_2' title='bbox 385 187 389 192; x_wconf 68' lang='grc'>’</span> <span class='ocrx_word' id='word_1_3' title='bbox 444 170 621 264; x_wconf 83' lang='lat' dir='ltr'>Responsum</span> <span class='ocrx_word' id='word_1_4' title='bbox 640 191 771 248; x_wconf 80' lang='lat' dir='ltr'>Frlderici</span> 
     </span>
    </p>
   </div>
   <div class='ocr_carea' id='block_1_2' title="bbox 140 345 1122 2498">
    <p class='ocr_par' dir='ltr' id='par_1_2' title="bbox 140 345 1070 822">
     <span class='ocr_line' id='line_1_2' title="bbox 140 345 1069 428; baseline 0 -22"><span class='ocrx_word' id='word_1_5' title='bbox 140 346 261 408; x_wconf 84' lang='lat' dir='ltr'>Lutheri</span> <span class='ocrx_word' id='word_1_6' title='bbox 284 345 469 424; x_wconf 80' lang='lat' dir='ltr'>eruditione,</span> <span class='ocrx_word' id='word_1_7' title='bbox 501 355 532 405; x_wconf 91' lang='lat' dir='ltr'>ut</span> <span class='ocrx_word' id='word_1_8' title='bbox 559 350 610 427; x_wconf 91' lang='lat' dir='ltr'>qui</span> <span class='ocrx_word' id='word_1_9' title='bbox 635 348 729 408; x_wconf 92' lang='lat' dir='ltr'>multo</span> <span class='ocrx_word' id='word_1_10' title='bbox 752 350 860 428; x_wconf 90' lang='lat' dir='ltr'>peiora</span> <span class='ocrx_word' id='word_1_11' title='bbox 882 353 913 407; x_wconf 91' lang='lat' dir='ltr'>et</span> <span class='ocrx_word' id='word_1_12' title='bbox 933 347 1069 408; x_wconf 88' lang='lat' dir='ltr'>iohanne</span> 
     </span>
     <span class='ocr_line' id='line_1_3' title="bbox 142 429 1070 510; baseline -0.002 -20"><span class='ocrx_word' id='word_1_13' title='bbox 142 429 244 490; x_wconf 84' lang='lat' dir='ltr'>Husso</span> <span class='ocrx_word' id='word_1_14' title='bbox 273 437 304 490; x_wconf 90' lang='lat' dir='ltr'>et</span> <span class='ocrx_word' id='word_1_15' title='bbox 333 429 521 508; x_wconf 84' lang='lat' dir='ltr'><strong>Hieronymo</strong></span> <span class='ocrx_word' id='word_1_16' title='bbox 551 429 588 488; x_wconf 91' lang='lat' dir='ltr'>de</span> <span class='ocrx_word' id='word_1_17' title='bbox 611 429 710 510; x_wconf 86' lang='lat' dir='ltr'>Praga</span> <span class='ocrx_word' id='word_1_18' title='bbox 737 429 946 510; x_wconf 74' lang='lat' dir='ltr'>profiteretur,</span> <span class='ocrx_word' id='word_1_19' title='bbox 979 437 1070 508; x_wconf 88' lang='lat' dir='ltr'>atque</span> 
     </span>
     <span class='ocr_line' id='line_1_4' title="bbox 142 511 1070 591; baseline -0.002 -19"><span class='ocrx_word' id='word_1_20' title='bbox 142 513 198 572; x_wconf 90' lang='lat' dir='ltr'>nisi</span> <span class='ocrx_word' id='word_1_21' title='bbox 222 511 320 572; x_wconf 88' lang='lat' dir='ltr'>eidem</span> <span class='ocrx_word' id='word_1_22' title='bbox 340 511 538 591; x_wconf 75' lang='lat' dir='ltr'>Reipublicae</span> <span class='ocrx_word' id='word_1_23' title='bbox 561 512 712 573; x_wconf 74' lang='lat' dir='ltr'><strong>laboranti</strong></span> <span class='ocrx_word' id='word_1_24' title='bbox 736 513 855 573; x_wconf 80' lang='lat' dir='ltr'>matulo</span> <span class='ocrx_word' id='word_1_25' title='bbox 877 519 1070 572; x_wconf 88' lang='lat' dir='ltr'>succurratur</span> 
     </span>
     <span class='ocr_line' id='line_1_5' title="bbox 142 593 1070 676; baseline -0.003 -20"><span class='ocrx_word' id='word_1_26' title='bbox 142 595 291 672; x_wconf 85' lang='lat' dir='ltr'>oonsilio,</span> <span class='ocrx_word' id='word_1_27' title='bbox 320 613 393 656; x_wconf 88' lang='lat' dir='ltr'>mox</span> <span class='ocrx_word' id='word_1_28' title='bbox 425 601 525 653; x_wconf 86' lang='lat' dir='ltr'>actum</span> <span class='ocrx_word' id='word_1_29' title='bbox 555 614 624 655; x_wconf 86' lang='lat' dir='ltr'>esse</span> <span class='ocrx_word' id='word_1_30' title='bbox 658 596 695 655; x_wconf 94' lang='lat' dir='ltr'>de</span> <span class='ocrx_word' id='word_1_31' title='bbox 717 596 848 676; x_wconf 89' lang='lat' dir='ltr'>Imperio</span> <span class='ocrx_word' id='word_1_32' title='bbox 871 594 959 656; x_wconf 89' lang='lat' dir='ltr'>Rom.</span> <span class='ocrx_word' id='word_1_33' title='bbox 992 593 1070 654; x_wconf 88' lang='lat' dir='ltr'>Nam</span> 
     </span>
     <span class='ocr_line' id='line_1_6' title="bbox 141 675 1070 754; baseline -0.002 -16"><span class='ocrx_word' id='word_1_34' title='bbox 141 676 215 738; x_wconf 94' lang='lat' dir='ltr'>illud</span> <span class='ocrx_word' id='word_1_35' title='bbox 238 677 310 738; x_wconf 91' lang='lat' dir='ltr'>olim</span> <span class='ocrx_word' id='word_1_36' title='bbox 333 677 377 738; x_wconf 92' lang='lat' dir='ltr'>ita</span> <span class='ocrx_word' id='word_1_37' title='bbox 391 675 529 738; x_wconf 83' lang='lat' dir='ltr'>Graecos</span> <span class='ocrx_word' id='word_1_38' title='bbox 550 679 699 754; x_wconf 86' lang='lat' dir='ltr'>amisisse,</span> <span class='ocrx_word' id='word_1_39' title='bbox 722 678 792 740; x_wconf 90' lang='lat' dir='ltr'>dum</span> <span class='ocrx_word' id='word_1_40' title='bbox 816 677 999 738; x_wconf 86' lang='lat' dir='ltr'>aPontifice</span> <span class='ocrx_word' id='word_1_41' title='bbox 1023 677 1070 736; x_wconf 88' lang='lat' dir='ltr'>de-</span> 
     </span>
     <span class='ocr_line' id='line_1_7' title="bbox 143 747 718 822; baseline 0 -2"><span class='ocrx_word' id='word_1_42' title='bbox 143 760 278 822; x_wconf 80' lang='lat' dir='ltr'>iecerant</span> <span class='ocrx_word' id='word_1_43' title='bbox 301 760 389 820; x_wconf 86' lang='lat' dir='ltr'>Rom.</span> <span class='ocrx_word' id='word_1_44' title='bbox 701 747 718 774; x_wconf 68' lang='lat'>⁸</span> 
     </span>
    </p>

    <p class='ocr_par' dir='ltr' id='par_1_3' title="bbox 141 841 1122 1666">
     <span class='ocr_line' id='line_1_8' title="bbox 224 841 1068 923; baseline -0.001 -21"><span class='ocrx_word' id='word_1_45' title='bbox 224 842 320 902; x_wconf 82' lang='lat' dir='ltr'>Multa</span> <span class='ocrx_word' id='word_1_46' title='bbox 341 844 373 902; x_wconf 92' lang='lat' dir='ltr'>in</span> <span class='ocrx_word' id='word_1_47' title='bbox 395 841 523 902; x_wconf 89' lang='lat' dir='ltr'>eandem</span> <span class='ocrx_word' id='word_1_48' title='bbox 539 846 723 904; x_wconf 87' lang='lat' dir='ltr'>sententiam</span> <span class='ocrx_word' id='word_1_49' title='bbox 744 843 900 923; x_wconf 77' lang='lat' dir='ltr'>loquutus,</span> <span class='ocrx_word' id='word_1_50' title='bbox 924 841 987 902; x_wconf 93' lang='lat' dir='ltr'>dno</span> <span class='ocrx_word' id='word_1_51' title='bbox 1006 849 1068 902; x_wconf 89' lang='lat' dir='ltr'>tan·</span> 
     </span>
     <span class='ocr_line' id='line_1_9' title="bbox 142 925 1070 1005; baseline -0.001 -19"><span class='ocrx_word' id='word_1_52' title='bbox 142 925 210 986; x_wconf 89' lang='lat' dir='ltr'>dem</span> <span class='ocrx_word' id='word_1_53' title='bbox 234 925 408 1005; x_wconf 89' lang='lat' dir='ltr'>aPrincipe</span> <span class='ocrx_word' id='word_1_54' title='bbox 431 932 537 986; x_wconf 89' lang='lat' dir='ltr'>nostro</span> <span class='ocrx_word' id='word_1_55' title='bbox 559 927 766 1005; x_wconf 88' lang='lat' dir='ltr'>petivitRom.</span> <span class='ocrx_word' id='word_1_56' title='bbox 791 925 948 986; x_wconf 86' lang='lat' dir='ltr'>Pontificis</span> <span class='ocrx_word' id='word_1_57' title='bbox 973 927 1070 985; x_wconf 81' lang='lat' dir='ltr'>nonni·</span> 
     </span>
     <span class='ocr_line' id='line_1_10' title="bbox 142 1007 1122 1087; baseline -0.002 -19"><span class='ocrx_word' id='word_1_58' title='bbox 142 1028 191 1084; x_wconf 91' lang='lat' dir='ltr'>ne,</span> <span class='ocrx_word' id='word_1_59' title='bbox 213 1009 312 1087; x_wconf 87' lang='lat' dir='ltr'>primo</span> <span class='ocrx_word' id='word_1_60' title='bbox 335 1016 369 1067; x_wconf 90' lang='lat' dir='ltr'>nt</span> <span class='ocrx_word' id='word_1_61' title='bbox 401 1020 520 1068; x_wconf 85' lang='lat' dir='ltr'>curaret</span> <span class='ocrx_word' id='word_1_62' title='bbox 554 1008 781 1086; x_wconf 77' lang='lat' dir='ltr'>lucubrationes</span> <span class='ocrx_word' id='word_1_63' title='bbox 804 1010 924 1069; x_wconf 85' lang='lat' dir='ltr'>Martini</span> <span class='ocrx_word' id='word_1_64' title='bbox 945 1007 1069 1068; x_wconf 88' lang='lat' dir='ltr'>Lutheri</span> <span class='ocrx_word' id='word_1_65' title='bbox 1120 1077 1122 1084; x_wconf 33' lang='grc' dir='ltr'>Ι</span> 
     </span>
     <span class='ocr_line' id='line_1_11' title="bbox 142 1090 1069 1171; baseline -0.003 -19"><span class='ocrx_word' id='word_1_66' title='bbox 142 1109 250 1152; x_wconf 90' lang='lat' dir='ltr'>omnes</span> <span class='ocrx_word' id='word_1_67' title='bbox 274 1090 514 1168; x_wconf 86' lang='lat' dir='ltr'>comburendas,</span> <span class='ocrx_word' id='word_1_68' title='bbox 531 1092 685 1170; x_wconf 88' lang='lat' dir='ltr'>secundo,</span> <span class='ocrx_word' id='word_1_69' title='bbox 707 1102 739 1152; x_wconf 90' lang='lat' dir='ltr'>nt</span> <span class='ocrx_word' id='word_1_70' title='bbox 762 1091 799 1152; x_wconf 90' lang='lat' dir='ltr'>de</span> <span class='ocrx_word' id='word_1_71' title='bbox 821 1111 858 1152; x_wconf 91' lang='lat' dir='ltr'>eo</span> <span class='ocrx_word' id='word_1_72' title='bbox 883 1091 1069 1171; x_wconf 89' lang='lat' dir='ltr'>supplicium</span> 
     </span>
     <span class='ocr_line' id='line_1_12' title="bbox 141 1173 1069 1254; baseline 0.004 -22"><span class='ocrx_word' id='word_1_73' title='bbox 141 1180 276 1233; x_wconf 88' lang='lat' dir='ltr'>sumeret</span> <span class='ocrx_word' id='word_1_74' title='bbox 299 1173 346 1233; x_wconf 88' lang='lat' dir='ltr'>vel</span> <span class='ocrx_word' id='word_1_75' title='bbox 369 1183 493 1253; x_wconf 88' lang='lat' dir='ltr'>caperet</span> <span class='ocrx_word' id='word_1_76' title='bbox 515 1183 700 1254; x_wconf 89' lang='lat' dir='ltr'>captumque</span> <span class='ocrx_word' id='word_1_77' title='bbox 722 1177 880 1248; x_wconf 87' lang='lat' dir='ltr'>retineret,</span> <span class='ocrx_word' id='word_1_78' title='bbox 904 1182 957 1234; x_wconf 91' lang='lat' dir='ltr'>aut</span> <span class='ocrx_word' id='word_1_79' title='bbox 978 1173 1069 1236; x_wconf 82' lang='lat' dir='ltr'>Rom</span> 
     </span>
     <span class='ocr_line' id='line_1_13' title="bbox 142 1254 1070 1336; baseline -0.001 -21"><span class='ocrx_word' id='word_1_80' title='bbox 142 1254 283 1316; x_wconf 85' lang='lat' dir='ltr'>Pontifici</span> <span class='ocrx_word' id='word_1_81' title='bbox 312 1258 538 1320; x_wconf 86' lang='lat' dir='ltr'>transmitteret.</span> <span class='ocrx_word' id='word_1_82' title='bbox 578 1256 685 1336; x_wconf 80' lang='lat' dir='ltr'>Neque</span> <span class='ocrx_word' id='word_1_83' title='bbox 715 1259 876 1317; x_wconf 71' lang='lat' dir='ltr'>verebatur</span> <span class='ocrx_word' id='word_1_84' title='bbox 904 1255 1070 1330; x_wconf 84' lang='lat' dir='ltr'>affirmare,</span> 
     </span>
     <span class='ocr_line' id='line_1_14' title="bbox 144 1337 1069 1419; baseline 0 -21"><span class='ocrx_word' id='word_1_85' title='bbox 144 1347 175 1398; x_wconf 91' lang='lat' dir='ltr'>et</span> <span class='ocrx_word' id='word_1_86' title='bbox 197 1337 361 1399; x_wconf 80' lang='lat' dir='ltr'>Caesarem</span> <span class='ocrx_word' id='word_1_87' title='bbox 386 1337 549 1413; x_wconf 83' lang='lat' dir='ltr'>Darolum,</span> <span class='ocrx_word' id='word_1_88' title='bbox 583 1349 613 1398; x_wconf 84' lang='lat' dir='ltr'>et</span> <span class='ocrx_word' id='word_1_89' title='bbox 640 1341 813 1419; x_wconf 77' lang='lat' dir='ltr'>quicunque</span> <span class='ocrx_word' id='word_1_90' title='bbox 835 1340 923 1400; x_wconf 84' lang='lat' dir='ltr'>Rom.</span> <span class='ocrx_word' id='word_1_91' title='bbox 946 1339 1069 1418; x_wconf 88' lang='lat' dir='ltr'>imperii</span> 
     </span>
     <span class='ocr_line' id='line_1_15' title="bbox 143 1421 1070 1502; baseline 0.002 -22"><span class='ocrx_word' id='word_1_92' title='bbox 143 1421 298 1500; x_wconf 76' lang='lat' dir='ltr'>Principes</span> <span class='ocrx_word' id='word_1_93' title='bbox 319 1421 381 1482; x_wconf 89' lang='lat' dir='ltr'>hoc</span> <span class='ocrx_word' id='word_1_94' title='bbox 402 1423 526 1481; x_wconf 89' lang='lat' dir='ltr'>nomine</span> <span class='ocrx_word' id='word_1_95' title='bbox 548 1424 744 1496; x_wconf 88' lang='lat' dir='ltr'>essentaditi,</span> <span class='ocrx_word' id='word_1_96' title='bbox 768 1423 967 1502; x_wconf 79' lang='lat' dir='ltr'>praestitisse,</span> <span class='ocrx_word' id='word_1_97' title='bbox 990 1439 1070 1500; x_wconf 88' lang='lat' dir='ltr'>quae</span> 
     </span>
     <span class='ocr_line' id='line_1_16' title="bbox 141 1503 1122 1584; baseline -0.001 -19"><span class='ocrx_word' id='word_1_98' title='bbox 141 1503 310 1584; x_wconf 90' lang='lat' dir='ltr'>postularet</span> <span class='ocrx_word' id='word_1_99' title='bbox 318 1503 407 1564; x_wconf 87' lang='lat' dir='ltr'>Rom.</span> <span class='ocrx_word' id='word_1_100' title='bbox 419 1504 570 1580; x_wconf 78' lang='lat' dir='ltr'>Pontifex,</span> <span class='ocrx_word' id='word_1_101' title='bbox 584 1523 642 1565; x_wconf 90' lang='lat' dir='ltr'>neo</span> <span class='ocrx_word' id='word_1_102' title='bbox 653 1504 801 1582; x_wconf 88' lang='lat' dir='ltr'>reliquum</span> <span class='ocrx_word' id='word_1_103' title='bbox 813 1524 882 1564; x_wconf 90' lang='lat' dir='ltr'>esse</span> <span class='ocrx_word' id='word_1_104' title='bbox 894 1506 953 1564; x_wconf 88' lang='lat' dir='ltr'>nisi</span> <span class='ocrx_word' id='word_1_105' title='bbox 975 1524 1068 1564; x_wconf 86' lang='lat' dir='ltr'>unum</span> <span class='ocrx_word' id='word_1_106' title='bbox 1121 1537 1122 1552; x_wconf 57' lang='grc' dir='ltr'>ι</span> 
     </span>
     <span class='ocr_line' id='line_1_17' title="bbox 142 1586 749 1666; baseline 0.002 -21"><span class='ocrx_word' id='word_1_107' title='bbox 142 1586 311 1666; x_wconf 88' lang='lat' dir='ltr'>Principem</span> <span class='ocrx_word' id='word_1_108' title='bbox 334 1595 481 1647; x_wconf 90' lang='lat' dir='ltr'>nostrum.</span> <span class='ocrx_word' id='word_1_109' title='bbox 748 1655 749 1664; x_wconf 10' lang='grc' dir='ltr'>χ</span> 
     </span>
    </p>

    <p class='ocr_par' dir='ltr' id='par_1_4' title="bbox 142 1669 1100 2498">
     <span class='ocr_line' id='line_1_18' title="bbox 225 1669 1067 1750; baseline 0.004 -22"><span class='ocrx_word' id='word_1_110' title='bbox 225 1669 369 1749; x_wconf 91' lang='lat' dir='ltr'>Princeps</span> <span class='ocrx_word' id='word_1_111' title='bbox 392 1687 464 1728; x_wconf 85' lang='lat' dir='ltr'>vero</span> <span class='ocrx_word' id='word_1_112' title='bbox 488 1676 607 1746; x_wconf 88' lang='lat' dir='ltr'>noster,</span> <span class='ocrx_word' id='word_1_113' title='bbox 638 1671 803 1749; x_wconf 86' lang='lat' dir='ltr'>interprete</span> <span class='ocrx_word' id='word_1_114' title='bbox 824 1669 982 1750; x_wconf 81' lang='lat' dir='ltr'>Episcopo</span> <span class='ocrx_word' id='word_1_115' title='bbox 1005 1670 1067 1731; x_wconf 83' lang='lat' dir='ltr'>Tri·</span> 
     </span>
     <span class='ocr_line' id='line_1_19' title="bbox 143 1750 1066 1832; baseline -0.001 -19"><span class='ocrx_word' id='word_1_116' title='bbox 143 1752 285 1829; x_wconf 88' lang='lat' dir='ltr'>dentino,</span> <span class='ocrx_word' id='word_1_117' title='bbox 313 1750 486 1832; x_wconf 88' lang='lat' dir='ltr'>respondit,</span> <span class='ocrx_word' id='word_1_118' title='bbox 518 1770 643 1812; x_wconf 89' lang='lat' dir='ltr'>oausam</span> <span class='ocrx_word' id='word_1_119' title='bbox 672 1771 741 1812; x_wconf 88' lang='lat' dir='ltr'>esse</span> <span class='ocrx_word' id='word_1_120' title='bbox 764 1753 886 1812; x_wconf 87' lang='lat' dir='ltr'>maioris</span> <span class='ocrx_word' id='word_1_121' title='bbox 910 1755 1066 1830; x_wconf 87' lang='lat' dir='ltr'>momenti,</span> 
     </span>
     <span class='ocr_line' id='line_1_20' title="bbox 143 1834 1066 1915; baseline 0.004 -19"><span class='ocrx_word' id='word_1_122' title='bbox 143 1854 233 1915; x_wconf 93' lang='lat' dir='ltr'>quam</span> <span class='ocrx_word' id='word_1_123' title='bbox 264 1842 296 1895; x_wconf 91' lang='lat' dir='ltr'>ut</span> <span class='ocrx_word' id='word_1_124' title='bbox 331 1835 362 1894; x_wconf 92' lang='lat' dir='ltr'>in</span> <span class='ocrx_word' id='word_1_125' title='bbox 388 1835 631 1914; x_wconf 85' lang='lat' dir='ltr'>praesentiarum</span> <span class='ocrx_word' id='word_1_126' title='bbox 666 1836 844 1896; x_wconf 85' lang='lat' dir='ltr'>conveniret</span> <span class='ocrx_word' id='word_1_127' title='bbox 868 1834 1066 1915; x_wconf 85' lang='lat' dir='ltr'>respondere.</span> 
     </span>
     <span class='ocr_line' id='line_1_21' title="bbox 142 1917 1068 2000; baseline -0.002 -21"><span class='ocrx_word' id='word_1_128' title='bbox 142 1919 290 1980; x_wconf 87' lang='lat' dir='ltr'>Daturum</span> <span class='ocrx_word' id='word_1_129' title='bbox 311 1918 403 1996; x_wconf 85' lang='lat' dir='ltr'>igitur</span> <span class='ocrx_word' id='word_1_130' title='bbox 425 1935 565 1998; x_wconf 87' lang='lat' dir='ltr'>operam,</span> <span class='ocrx_word' id='word_1_131' title='bbox 594 1924 626 1978; x_wconf 93' lang='lat' dir='ltr'>ut</span> <span class='ocrx_word' id='word_1_132' title='bbox 651 1937 707 2000; x_wconf 90' lang='lat' dir='ltr'>pro</span> <span class='ocrx_word' id='word_1_133' title='bbox 731 1920 961 1998; x_wconf 83' lang='lat' dir='ltr'>opportunitate</span> <span class='ocrx_word' id='word_1_134' title='bbox 985 1917 1068 1980; x_wconf 87' lang='lat' dir='ltr'>daret</span> 
     </span>
     <span class='ocr_line' id='line_1_22' title="bbox 142 2000 1067 2081; baseline 0 -20"><span class='ocrx_word' id='word_1_135' title='bbox 142 2019 335 2081; x_wconf 86' lang='lat' dir='ltr'>responsum.</span> <span class='ocrx_word' id='word_1_136' title='bbox 375 2000 488 2061; x_wconf 89' lang='lat' dir='ltr'>Verum</span> <span class='ocrx_word' id='word_1_137' title='bbox 524 2001 576 2060; x_wconf 90' lang='lat' dir='ltr'>ubi</span> <span class='ocrx_word' id='word_1_138' title='bbox 608 2020 663 2081; x_wconf 90' lang='lat' dir='ltr'>per</span> <span class='ocrx_word' id='word_1_139' title='bbox 694 2004 915 2080; x_wconf 83' lang='lat' dir='ltr'>occupationes</span> <span class='ocrx_word' id='word_1_140' title='bbox 936 2002 1067 2080; x_wconf 90' lang='lat' dir='ltr'>Principi</span> 
     </span>
     <span class='ocr_line' id='line_1_23' title="bbox 143 2083 1068 2163; baseline -0.002 -18"><span class='ocrx_word' id='word_1_141' title='bbox 143 2092 248 2146; x_wconf 89' lang='lat' dir='ltr'>nostro</span> <span class='ocrx_word' id='word_1_142' title='bbox 271 2085 357 2145; x_wconf 91' lang='lat' dir='ltr'>ocius</span> <span class='ocrx_word' id='word_1_143' title='bbox 378 2083 565 2163; x_wconf 84' lang='lat' dir='ltr'>respondere</span> <span class='ocrx_word' id='word_1_144' title='bbox 589 2102 650 2145; x_wconf 92' lang='lat' dir='ltr'>non</span> <span class='ocrx_word' id='word_1_145' title='bbox 674 2084 815 2162; x_wconf 79' lang='lat' dir='ltr'>licuerat,</span> <span class='ocrx_word' id='word_1_146' title='bbox 837 2083 963 2144; x_wconf 89' lang='lat' dir='ltr'>tandem</span> <span class='ocrx_word' id='word_1_147' title='bbox 987 2084 1068 2144; x_wconf 88' lang='lat' dir='ltr'>dedit</span> 
     </span>
     <span class='ocr_line' id='line_1_24' title="bbox 143 2167 1066 2248; baseline -0.001 -21"><span class='ocrx_word' id='word_1_148' title='bbox 143 2168 301 2248; x_wconf 87' lang='lat' dir='ltr'>negotium</span> <span class='ocrx_word' id='word_1_149' title='bbox 323 2167 477 2226; x_wconf 86' lang='lat' dir='ltr'>nonnullis</span> <span class='ocrx_word' id='word_1_150' title='bbox 501 2169 561 2227; x_wconf 90' lang='lat' dir='ltr'>suis</span> <span class='ocrx_word' id='word_1_151' title='bbox 585 2167 774 2228; x_wconf 71' lang='lat' dir='ltr'>consiliariis</span> <span class='ocrx_word' id='word_1_152' title='bbox 804 2176 835 2228; x_wconf 90' lang='lat' dir='ltr'>et</span> <span class='ocrx_word' id='word_1_153' title='bbox 857 2168 1003 2227; x_wconf 87' lang='lat' dir='ltr'>ministris</span> <span class='ocrx_word' id='word_1_154' title='bbox 1024 2175 1066 2227; x_wconf 82' lang='lat' dir='ltr'>le·</span> 
     </span>
     <span class='ocr_line' id='line_1_25' title="bbox 142 2248 1100 2330; baseline -0.001 -20"><span class='ocrx_word' id='word_1_155' title='bbox 142 2248 314 2330; x_wconf 75' lang='lat' dir='ltr'>spondenti</span> <span class='ocrx_word' id='word_1_156' title='bbox 337 2249 454 2310; x_wconf 86' lang='lat' dir='ltr'>Marino</span> <span class='ocrx_word' id='word_1_157' title='bbox 484 2258 513 2310; x_wconf 92' lang='lat' dir='ltr'>et</span> <span class='ocrx_word' id='word_1_158' title='bbox 535 2249 690 2312; x_wconf 85' lang='lat' dir='ltr'>Alcandro</span> <span class='ocrx_word' id='word_1_159' title='bbox 713 2251 741 2310; x_wconf 91' lang='lat' dir='ltr'>in</span> <span class='ocrx_word' id='word_1_160' title='bbox 766 2250 874 2310; x_wconf 90' lang='lat' dir='ltr'>eodem</span> <span class='ocrx_word' id='word_1_161' title='bbox 905 2249 1065 2312; x_wconf 88' lang='lat' dir='ltr'>coenobio.</span> <span class='ocrx_word' id='word_1_162' title='bbox 1095 2289 1100 2298; x_wconf 80' lang='lat'><em>-</em></span> 
     </span>
     <span class='ocr_line' id='line_1_26' title="bbox 143 2331 1064 2413; baseline 0 -21"><span class='ocrx_word' id='word_1_163' title='bbox 143 2331 259 2408; x_wconf 79' lang='lat' dir='ltr'>Quarta</span> <span class='ocrx_word' id='word_1_164' title='bbox 280 2332 355 2392; x_wconf 84' lang='lat' dir='ltr'>laria</span> <span class='ocrx_word' id='word_1_165' title='bbox 377 2333 593 2412; x_wconf 89' lang='lat' dir='ltr'>postomnium</span> <span class='ocrx_word' id='word_1_166' title='bbox 612 2331 794 2394; x_wconf 81' lang='lat' dir='ltr'>Sanctorum</span> <span class='ocrx_word' id='word_1_167' title='bbox 808 2341 879 2413; x_wconf 93' lang='lat' dir='ltr'>post</span> <span class='ocrx_word' id='word_1_168' title='bbox 899 2333 1064 2404; x_wconf 84' lang='lat' dir='ltr'>meridiem,</span> 
     </span>
     <span class='ocr_line' id='line_1_27' title="bbox 142 2414 693 2498; baseline -0.004 -20"><span class='ocrx_word' id='word_1_169' title='bbox 142 2422 304 2498; x_wconf 87' lang='lat' dir='ltr'>praesente</span> <span class='ocrx_word' id='word_1_170' title='bbox 326 2414 483 2495; x_wconf 80' lang='lat' dir='ltr'>Episcopo</span> <span class='ocrx_word' id='word_1_171' title='bbox 505 2415 693 2493; x_wconf 87' lang='lat' dir='ltr'>Tridentino,</span> 
     </span>
    </p>
   </div>
   <div class='ocr_carea' id='block_1_3' title="bbox 314 2579 835 2658">
    <p class='ocr_par' dir='ltr' id='par_1_5' title="bbox 314 2579 835 2658">
     <span class='ocr_line' id='line_1_28' title="bbox 314 2579 835 2658; baseline 0.004 -19"><span class='ocrx_word' id='word_1_172' title='bbox 314 2647 317 2656; x_wconf 37' lang='lat'>‚</span> <span class='ocrx_word' id='word_1_173' title='bbox 367 2579 604 2658; x_wconf 88' lang='lat' dir='ltr'>Responsum</span> <span class='ocrx_word' id='word_1_174' title='bbox 627 2579 700 2641; x_wconf 85' lang='lat' dir='ltr'>luit</span> <span class='ocrx_word' id='word_1_175' title='bbox 719 2580 835 2657; x_wconf 69' lang='lat' dir='ltr'>itali:</span> 
     </span>
    </p>
   </div>
   <div class='ocr_carea' id='block_1_4' title="bbox 111 2719 1118 3546">
    <p class='ocr_par' dir='ltr' id='par_1_6' title="bbox 143 2719 1118 2965">
     <span class='ocr_line' id='line_1_29' title="bbox 226 2719 1062 2782; baseline 0.002 -2"><span class='ocrx_word' id='word_1_176' title='bbox 226 2719 309 2780; x_wconf 86' lang='lat' dir='ltr'>Nihil</span> <span class='ocrx_word' id='word_1_177' title='bbox 331 2719 429 2779; x_wconf 88' lang='lat' dir='ltr'>minus</span> <span class='ocrx_word' id='word_1_178' title='bbox 450 2719 561 2778; x_wconf 87' lang='lat' dir='ltr'>veritus</span> <span class='ocrx_word' id='word_1_179' title='bbox 584 2728 631 2781; x_wconf 89' lang='lat' dir='ltr'>est</span> <span class='ocrx_word' id='word_1_180' title='bbox 651 2721 783 2780; x_wconf 87' lang='lat' dir='ltr'>futurum</span> <span class='ocrx_word' id='word_1_181' title='bbox 813 2720 964 2782; x_wconf 87' lang='lat' dir='ltr'>illustriss.</span> <span class='ocrx_word' id='word_1_182' title='bbox 988 2720 1062 2782; x_wconf 90' lang='lat' dir='ltr'>Prin·</span> 
     </span>
     <span class='ocr_line' id='line_1_30' title="bbox 143 2801 1063 2884; baseline 0 -22"><span class='ocrx_word' id='word_1_183' title='bbox 143 2821 216 2883; x_wconf 91' lang='lat' dir='ltr'>ceps</span> <span class='ocrx_word' id='word_1_184' title='bbox 240 2808 344 2862; x_wconf 90' lang='lat' dir='ltr'>noster</span> <span class='ocrx_word' id='word_1_185' title='bbox 366 2801 534 2862; x_wconf 84' lang='lat' dir='ltr'>Friderious</span> <span class='ocrx_word' id='word_1_186' title='bbox 557 2810 626 2880; x_wconf 82' lang='lat' dir='ltr'>etc,</span> <span class='ocrx_word' id='word_1_187' title='bbox 650 2805 704 2863; x_wconf 89' lang='lat' dir='ltr'>viri</span> <span class='ocrx_word' id='word_1_188' title='bbox 728 2803 896 2884; x_wconf 86' lang='lat' dir='ltr'>magnifici,</span> <span class='ocrx_word' id='word_1_189' title='bbox 921 2821 1013 2884; x_wconf 89' lang='lat' dir='ltr'>quam</span> <span class='ocrx_word' id='word_1_190' title='bbox 1035 2811 1063 2863; x_wconf 94' lang='lat' dir='ltr'>ut</span> 
     </span>
     <span class='ocr_line' id='line_1_31' title="bbox 143 2885 1118 2965; baseline 0.003 -20"><span class='ocrx_word' id='word_1_191' title='bbox 143 2885 202 2945; x_wconf 90' lang='lat' dir='ltr'>tale</span> <span class='ocrx_word' id='word_1_192' title='bbox 211 2886 365 2965; x_wconf 87' lang='lat' dir='ltr'>quippiam</span> <span class='ocrx_word' id='word_1_193' title='bbox 379 2887 588 2946; x_wconf 89' lang='lat' dir='ltr'>sanctissimus</span> <span class='ocrx_word' id='word_1_194' title='bbox 598 2887 746 2948; x_wconf 89' lang='lat' dir='ltr'>Dominus</span> <span class='ocrx_word' id='word_1_195' title='bbox 758 2897 861 2947; x_wconf 90' lang='lat' dir='ltr'>noster</span> <span class='ocrx_word' id='word_1_196' title='bbox 873 2885 935 2946; x_wconf 90' lang='lat' dir='ltr'>Leo</span> <span class='ocrx_word' id='word_1_197' title='bbox 944 2887 982 2948; x_wconf 89' lang='lat' dir='ltr'>X.</span> <span class='ocrx_word' id='word_1_198' title='bbox 991 2887 1061 2948; x_wconf 91' lang='lat' dir='ltr'>Pon·</span> <span class='ocrx_word' id='word_1_199' title='bbox 1117 2887 1118 2922; x_wconf 65' lang='lat'><strong>³</strong></span> 
     </span>
    </p>

    <p class='ocr_par' dir='ltr' id='par_1_7' title="bbox 111 2931 1118 3546">
     <span class='ocr_line' id='line_1_32' title="bbox 111 2967 1061 3050; baseline 0.001 -24"><span class='ocrx_word' id='word_1_200' title='bbox 111 3009 116 3012; x_wconf 95' lang='lat'>-</span> <span class='ocrx_word' id='word_1_201' title='bbox 144 2967 384 3028; x_wconf 79' lang='lat' dir='ltr'>tit&#39;exRomanus</span> <span class='ocrx_word' id='word_1_202' title='bbox 398 2967 446 3027; x_wconf 87' lang='lat' dir='ltr'>vel</span> <span class='ocrx_word' id='word_1_203' title='bbox 459 2976 585 3048; x_wconf 90' lang='lat' dir='ltr'>peteret,</span> <span class='ocrx_word' id='word_1_204' title='bbox 608 2969 655 3028; x_wconf 89' lang='lat' dir='ltr'>vel</span> <span class='ocrx_word' id='word_1_205' title='bbox 668 2969 846 3050; x_wconf 75' lang='lat' dir='ltr'>postularet,</span> <span class='ocrx_word' id='word_1_206' title='bbox 869 2969 962 3029; x_wconf 90' lang='lat' dir='ltr'>Dedit</span> <span class='ocrx_word' id='word_1_207' title='bbox 976 2973 1061 3045; x_wconf 91' lang='lat' dir='ltr'>enim,</span> 
     </span>
     <span class='ocr_line' id='line_1_33' title="bbox 144 3051 1059 3133; baseline 0.002 -23"><span class='ocrx_word' id='word_1_208' title='bbox 144 3051 226 3130; x_wconf 92' lang='lat' dir='ltr'>quod</span> <span class='ocrx_word' id='word_1_209' title='bbox 239 3052 313 3112; x_wconf 88' lang='lat' dir='ltr'>citra</span> <span class='ocrx_word' id='word_1_210' title='bbox 336 3053 510 3112; x_wconf 87' lang='lat' dir='ltr'>iactantiam</span> <span class='ocrx_word' id='word_1_211' title='bbox 523 3058 552 3110; x_wconf 91' lang='lat' dir='ltr'>et</span> <span class='ocrx_word' id='word_1_212' title='bbox 564 3052 706 3112; x_wconf 87' lang='lat' dir='ltr'>iuvidiam</span> <span class='ocrx_word' id='word_1_213' title='bbox 726 3052 837 3112; x_wconf 87' lang='lat' dir='ltr'>dictum</span> <span class='ocrx_word' id='word_1_214' title='bbox 852 3053 899 3130; x_wconf 86' lang='lat' dir='ltr'>sit,</span> <span class='ocrx_word' id='word_1_215' title='bbox 915 3062 1059 3133; x_wconf 89' lang='lat' dir='ltr'>perpetuo</span> 
     </span>
     <span class='ocr_line' id='line_1_34' title="bbox 142 3133 1059 3215; baseline -0.001 -20"><span class='ocrx_word' id='word_1_216' title='bbox 142 3153 280 3214; x_wconf 90' lang='lat' dir='ltr'>operam,</span> <span class='ocrx_word' id='word_1_217' title='bbox 303 3141 335 3194; x_wconf 92' lang='lat' dir='ltr'>ut</span> <span class='ocrx_word' id='word_1_218' title='bbox 357 3133 515 3215; x_wconf 86' lang='lat' dir='ltr'>praeclara</span> <span class='ocrx_word' id='word_1_219' title='bbox 532 3133 693 3195; x_wconf 89' lang='lat' dir='ltr'>Parentum</span> <span class='ocrx_word' id='word_1_220' title='bbox 716 3144 746 3194; x_wconf 90' lang='lat' dir='ltr'>et</span> <span class='ocrx_word' id='word_1_221' title='bbox 769 3136 917 3194; x_wconf 88' lang='lat' dir='ltr'>maiorum</span> <span class='ocrx_word' id='word_1_222' title='bbox 941 3154 1059 3196; x_wconf 88' lang='lat' dir='ltr'>soomm</span> 
     </span>
     <span class='ocr_line' id='line_1_35' title="bbox 142 3216 1117 3297; baseline -0.002 -19"><span class='ocrx_word' id='word_1_223' title='bbox 142 3217 232 3278; x_wconf 90' lang='lat' dir='ltr'>beata</span> <span class='ocrx_word' id='word_1_224' title='bbox 253 3218 475 3278; x_wconf 88' lang='lat' dir='ltr'>recordationis</span> <span class='ocrx_word' id='word_1_225' title='bbox 499 3218 627 3297; x_wconf 84' lang='lat' dir='ltr'>vestigia</span> <span class='ocrx_word' id='word_1_226' title='bbox 649 3225 781 3297; x_wconf 83' lang='lat' dir='ltr'>secutus,</span> <span class='ocrx_word' id='word_1_227' title='bbox 806 3217 877 3277; x_wconf 89' lang='lat' dir='ltr'>nihil</span> <span class='ocrx_word' id='word_1_228' title='bbox 900 3216 947 3277; x_wconf 87' lang='lat' dir='ltr'>vel</span> <span class='ocrx_word' id='word_1_229' title='bbox 971 3219 1063 3297; x_wconf 69' lang='lat' dir='ltr'>genti·¹</span> <span class='ocrx_word' id='word_1_230' title='bbox 1116 3234 1117 3289; x_wconf 71' lang='lat' dir='ltr'>l</span> 
     </span>
     <span class='ocr_line' id='line_1_36' title="bbox 141 3299 1059 3380; baseline -0.001 -21"><span class='ocrx_word' id='word_1_231' title='bbox 141 3300 212 3360; x_wconf 92' lang='lat' dir='ltr'>licia</span> <span class='ocrx_word' id='word_1_232' title='bbox 234 3299 435 3378; x_wconf 83' lang='lat' dir='ltr'>claritudine,</span> <span class='ocrx_word' id='word_1_233' title='bbox 467 3299 517 3358; x_wconf 84' lang='lat' dir='ltr'>vel</span> <span class='ocrx_word' id='word_1_234' title='bbox 539 3318 594 3359; x_wconf 90' lang='lat' dir='ltr'>sua</span> <span class='ocrx_word' id='word_1_235' title='bbox 616 3318 748 3380; x_wconf 90' lang='lat' dir='ltr'>persona</span> <span class='ocrx_word' id='word_1_236' title='bbox 778 3301 935 3380; x_wconf 85' lang='lat' dir='ltr'>indignum</span> <span class='ocrx_word' id='word_1_237' title='bbox 959 3300 1059 3360; x_wconf 90' lang='lat' dir='ltr'>admit-</span> 
     </span>
     <span class='ocr_line' id='line_1_37' title="bbox 143 3381 1057 3460; baseline 0 -18"><span class='ocrx_word' id='word_1_238' title='bbox 143 3389 229 3460; x_wconf 88' lang='lat' dir='ltr'>teret,</span> <span class='ocrx_word' id='word_1_239' title='bbox 251 3381 509 3459; x_wconf 86' lang='lat' dir='ltr'>quemadmodum</span> <span class='ocrx_word' id='word_1_240' title='bbox 533 3391 660 3460; x_wconf 90' lang='lat' dir='ltr'>uterque</span> <span class='ocrx_word' id='word_1_241' title='bbox 680 3390 814 3444; x_wconf 87' lang='lat' dir='ltr'>vestrum</span> <span class='ocrx_word' id='word_1_242' title='bbox 842 3385 925 3444; x_wconf 88' lang='lat' dir='ltr'>iussn</span> <span class='ocrx_word' id='word_1_243' title='bbox 949 3383 1057 3444; x_wconf 84' lang='lat' dir='ltr'>Sancti</span> 
     </span>
     <span class='ocr_line' id='line_1_38' title="bbox 142 3462 1116 3546; baseline 0.005 -26"><span class='ocrx_word' id='word_1_244' title='bbox 142 3464 212 3532; x_wconf 77' lang='lat' dir='ltr'>taliq</span> <span class='ocrx_word' id='word_1_245' title='bbox 233 3462 429 3540; x_wconf 81' lang='lat' dir='ltr'>Pontificius,</span> <span class='ocrx_word' id='word_1_246' title='bbox 458 3463 568 3523; x_wconf 88' lang='lat' dir='ltr'>Brevia</span> <span class='ocrx_word' id='word_1_247' title='bbox 590 3466 655 3524; x_wconf 89' lang='lat' dir='ltr'>sius</span> <span class='ocrx_word' id='word_1_248' title='bbox 677 3464 856 3545; x_wconf 86' lang='lat' dir='ltr'>reddentes,</span> <span class='ocrx_word' id='word_1_249' title='bbox 878 3484 1056 3527; x_wconf 88' lang='lat' dir='ltr'>commemo·</span> <span class='ocrx_word' id='word_1_250' title='bbox 1115 3519 1116 3546; x_wconf 78' lang='lat'>,</span> 
     </span>
    </p>
   </div>
   <div class='ocr_carea' id='block_1_5' title="bbox 151 3627 515 3644">
    <p class='ocr_par' dir='ltr' id='par_1_8' title="bbox 151 3627 515 3644">
     <span class='ocr_line' id='line_1_39' title="bbox 151 3627 515 3644; baseline 0.003 -4"><span class='ocrx_word' id='word_1_251' title='bbox 151 3627 515 3644; x_wconf 47' lang='lat' dir='ltr'>m———qn—-m</span> 
     </span>
    </p>
   </div>
   <div class='ocr_carea' id='block_1_6' title="bbox 250 3681 1052 3752">
    <p class='ocr_par' dir='ltr' id='par_1_9' title="bbox 250 3681 1052 3752">
     <span class='ocr_line' id='line_1_40' title="bbox 250 3681 1052 3752; baseline 0.007 -18"><span class='ocrx_word' id='word_1_252' title='bbox 250 3682 283 3746; x_wconf 95' lang='lat'>1)</span> <span class='ocrx_word' id='word_1_253' title='bbox 303 3681 333 3734; x_wconf 90' lang='lat' dir='ltr'>In</span> <span class='ocrx_word' id='word_1_254' title='bbox 354 3684 418 3737; x_wconf 83' lang='lat' dir='ltr'>adit</span> <span class='ocrx_word' id='word_1_255' title='bbox 436 3683 499 3739; x_wconf 86' lang='lat' dir='ltr'>Jen.</span> <span class='ocrx_word' id='word_1_256' title='bbox 536 3686 635 3739; x_wconf 88' lang='lat' dir='ltr'>desunt</span> <span class='ocrx_word' id='word_1_257' title='bbox 654 3686 722 3741; x_wconf 85' lang='lat' dir='ltr'>haec</span> <span class='ocrx_word' id='word_1_258' title='bbox 752 3688 848 3741; x_wconf 83' lang='lat' dir='ltr'>verba:</span> <span class='ocrx_word' id='word_1_259' title='bbox 886 3687 1052 3752; x_wconf 80' lang='lat' dir='ltr'>Responsura</span> 
     </span>
    </p>
   </div>
   <div class='ocr_carea' id='block_1_7' title="bbox 0 0 1131 4006">
    <p class='ocr_par' dir='ltr' id='par_1_10' title="bbox 0 0 1131 4006">
     <span class='ocr_line' id='line_1_41' title="bbox 0 0 1131 4006; baseline 0 0"><span class='ocrx_word' id='word_1_260' title='bbox 0 0 1131 4006; x_wconf 95' lang='lat' dir='ltr'> </span> 
     </span>
    </p>
   </div>
  </div>
 </body>
</html>
