2258 4002
307 219 467 282 sinti'c'hristi
486 218 518 281 U.
537 217 572 280 ii.
592 222 737 281 Lniharus.
936 214 999 290 147

72 398 125 441 nen
137 399 186 458 ea,
211 391 372 460 quaesere
385 381 432 442 eei
441 380 590 458 Romana,
603 383 648 440 sie
659 369 767 461 sapiat,
782 385 841 441 neo'
855 381 1001 441 continua

72 463 257 542 catholicum
266 466 388 542 habeat,
400 463 545 544 quidquid
558 465 728 524 Romanum
742 482 810 524 esse
820 463 999 524 eonstiterit.

72 539 175 605 Nullus
191 545 245 630 (ut
258 545 339 629 dixi)
355 547 429 607 iiber
441 548 609 608 catholicus
625 548 704 607 ultra
714 547 829 606 futurus
842 551 897 622 est,
920 541 1000 606 sieut

72 647 168 708 neque
193 631 263 705 fuit,
292 637 413 711 praeter
435 629 621 710 Scripturam
646 637 795 691 sanatam.
839 629 999 689 Romanae

72 715 223 773 ecciesiae
244 712 366 774 abunde
389 715 463 774 satis
486 723 532 773 est
553 714 679 793 gloriae,
704 715 820 792 pas'te'm
845 731 913 771 esse
932 732 1000 792 par·

70 817 136 856 vain
151 791 333 858 universalis
347 797 506 872 eeclesiae,
525 798 586 855 suis
599 797 718 855 statutis
729 815 762 856 se
775 796 872 875 ipsam
886 814 999 855 vexen-

71 885 142 941 tem.
188 870 299 940 Onriae
326 881 428 959 potius
450 880 610 941 Romanae
639 879 698 937 ista
720 877 802 937 bulla
825 887 887 956 est,
920 876 999 938 hane

70 955 148 1022 enim
172 956 307 1024 Satanae
329 962 432 1022 s'edem
456 963 544 1022 deest
566 961 633 1022 talis
658 962 808 1041 sapientia
830 967 861 1020 et
878 962 997 1040 religio,

71 1046 139 1125 ipsa
162 1053 220 1122 est,
242 1064 321 1125 quae
343 1046 447 1106 nititur
468 1045 648 1124 universalis
671 1044 802 1103 eeclesia
825 1031 944 1121 haberi,
967 1041 999 1104 et*

69 1147 140 1188 suas
162 1127 276 1188 stultae
293 1135 323 1187 et
343 1129 454 1208 impias'
475 1125 575 1188 bullas
607 1133 666 1207 prn'
686 1125 845 1186 catholicis
869 1123 995 1268 deppae-

71 1211 148 1270 tibn's
173 1211 228 1271 toti
250 1211 317 1272 orbi
340 1212 603 1291 arrogantissime,
631 1210 683 1270 sed
708 1209 872 1269 vanissime
896 1227 914 1270 ο
939 1208 997 1268 tin·

72 1293 121 1372 dit,
145 1295 233 1354 n'nius
255 1295 399 1374 snperbia
414 1301 445 1355 et
457 1295 610 1354 temeritas
633 1301 670 1353 e'o
689 1293 793 1370 erevit,
816 1293 849 1351 ut’
870 1287 908 1351 de
930 1293 997 1352 sola

71 1383 221 1457 potestate
245 1386 429 1459 praesumat,
452 1376 527 1437 eitra
539 1395 660 1437 omnem
677 1376 845 1434 doctrinam
860 1381 891 1434 et
910 1395 996 1456 sane·

71 1455 226 1519 timoniam
260 1461 356 1537 vitae,
391 1460 429 1520 de
470 1461 611 1520 omnibus
650 1465 784 1519 statuere
820 1449 994 1518 hominibus

5 1539 6 1578 i
71 1553 236 1622 eorumque
258 1542 347 1602 dietis
369 1553 398 1603 et
420 1539 519 1619 fantis,
541 1533 681 1622 quasioii
696 1539 793 1600 solani
810 1538 994 1620 potestatem

5 1619 7 1704 f
73 1628 127 1686 aut
154 1625 372 1686 sublimitatem
408 1627 531 1707 spiritua
563 1623 769 1686 habiteenlun'i
803 1625 834 1683 et
865 1623 997 1683 ecelesia

5 1719 7 1770 ἒ
61 1697 179 1768 Οἲιήεῑί
201 1709 250 1784 sit,
274 1727 341 1768 enm
365 1708 426 1768 han‘
436 1709 553 1769 ratione
566 1715 597 1768 et
608 1715 741 1784 satanas,
765 1719 833 1766 aunt
856 1707 894 1766 sit
915 1700 995 1786 prin·

6 1813 7 1816 ¹
72 1809 141 1872 eeps
164 1791 286 1868 mnndi,
317 1799 370 1851 ant
389 1789 490 1852 Turta
517 1791 648 1852 ecelesia
671 1790 780 1850 Christi
804 1787 864 1848 diei
886 1791 995 1870 possit,

72 1873 121 1933 sed
136 1892 237 1953 neque
254 1876 390 1956 gentium
413 1875 539 1954 imperia
551 1879 692 1954 potentes
716 1873 791 1932 eitra·
813 1873 994 1952 sapientiam

72 1960 102 2016 e'i
120 1957 288 2018 bonitatem
310 1957 419 2038 ierunt,
441 1966 504 2018 tum
527 1959 556 2017 in
580 1957 713 2017 ecelesia
734 1955 832 2015 solnm
856 1957 993 2035 spiritua-

73 2039 107 2099 lis'
127 2041 231 2101 omnia
243 2039 367 2120 indicat,
390 2049 420 2100 et
442 2061 460 2101 a
482 2042 603 2100 nemine
616 2039 777 2115 iudicatur,
800 2043 833 2098 ut
845 2026 865 2098 1¹.
879 2035 950 2099 Coi.
965 2041 993 2102 2.

72 2123 191 2206 dieitnr3
225 2141 286 2184 non
310 2124 415 2205 utique
443 2123 526 2184 soiue
553 2133 635 2204 papa
662 2129 715 2182 aut
737 2123 820 2184 ensis
842 2121 992 2199 Romana,

72 2207 124 2265 nisi
147 2198 321 2267 s‘irit'naies
343 2209 411 2266 sint.

176 2301 261 2349 erum
285 2291 447 2349 universae
469 2307 574 2349 eorum
593 2287 755 2348 temeritati
770 2289 897 2368 oppono
920 2293 990 2347 ann·

7 2393 8 2396 ¹
72 2379 182 2432 stanter·
203 2374 348 2432 invictum
373 2371 498 2432 Paulum
521 2367 544 2431 I.
559 2369 628 2435 Gor.
644 2373 695 2434 14:
718 2371 749 2432 Si
772 2365 858 2431 alieri
872 2363 999 2431 sedenti

72 2455 233 2515 revelatum
256 2447 354 2533 inerit
378 2456 460 2536 prior
482 2461 593 2514 teneat.
637 2451 694 2514 Hie
716 2454 797 2514 alara
812 2453 917 2530 habes,
940 2474 991 2534 pa-

72 2549 135 2617 pam
160 2545 191 2598 et
212 2540 351 2680 pnemvis
382 2539 475 2597 atium
505 2539 650 2598 maiorem
682 2536 794 2633 deberp
817 2545 934 2616 tacere,
966 2540 992 2596 ai

72 2621 156 2680 alteri
178 2623 312 2682 ineriori
342 2623 370 2681 in
399 2620 532 2681 eeclesia.
552 2620 719 2680 revelatum
750 2619 863 2698 aliquid
893 2619 988 2682 inerit.

6 2781 7 2784 Ἴ
74 2698 132 2763 Hae
153 2723 213 2784 ego
237 2695 400 2765 autoritate
422 2705 530 2781 nixus,
552 2710 729 2782 contempta
751 2701 852 2762 bullae
875 2703 991 2762 temeri·

74 2793 143 2864 tate,
178 2807 246 2847 enm
278 2783 390 2847 fiducia
428 2786 574 2847 articulos
608 2784 819 2845 detendenn'o‘s‘
846 2785 990 2881 suscipi03

6 2939 7 2944 η
74 2869 175 2930 nuliius
197 2861 316 2930 nuditm'
333 2868 560 2930 damnationem
593 2870 667 2928 tanti
689 2867 839 2943 facturus,
871 2863 990 2927 etiamn

5 3015 7 3076 Ι
74 2969 147 3032 papa
173 2955 211 3013 sit
239 2971 308 3014 aum
331 2959 396 3015 tnta
424 2972 480 3014 sua
502 2951 732 3028 ecclesianis
755 2949 918 3030 Scriptum
942 2967 990 3009 me

5 3085 7 3110 ,
75 3035 217 3098 erudierit.

305 3200 651 3280 Quonnm‘printns
681 3207 754 3261 est:

127 3329 285 3391 Haeretina
306 3339 353 3389 eet
374 3329 545 3406 sententia,
567 3327 621 3388 aad
645 3328 771 3402 usitata,
795 3327 989 3385 aisiamenta

127 3431 229 3474 nanae
248 3413 333 3492 tagis¹
346 3412 479 3492 gratiam·
503 3409 576 3472 dare
598 3410 674 3489 iiiia,
703 3411 755 3489 qni
784 3412 990 3488 pomponam

130 3496 257 3558 abisam

146 3616 292 3695 Agnosco
313 3610 472 3672 aminnium
496 3619 613 3687 meum,
635 3613 668 3671 et
687 3612 801 3690 q'ua'ert
825 3608 865 3666 e'x
889 3594 1002 3691 νὀῑΐίέ,Δ

5 3689 7 3736 i
75 3698 176 3777 egi'egii
208 3689 329 3757 demini
351 3695 599 3776 respeetivi‘stae'‚
630 3694 683 3773 qui
708 3684 1000 3840 aliosi'or'es'p'eetiv'e'
