2250 4008
138 167 201 235 440
429 171 588 228 Conlatatto
606 131 786 228 usurasne*

133 325 194 388 Gur
216 325 297 388 hoo?
320 325 391 406 quia
412 307 499 388 su'um
523 334 579 403 ost,
601 347 641 389 ax
654 327 778 390 homine
790 333 945 410 sumptum
963 343 1059 388 mere

135 429 195 488 qua
216 408 382 470 humanum
397 410 530 474 verbum.
576 412 616 472 At
638 411 688 473 ubi
711 412 862 492 Soripuris
875 411 934 472 Dei
957 411 1059 470 ineos

133 512 205 553 usus
229 492 329 573 fueris,
353 501 415 554 tum
435 493 559 554 infinitis
582 495 783 579 orisplregetis
799 495 969 570 abundant,
993 499 1056 562 turn

134 575 205 636 nihil
229 582 285 654 est,
307 576 390 656 quod
414 577 551 656 oogitare
573 580 702 658 possint,
725 580 796 658 quin
820 578 901 639 idem
919 578 960 638 sit
985 595 1058 636 mox

133 659 278 720 articulus
301 659 388 734 fidei,
411 679 468 720 neo
490 667 591 720 tamon
615 663 753 740 cogitant
775 661 899 742 aliquod
923 657 1058 740 simplex

133 749 278 803 oonatans
297 750 328 804 et
342 763 445 804 unum.
468 743 580 823 Credo,
601 745 625 804 si
649 743 740 806 hodio
755 745 893 806 Christus
917 743 955 804 de
967 742 1059 803 ooelo

134 834 274 904 sonaret,
295 826 416 886 Lutheri
438 828 590 887 sententia
611 847 683 888 vera
706 834 772 906 est,
798 829 980 888 inventuros
1004 845 1059 886 eos

38 937 49 960 ο
135 909 266 988 aliquam
290 909 515 970 distinctionem
540 913 618 983 veri,
652 931 690 970 ne
723 911 753 970 in
780 912 862 972 viam
884 910 987 971 redire
1010 927 1059 968 oo·

132 1001 283 1073 gerentur.
327 991 451 1069 seusu,
475 993 589 1071 lentor,
623 995 698 1055 istos
733 1013 829 1074 vagos
860 993 969 1056 onulos
1002 1010 1058 1071 pro

132 1076 307 1137 testimonio
330 1075 444 1135 habeas
464 1075 620 1136 adulterae
643 1077 787 1157 mulieris,
809 1096 868 1138 neo
889 1096 959 1138 esse
975 1074 1057 1156 apud

135 1159 296 1240 Magistros
324 1166 447 1220 nostros
480 1159 612 1236 studium
646 1160 790 1240 simplicis
812 1161 965 1238 veritatis,
1003 1157 1057 1220 sed

135 1243 238 1302 variae
259 1251 289 1301 ot
310 1242 512 1303 inconstantis
543 1243 699 1304 elusionis.
742 1243 774 1304 Si
805 1243 877 1303 milri
906 1245 950 1304 sio
973 1241 1057 1303 labo·

134 1323 262 1386 randum
286 1333 367 1385 esset
390 1325 602 1406 opinionibus,
624 1326 880 1407 similitudinibus,
904 1326 1057 1387 varietati·

135 1408 200 1486 trus,
222 1407 335 1470 nollem
351 1407 539 1470 Christianus
562 1427 641 1472 esse.
685 1408 850 1484 Quomodo
873 1411 954 1470 enim
983 1409 1056 1468 veri·

134 1497 228 1552 tatem
251 1491 379 1552 solidam
410 1491 440 1550 in
464 1492 509 1551 his
528 1491 670 1571 procellis
694 1500 724 1552 et
753 1492 895 1554 fluetibus
917 1492 1057 1552 invenire

132 1593 146 1634 s
170 1574 311 1634 erarem?
353 1573 432 1648 Quid
457 1593 530 1656 ergo
554 1575 702 1655 reliquum
726 1575 797 1636 ast?
826 1575 960 1657 Nempe,
985 1575 1056 1656 quia

140 1593 270 1738 dguram
295 1657 345 1717 hio
367 1659 435 1718 essa
457 1677 518 1719 non
543 1665 645 1738 potest
665 1659 797 1738 probaro
820 1659 983 1734 Latomus,
1007 1675 1056 1718 oo·

137 1749 225 1820 getur
248 1741 441 1802 autoritatem
465 1742 539 1801 oitra
563 1741 691 1822 figuram
715 1741 844 1823 simplioi
874 1751 904 1802 et
932 1743 1057 1823 propria

136 1821 360 1904 signilloatione
381 1823 551 1900 admittere,
574 1843 743 1904 omnesque
767 1827 902 1886 omnium
924 1825 1055 1885 iustitias

136 1925 204 1966 esse
225 1906 369 1988 pollutas,
393 1913 424 1966 et
446 1925 552 1967 omnes
575 1907 714 1968 homines
736 1928 804 1969 ease
815 1907 992 1969 immundos
1015 1908 1055 1968 oi·

136 1995 182 2048 tra
206 1989 261 2049 Dei
285 1989 532 2052 misericordiam.

220 2072 320 2132 Alium
343 2072 444 2132 looum
468 2072 585 2137 Eooles.
609 2077 645 2138 7:
676 2073 743 2136 Nou
774 2084 819 2134 est
842 2073 936 2136 homo
958 2069 1054 2133 iustus

134 2156 283 2232 interra,
316 2155 367 2234 qui
390 2155 468 2227 bena
491 2157 582 2216 laoiat
617 2165 647 2216 et
669 2177 730 2219 nou
754 2165 877 2238 peccet,
909 2157 1053 2217 Latomus

133 2237 266 2316 invadit,
302 2241 393 2299 etiam
425 2239 556 2300 minutus
589 2239 659 2299 mihi
693 2242 722 2300 in
748 2239 825 2315 flue,
860 2247 894 2301 ut
916 2239 1051 2299 desinam

135 2339 250 2400 ponera
273 2321 423 2382 maculam
447 2323 476 2381 iu
493 2321 622 2402 gloriam
642 2321 835 2402 Sauotorum,
859 2322 941 2402 quod
957 2321 1053 2402 gloria

134 2402 314 2465 Sanotorum
338 2405 418 2484 apud
441 2423 509 2464 eum
534 2406 573 2465 sit
594 2425 672 2485 opus
694 2425 799 2466 eorum
823 2406 889 2466 aina
912 2412 1051 2485 pensato.

134 2485 298 2562 Quomodo
322 2487 432 2548 Psalm.
455 2487 484 2551 3.
507 2488 624 2548 dieunt:
658 2489 703 2549 Tu
727 2508 759 2549 es
782 2489 881 2569 gloria
903 2507 995 2564 mea,
1023 2487 1050 2548 id

134 2577 191 2648 est,
213 2576 243 2631 tu
267 2587 300 2630 es
323 2589 400 2650 opus
424 2585 523 2630 meum
537 2569 650 2630 bonum
667 2573 731 2632 sine
753 2579 899 2652 peccato,
923 2569 1050 2642 at89¹tz

134 2650 285 2726 Quoniam
309 2653 408 2734 gloria
433 2655 549 2714 virtutis
573 2673 678 2714 eorum
701 2662 733 2716 tu
756 2675 805 2732 ss,
826 2655 858 2718 id
880 2662 943 2729 est,
966 2662 997 2714 tu
1020 2673 1050 2714 es

136 2753 212 2815 opus
237 2755 342 2797 eorum
365 2737 479 2796 bonum
502 2738 568 2796 sine
591 2744 738 2817 peooato,
761 2738 888 2812 soilioot,
910 2743 943 2798 ut
964 2736 1049 2798 nobis

133 2817 206 2898 ipsis
229 2819 303 2879 deos
325 2820 491 2899 faoiamus,
517 2821 594 2880 sie-ut
615 2820 656 2880 illi
681 2819 843 2900 dixerunt,
874 2821 975 2883 Exod.
996 2821 1049 2886 32:

135 2901 195 2960 Fan
217 2900 304 2962 nobis
327 2901 413 2979 deos,
437 2903 519 2982 quod
541 2905 663 2983 proprie
687 2903 799 2964 dietum
823 2912 870 2965 est
892 2903 931 2964 da
953 2904 1049 2984 operi·

134 2984 317 3058 burbonis,
346 2987 375 3044 in
399 3002 459 3064 quo
484 2986 655 3066 gloriantur
682 2987 778 3047 sancti
801 2989 850 3048 isti
871 2987 1050 3048 Latomiani.

134 3067 171 3126 Et
186 3073 345 3128 'consonat
367 3067 464 3128 Isaiae
488 3071 521 3132 3:
552 3069 637 3149 Opus
667 3089 809 3130 manuum
833 3089 957 3132 suarum
981 3069 1052 3131 ado·

71 3186 78 3194 ,
133 3157 285 3228 raveruot,
308 3150 391 3230 quod
413 3150 549 3211 fecerunt
577 3153 661 3232 digiti
690 3171 808 3214 eorum.
851 3153 930 3214 Nam
955 3154 1051 3214 sanoti

134 3233 188 3294 Dei
212 3233 436 3296 confunduntur
466 3235 495 3293 in
530 3237 592 3295 suis
615 3235 758 3314 operibus
782 3255 884 3298 ooram
908 3236 993 3314 Deo,
1024 3243 1052 3296 et

134 3317 162 3374 in
186 3318 253 3378 solo
276 3320 344 3396 ipso
368 3315 546 3396 gloriantur,
571 3325 602 3378 ut
624 3318 733 3380 leram.
756 3323 789 3384 9:
812 3319 881 3381 Non
904 3319 1051 3400 gloriatur

131 3398 217 3458 tortis
239 3401 268 3458 in
292 3399 467 3458 fortitudine
490 3419 559 3476 sua,
590 3409 620 3460 ot
642 3400 754 3462 Paulus
770 3406 812 3465 21.
836 3401 974 3464 Corinth.
999 3405 1049 3467 10:

118 3478 192 3551 Qui
216 3481 382 3560 gloriatur,
415 3481 445 3540 in
470 3480 603 3579 Domino
627 3483 784 3563 glorietur.
828 3483 889 3546 Sed
924 3491 957 3546 ut
980 3484 1049 3561 dixi,

137 3605 532 3620 -ὑ--υυ-ι--α-σ--α--ψ
535 3614 551 3620 -.

190 3657 219 3722 1)
239 3657 270 3710 In
289 3661 331 3715 ed.
352 3664 435 3732 orig:
454 3661 498 3717 Pa.
518 3663 552 3716 88
