<?xml version="1.0" encoding="UTF-8"?>
<!DOCTYPE html PUBLIC "-//W3C//DTD XHTML 1.0 Transitional//EN"
    "http://www.w3.org/TR/xhtml1/DTD/xhtml1-transitional.dtd">
<html xmlns="http://www.w3.org/1999/xhtml" xml:lang="en" lang="en">
 <head>
  <title>
</title>
<meta http-equiv="Content-Type" content="text/html;charset=utf-8" />
  <meta name='ocr-system' content='tesseract 3.04.00' />
  <meta name='ocr-capabilities' content='ocr_page ocr_carea ocr_par ocr_line ocrx_word'/>
</head>
<body>
  <div class='ocr_page' id='page_1' title='image "./operalatinavari03schmgoog_0352.png"; bbox 0 0 2262 4006; ppageno 0'>
   <div class='ocr_carea' id='block_1_1' title="bbox 323 199 991 280">
    <p class='ocr_par' dir='ltr' id='par_1_1' title="bbox 323 199 991 280">
     <span class='ocr_line' id='line_1_1' title="bbox 323 199 991 280; baseline 0.015 -12"><span class='ocrx_word' id='word_1_1' title='bbox 323 212 463 272; x_wconf 75' lang='lat' dir='ltr'>Ambrosii</span> <span class='ocrx_word' id='word_1_2' title='bbox 484 213 595 268; x_wconf 82' lang='lat' dir='ltr'>Cathar.</span> <span class='ocrx_word' id='word_1_3' title='bbox 616 229 639 268; x_wconf 86' lang='lat' dir='ltr'>a.</span> <span class='ocrx_word' id='word_1_4' title='bbox 660 215 740 274; x_wconf 77' lang='lat'><strong>1521.</strong></span> <span class='ocrx_word' id='word_1_5' title='bbox 883 268 888 277; x_wconf 90' lang='lat'><em>.</em></span> <span class='ocrx_word' id='word_1_6' title='bbox 930 199 991 280; x_wconf 74' lang='lat'>341</span> 
     </span>
    </p>
   </div>
   <div class='ocr_carea' id='block_1_2' title="bbox 1 369 1059 3284">
    <p class='ocr_par' dir='ltr' id='par_1_2' title="bbox 58 369 1059 1536">
     <span class='ocr_line' id='line_1_2' title="bbox 60 369 992 456; baseline -0.004 -22"><span class='ocrx_word' id='word_1_7' title='bbox 60 373 114 435; x_wconf 91' lang='lat' dir='ltr'>lus</span> <span class='ocrx_word' id='word_1_8' title='bbox 139 371 197 446; x_wconf 86' lang='lat' dir='ltr'>ait,</span> <span class='ocrx_word' id='word_1_9' title='bbox 228 377 280 432; x_wconf 89' lang='lat' dir='ltr'>aut</span> <span class='ocrx_word' id='word_1_10' title='bbox 301 370 389 452; x_wconf 88' lang='lat' dir='ltr'>quod</span> <span class='ocrx_word' id='word_1_11' title='bbox 407 371 525 449; x_wconf 90' lang='lat' dir='ltr'>colitur,</span> <span class='ocrx_word' id='word_1_12' title='bbox 548 369 666 432; x_wconf 85' lang='lat' dir='ltr'>Graece</span> <span class='ocrx_word' id='word_1_13' title='bbox 689 373 860 456; x_wconf 73' lang='grc' dir='ltr'><strong><em>σέβασμα,</em></strong></span> <span class='ocrx_word' id='word_1_14' title='bbox 882 371 912 432; x_wconf 89' lang='lat' dir='ltr'>id</span> <span class='ocrx_word' id='word_1_15' title='bbox 935 376 992 449; x_wconf 90' lang='lat' dir='ltr'>est,</span> 
     </span>
     <span class='ocr_line' id='line_1_3' title="bbox 62 454 992 538; baseline -0.006 -19"><span class='ocrx_word' id='word_1_16' title='bbox 62 457 181 532; x_wconf 87' lang='lat' dir='ltr'>cultus,</span> <span class='ocrx_word' id='word_1_17' title='bbox 204 474 257 516; x_wconf 89' lang='lat' dir='ltr'>seu</span> <span class='ocrx_word' id='word_1_18' title='bbox 279 454 310 516; x_wconf 90' lang='lat' dir='ltr'>id</span> <span class='ocrx_word' id='word_1_19' title='bbox 333 455 414 534; x_wconf 87' lang='lat' dir='ltr'>quod</span> <span class='ocrx_word' id='word_1_20' title='bbox 438 457 556 534; x_wconf 90' lang='lat' dir='ltr'>colitur,</span> <span class='ocrx_word' id='word_1_21' title='bbox 580 475 632 516; x_wconf 89' lang='lat' dir='ltr'>seu</span> <span class='ocrx_word' id='word_1_22' title='bbox 654 457 722 538; x_wconf 91' lang='lat' dir='ltr'>ipsa</span> <span class='ocrx_word' id='word_1_23' title='bbox 747 457 873 532; x_wconf 89' lang='lat' dir='ltr'>cultura,</span> <span class='ocrx_word' id='word_1_24' title='bbox 896 461 929 517; x_wconf 92' lang='lat' dir='ltr'>ut</span> <span class='ocrx_word' id='word_1_25' title='bbox 950 454 992 514; x_wconf 88' lang='lat' dir='ltr'>iu·</span> 
     </span>
     <span class='ocr_line' id='line_1_4' title="bbox 65 539 1059 621; baseline -0.004 -19"><span class='ocrx_word' id='word_1_26' title='bbox 65 541 194 621; x_wconf 85' lang='lat' dir='ltr'>telligas</span> <span class='ocrx_word' id='word_1_27' title='bbox 217 559 309 618; x_wconf 87' lang='lat' dir='ltr'>super</span> <span class='ocrx_word' id='word_1_28' title='bbox 329 539 427 600; x_wconf 89' lang='lat' dir='ltr'>Deum</span> <span class='ocrx_word' id='word_1_29' title='bbox 451 559 512 600; x_wconf 89' lang='lat' dir='ltr'>non</span> <span class='ocrx_word' id='word_1_30' title='bbox 532 539 718 619; x_wconf 86' lang='lat' dir='ltr'>simpliciter,</span> <span class='ocrx_word' id='word_1_31' title='bbox 741 539 794 602; x_wconf 92' lang='lat' dir='ltr'>sed</span> <span class='ocrx_word' id='word_1_32' title='bbox 817 561 909 614; x_wconf 90' lang='lat' dir='ltr'>super</span> <span class='ocrx_word' id='word_1_33' title='bbox 931 539 991 600; x_wconf 88' lang='lat' dir='ltr'>cul·</span> <span class='ocrx_word' id='word_1_34' title='bbox 1056 552 1059 562; x_wconf 88' lang='lat'><em>·</em></span> 
     </span>
     <span class='ocr_line' id='line_1_5' title="bbox 62 623 992 704; baseline -0.002 -18"><span class='ocrx_word' id='word_1_35' title='bbox 62 631 169 686; x_wconf 87' lang='lat' dir='ltr'>turam</span> <span class='ocrx_word' id='word_1_36' title='bbox 193 623 259 694; x_wconf 83' lang='lat' dir='ltr'>Dei,</span> <span class='ocrx_word' id='word_1_37' title='bbox 278 643 330 683; x_wconf 89' lang='lat' dir='ltr'>seu</span> <span class='ocrx_word' id='word_1_38' title='bbox 354 641 446 704; x_wconf 89' lang='lat' dir='ltr'>super</span> <span class='ocrx_word' id='word_1_39' title='bbox 467 623 508 696; x_wconf 87' lang='lat' dir='ltr'>id,</span> <span class='ocrx_word' id='word_1_40' title='bbox 532 624 614 703; x_wconf 88' lang='lat' dir='ltr'>quod</span> <span class='ocrx_word' id='word_1_41' title='bbox 638 643 656 684; x_wconf 90' lang='lat' dir='ltr'>a</span> <span class='ocrx_word' id='word_1_42' title='bbox 679 623 767 684; x_wconf 87' lang='lat' dir='ltr'>nobis</span> <span class='ocrx_word' id='word_1_43' title='bbox 790 629 821 684; x_wconf 90' lang='lat' dir='ltr'>ut</span> <span class='ocrx_word' id='word_1_44' title='bbox 843 623 926 684; x_wconf 89' lang='lat' dir='ltr'>Deus</span> <span class='ocrx_word' id='word_1_45' title='bbox 943 642 992 684; x_wconf 91' lang='lat' dir='ltr'>co·</span> 
     </span>
     <span class='ocr_line' id='line_1_6' title="bbox 58 703 992 787; baseline -0.002 -19"><span class='ocrx_word' id='word_1_46' title='bbox 58 709 148 785; x_wconf 88' lang='lat' dir='ltr'>titur,</span> <span class='ocrx_word' id='word_1_47' title='bbox 171 705 395 779; x_wconf 83' lang='lat' dir='ltr'>extollendum,</span> <span class='ocrx_word' id='word_1_48' title='bbox 418 709 505 787; x_wconf 89' lang='lat' dir='ltr'>quasi</span> <span class='ocrx_word' id='word_1_49' title='bbox 528 707 623 768; x_wconf 89' lang='lat' dir='ltr'>dicat:</span> <span class='ocrx_word' id='word_1_50' title='bbox 658 708 692 769; x_wconf 88' lang='lat' dir='ltr'>ln</span> <span class='ocrx_word' id='word_1_51' title='bbox 723 706 866 768; x_wconf 81' lang='lat' dir='ltr'><strong>cordibus</strong></span> <span class='ocrx_word' id='word_1_52' title='bbox 896 703 992 767; x_wconf 88' lang='lat' dir='ltr'>bomi-</span> 
     </span>
     <span class='ocr_line' id='line_1_7' title="bbox 62 789 995 870; baseline -0.002 -18"><span class='ocrx_word' id='word_1_53' title='bbox 62 811 143 852; x_wconf 91' lang='lat' dir='ltr'>num</span> <span class='ocrx_word' id='word_1_54' title='bbox 167 790 355 870; x_wconf 77' lang='lat' dir='ltr'>praeferetur</span> <span class='ocrx_word' id='word_1_55' title='bbox 374 790 459 864; x_wconf 84' lang='lat' dir='ltr'>Deo,</span> <span class='ocrx_word' id='word_1_56' title='bbox 491 791 552 852; x_wconf 90' lang='lat' dir='ltr'>hoc</span> <span class='ocrx_word' id='word_1_57' title='bbox 574 797 637 869; x_wconf 91' lang='lat' dir='ltr'>est,</span> <span class='ocrx_word' id='word_1_58' title='bbox 665 791 790 851; x_wconf 87' lang='lat' dir='ltr'>verbum</span> <span class='ocrx_word' id='word_1_59' title='bbox 813 811 899 850; x_wconf 89' lang='lat' dir='ltr'>suum</span> <span class='ocrx_word' id='word_1_60' title='bbox 923 789 995 867; x_wconf 87' lang='lat' dir='ltr'>plus</span> 
     </span>
     <span class='ocr_line' id='line_1_8' title="bbox 59 873 993 955; baseline -0.002 -19"><span class='ocrx_word' id='word_1_61' title='bbox 59 875 242 952; x_wconf 79' lang='lat' dir='ltr'>timebitur,</span> <span class='ocrx_word' id='word_1_62' title='bbox 271 892 361 952; x_wconf 88' lang='lat' dir='ltr'>quam</span> <span class='ocrx_word' id='word_1_63' title='bbox 383 873 510 935; x_wconf 83' lang='lat' dir='ltr'>verbum</span> <span class='ocrx_word' id='word_1_64' title='bbox 533 873 600 952; x_wconf 90' lang='lat' dir='ltr'>Dei,</span> <span class='ocrx_word' id='word_1_65' title='bbox 624 879 654 934; x_wconf 89' lang='lat' dir='ltr'>et</span> <span class='ocrx_word' id='word_1_66' title='bbox 687 875 714 936; x_wconf 92' lang='lat' dir='ltr'>ei</span> <span class='ocrx_word' id='word_1_67' title='bbox 746 875 815 955; x_wconf 91' lang='lat' dir='ltr'>plus</span> <span class='ocrx_word' id='word_1_68' title='bbox 848 873 993 934; x_wconf 87' lang='lat' dir='ltr'>obedient</span> 
     </span>
     <span class='ocr_line' id='line_1_9' title="bbox 62 956 992 1038; baseline -0.002 -20"><span class='ocrx_word' id='word_1_69' title='bbox 62 958 233 1037; x_wconf 72' lang='lat' dir='ltr'>magisque</span> <span class='ocrx_word' id='word_1_70' title='bbox 256 958 358 1019; x_wconf 90' lang='lat' dir='ltr'>colent</span> <span class='ocrx_word' id='word_1_71' title='bbox 388 977 478 1038; x_wconf 87' lang='lat' dir='ltr'>quarn</span> <span class='ocrx_word' id='word_1_72' title='bbox 503 959 601 1019; x_wconf 90' lang='lat' dir='ltr'>Deum</span> <span class='ocrx_word' id='word_1_73' title='bbox 624 977 739 1022; x_wconf 81' lang='lat' dir='ltr'>verum.</span> <span class='ocrx_word' id='word_1_74' title='bbox 782 957 893 1018; x_wconf 83' lang='lat' dir='ltr'>Nonne</span> <span class='ocrx_word' id='word_1_75' title='bbox 914 956 992 1017; x_wconf 86' lang='lat' dir='ltr'>haec</span> 
     </span>
     <span class='ocr_line' id='line_1_10' title="bbox 59 1039 991 1122; baseline -0.001 -21"><span class='ocrx_word' id='word_1_76' title='bbox 59 1043 143 1102; x_wconf 89' lang='lat' dir='ltr'>nulli</span> <span class='ocrx_word' id='word_1_77' title='bbox 165 1041 322 1102; x_wconf 90' lang='lat' dir='ltr'>hominum</span> <span class='ocrx_word' id='word_1_78' title='bbox 345 1048 475 1122; x_wconf 79' lang='lat' dir='ltr'>possunt</span> <span class='ocrx_word' id='word_1_79' title='bbox 497 1042 554 1102; x_wconf 92' lang='lat' dir='ltr'>uisi</span> <span class='ocrx_word' id='word_1_80' title='bbox 577 1061 676 1120; x_wconf 86' lang='lat' dir='ltr'>papae</span> <span class='ocrx_word' id='word_1_81' title='bbox 700 1040 885 1102; x_wconf 82' lang='lat' dir='ltr'>convenire?</span> <span class='ocrx_word' id='word_1_82' title='bbox 918 1039 991 1100; x_wconf 85' lang='lat' dir='ltr'>Pas·</span> 
     </span>
     <span class='ocr_line' id='line_1_11' title="bbox 61 1124 992 1204; baseline 0.001 -19"><span class='ocrx_word' id='word_1_83' title='bbox 61 1126 125 1186; x_wconf 90' lang='lat' dir='ltr'>sim</span> <span class='ocrx_word' id='word_1_84' title='bbox 149 1125 208 1186; x_wconf 92' lang='lat' dir='ltr'>Dei</span> <span class='ocrx_word' id='word_1_85' title='bbox 231 1130 428 1204; x_wconf 86' lang='lat' dir='ltr'>praeceptum</span> <span class='ocrx_word' id='word_1_86' title='bbox 451 1131 483 1185; x_wconf 91' lang='lat' dir='ltr'>et</span> <span class='ocrx_word' id='word_1_87' title='bbox 504 1124 629 1185; x_wconf 90' lang='lat' dir='ltr'>verbum</span> <span class='ocrx_word' id='word_1_88' title='bbox 657 1125 871 1194; x_wconf 75' lang='lat' dir='ltr'>contemnitur,</span> <span class='ocrx_word' id='word_1_89' title='bbox 893 1130 925 1184; x_wconf 87' lang='lat' dir='ltr'>at</span> <span class='ocrx_word' id='word_1_90' title='bbox 941 1143 992 1202; x_wconf 84' lang='lat' dir='ltr'>pa·</span> 
     </span>
     <span class='ocr_line' id='line_1_12' title="bbox 60 1205 993 1290; baseline -0.004 -21"><span class='ocrx_word' id='word_1_91' title='bbox 60 1229 127 1289; x_wconf 91' lang='lat' dir='ltr'>pae</span> <span class='ocrx_word' id='word_1_92' title='bbox 150 1208 277 1268; x_wconf 87' lang='lat' dir='ltr'>verbum</span> <span class='ocrx_word' id='word_1_93' title='bbox 301 1227 392 1268; x_wconf 89' lang='lat' dir='ltr'>nemo</span> <span class='ocrx_word' id='word_1_94' title='bbox 416 1227 478 1268; x_wconf 93' lang='lat' dir='ltr'>non</span> <span class='ocrx_word' id='word_1_95' title='bbox 501 1215 602 1290; x_wconf 87' lang='lat' dir='ltr'>pavet,</span> <span class='ocrx_word' id='word_1_96' title='bbox 618 1208 709 1287; x_wconf 90' lang='lat' dir='ltr'>plane</span> <span class='ocrx_word' id='word_1_97' title='bbox 723 1207 824 1268; x_wconf 90' lang='lat' dir='ltr'>nullus</span> <span class='ocrx_word' id='word_1_98' title='bbox 842 1213 890 1268; x_wconf 89' lang='lat' dir='ltr'>est</span> <span class='ocrx_word' id='word_1_99' title='bbox 906 1205 993 1268; x_wconf 87' lang='lat' dir='ltr'>Deus</span> 
     </span>
     <span class='ocr_line' id='line_1_13' title="bbox 61 1289 993 1371; baseline 0 -19"><span class='ocrx_word' id='word_1_100' title='bbox 61 1309 172 1371; x_wconf 85' lang='lat' dir='ltr'>neque</span> <span class='ocrx_word' id='word_1_101' title='bbox 182 1293 212 1350; x_wconf 93' lang='lat' dir='ltr'>in</span> <span class='ocrx_word' id='word_1_102' title='bbox 224 1291 311 1352; x_wconf 89' lang='lat' dir='ltr'>coelo</span> <span class='ocrx_word' id='word_1_103' title='bbox 322 1311 421 1371; x_wconf 87' lang='lat' dir='ltr'>neque</span> <span class='ocrx_word' id='word_1_104' title='bbox 433 1293 462 1350; x_wconf 89' lang='lat' dir='ltr'>in</span> <span class='ocrx_word' id='word_1_105' title='bbox 480 1298 570 1370; x_wconf 87' lang='lat' dir='ltr'>terra,</span> <span class='ocrx_word' id='word_1_106' title='bbox 586 1293 671 1352; x_wconf 88' lang='lat' dir='ltr'>cuius</span> <span class='ocrx_word' id='word_1_107' title='bbox 682 1291 806 1351; x_wconf 87' lang='lat' dir='ltr'>verbum</span> <span class='ocrx_word' id='word_1_108' title='bbox 819 1295 903 1351; x_wconf 85' lang='lat' dir='ltr'>tanta</span> <span class='ocrx_word' id='word_1_109' title='bbox 922 1289 993 1352; x_wconf 91' lang='lat' dir='ltr'>obe·</span> 
     </span>
     <span class='ocr_line' id='line_1_14' title="bbox 63 1374 993 1456; baseline -0.003 -21"><span class='ocrx_word' id='word_1_110' title='bbox 63 1375 186 1444; x_wconf 88' lang='lat' dir='ltr'>dientia</span> <span class='ocrx_word' id='word_1_111' title='bbox 196 1375 606 1456; x_wconf 74' lang='lat' dir='ltr'>capiatur,quantarerbum</span> <span class='ocrx_word' id='word_1_112' title='bbox 621 1374 821 1455; x_wconf 86' lang='lat' dir='ltr'>papae,quod</span> <span class='ocrx_word' id='word_1_113' title='bbox 836 1375 993 1454; x_wconf 86' lang='lat' dir='ltr'>experien-</span> 
     </span>
     <span class='ocr_line' id='line_1_15' title="bbox 62 1457 995 1536; baseline -0.001 -17"><span class='ocrx_word' id='word_1_114' title='bbox 62 1459 111 1519; x_wconf 86' lang='lat' dir='ltr'>tia</span> <span class='ocrx_word' id='word_1_115' title='bbox 127 1465 190 1520; x_wconf 90' lang='lat' dir='ltr'>tam</span> <span class='ocrx_word' id='word_1_116' title='bbox 201 1457 449 1534; x_wconf 68' lang='lat' dir='ltr'>daemonstrat,</span> <span class='ocrx_word' id='word_1_117' title='bbox 461 1459 673 1520; x_wconf 87' lang='lat' dir='ltr'>utiusensatus</span> <span class='ocrx_word' id='word_1_118' title='bbox 689 1478 802 1534; x_wconf 75' lang='lat' dir='ltr'>negare</span> <span class='ocrx_word' id='word_1_119' title='bbox 815 1457 967 1536; x_wconf 90' lang='lat' dir='ltr'>nonpossi</span> <span class='ocrx_word' id='word_1_120' title='bbox 974 1462 995 1518; x_wconf 89' lang='lat' dir='ltr'>t.</span> 
     </span>
    </p>

    <p class='ocr_par' dir='ltr' id='par_1_3' title="bbox 1 1539 1039 3284">
     <span class='ocr_line' id='line_1_16' title="bbox 153 1539 994 1622; baseline -0.004 -20"><span class='ocrx_word' id='word_1_121' title='bbox 153 1539 282 1616; x_wconf 78' lang='lat' dir='ltr'>Deinde,</span> <span class='ocrx_word' id='word_1_122' title='bbox 305 1542 373 1622; x_wconf 89' lang='lat' dir='ltr'>quis</span> <span class='ocrx_word' id='word_1_123' title='bbox 395 1561 529 1622; x_wconf 89' lang='lat' dir='ltr'>uuquam</span> <span class='ocrx_word' id='word_1_124' title='bbox 553 1557 586 1602; x_wconf 90' lang='lat' dir='ltr'>se</span> <span class='ocrx_word' id='word_1_125' title='bbox 607 1543 636 1602; x_wconf 91' lang='lat' dir='ltr'>in</span> <span class='ocrx_word' id='word_1_126' title='bbox 662 1542 787 1603; x_wconf 89' lang='lat' dir='ltr'>nomine</span> <span class='ocrx_word' id='word_1_127' title='bbox 811 1539 921 1602; x_wconf 83' lang='lat' dir='ltr'>Christi</span> <span class='ocrx_word' id='word_1_128' title='bbox 944 1559 994 1599; x_wconf 87' lang='lat' dir='ltr'>ve-</span> 
     </span>
     <span class='ocr_line' id='line_1_17' title="bbox 63 1623 994 1704; baseline -0.002 -18"><span class='ocrx_word' id='word_1_129' title='bbox 63 1627 136 1686; x_wconf 89' lang='lat' dir='ltr'>nire</span> <span class='ocrx_word' id='word_1_130' title='bbox 158 1623 244 1696; x_wconf 86' lang='lat' dir='ltr'>dixit,</span> <span class='ocrx_word' id='word_1_131' title='bbox 267 1631 299 1684; x_wconf 91' lang='lat' dir='ltr'>ut</span> <span class='ocrx_word' id='word_1_132' title='bbox 322 1625 406 1685; x_wconf 89' lang='lat' dir='ltr'>solus</span> <span class='ocrx_word' id='word_1_133' title='bbox 430 1644 520 1704; x_wconf 89' lang='lat' dir='ltr'>papa.</span> <span class='ocrx_word' id='word_1_134' title='bbox 564 1625 634 1700; x_wconf 89' lang='lat' dir='ltr'>lpse</span> <span class='ocrx_word' id='word_1_135' title='bbox 657 1626 736 1685; x_wconf 90' lang='lat' dir='ltr'>euim</span> <span class='ocrx_word' id='word_1_136' title='bbox 761 1625 994 1702; x_wconf 76' lang='lat' dir='ltr'>unuepmnium</span> 
     </span>
     <span class='ocr_line' id='line_1_18' title="bbox 1 1705 993 1787; baseline -0.003 -18"><span class='ocrx_word' id='word_1_137' title='bbox 1 1778 2 1784; x_wconf 37' lang='lat'>,</span> <span class='ocrx_word' id='word_1_138' title='bbox 65 1713 99 1769; x_wconf 90' lang='lat' dir='ltr'>et</span> <span class='ocrx_word' id='word_1_139' title='bbox 138 1707 254 1787; x_wconf 90' lang='lat' dir='ltr'>primus</span> <span class='ocrx_word' id='word_1_140' title='bbox 286 1705 362 1767; x_wconf 76' lang='lat' dir='ltr'>sesc&#39;</span> <span class='ocrx_word' id='word_1_141' title='bbox 390 1709 534 1768; x_wconf 87' lang='lat' dir='ltr'>vicariurn</span> <span class='ocrx_word' id='word_1_142' title='bbox 560 1707 686 1787; x_wconf 83' lang='lat' dir='ltr'>Christi,</span> <span class='ocrx_word' id='word_1_143' title='bbox 715 1709 860 1768; x_wconf 90' lang='lat' dir='ltr'>vicarium</span> <span class='ocrx_word' id='word_1_144' title='bbox 883 1706 940 1767; x_wconf 88' lang='lat' dir='ltr'>Dei</span> <span class='ocrx_word' id='word_1_145' title='bbox 963 1707 993 1766; x_wconf 94' lang='lat' dir='ltr'>in</span> 
     </span>
     <span class='ocr_line' id='line_1_19' title="bbox 64 1788 993 1874; baseline 0 -22"><span class='ocrx_word' id='word_1_146' title='bbox 64 1791 157 1852; x_wconf 88' lang='lat' dir='ltr'>terris</span> <span class='ocrx_word' id='word_1_147' title='bbox 194 1788 377 1851; x_wconf 77' lang='lat' dir='ltr'>intolerabili</span> <span class='ocrx_word' id='word_1_148' title='bbox 417 1791 609 1874; x_wconf 87' lang='lat' dir='ltr'>blasphemia</span> <span class='ocrx_word' id='word_1_149' title='bbox 653 1799 683 1850; x_wconf 88' lang='lat' dir='ltr'>et</span> <span class='ocrx_word' id='word_1_150' title='bbox 719 1790 859 1871; x_wconf 87' lang='lat' dir='ltr'>superbia</span> <span class='ocrx_word' id='word_1_151' title='bbox 879 1790 993 1852; x_wconf 85' lang='lat' dir='ltr'>iactat.</span> 
     </span>
     <span class='ocr_line' id='line_1_20' title="bbox 1 1872 995 1951; baseline -0.001 -17"><span class='ocrx_word' id='word_1_152' title='bbox 1 1909 34 1950; x_wconf 53' lang='lat'>,-</span> <span class='ocrx_word' id='word_1_153' title='bbox 66 1872 153 1951; x_wconf 81' lang='lat' dir='ltr'>Quid</span> <span class='ocrx_word' id='word_1_154' title='bbox 177 1873 257 1934; x_wconf 89' lang='lat' dir='ltr'>enim</span> <span class='ocrx_word' id='word_1_155' title='bbox 278 1881 337 1950; x_wconf 54' lang='lat' dir='ltr'>,est</span> <span class='ocrx_word' id='word_1_156' title='bbox 370 1893 438 1935; x_wconf 87' lang='lat' dir='ltr'>esse</span> <span class='ocrx_word' id='word_1_157' title='bbox 472 1875 618 1934; x_wconf 86' lang='lat' dir='ltr'>vicariurn</span> <span class='ocrx_word' id='word_1_158' title='bbox 648 1873 721 1950; x_wconf 89' lang='lat' dir='ltr'>Dei,</span> <span class='ocrx_word' id='word_1_159' title='bbox 747 1875 813 1934; x_wconf 87' lang='lat' dir='ltr'>nise</span> <span class='ocrx_word' id='word_1_160' title='bbox 842 1873 909 1933; x_wconf 89' lang='lat' dir='ltr'>vice</span> <span class='ocrx_word' id='word_1_161' title='bbox 939 1873 995 1933; x_wconf 91' lang='lat' dir='ltr'>Dei</span> 
     </span>
     <span class='ocr_line' id='line_1_21' title="bbox 66 1954 995 2036; baseline -0.001 -18"><span class='ocrx_word' id='word_1_162' title='bbox 66 1955 200 2018; x_wconf 80' lang='lat' dir='ltr'>sedere?</span> <span class='ocrx_word' id='word_1_163' title='bbox 244 1955 323 2031; x_wconf 81' lang='lat' dir='ltr'>Quid</span> <span class='ocrx_word' id='word_1_164' title='bbox 348 1963 394 2017; x_wconf 90' lang='lat' dir='ltr'>est</span> <span class='ocrx_word' id='word_1_165' title='bbox 416 1957 482 2019; x_wconf 90' lang='lat' dir='ltr'>vice</span> <span class='ocrx_word' id='word_1_166' title='bbox 505 1957 561 2020; x_wconf 87' lang='lat' dir='ltr'>Dei</span> <span class='ocrx_word' id='word_1_167' title='bbox 585 1957 707 2036; x_wconf 88' lang='lat' dir='ltr'>sedere,</span> <span class='ocrx_word' id='word_1_168' title='bbox 740 1959 798 2018; x_wconf 90' lang='lat' dir='ltr'>uisi</span> <span class='ocrx_word' id='word_1_169' title='bbox 832 1954 995 2024; x_wconf 88' lang='lat' dir='ltr'>ostendere</span> 
     </span>
     <span class='ocr_line' id='line_1_22' title="bbox 67 2039 994 2128; baseline 0 -28"><span class='ocrx_word' id='word_1_170' title='bbox 67 2060 113 2114; x_wconf 87' lang='lat' dir='ltr'>se,</span> <span class='ocrx_word' id='word_1_171' title='bbox 138 2039 225 2118; x_wconf 85' lang='lat' dir='ltr'>quasi</span> <span class='ocrx_word' id='word_1_172' title='bbox 249 2039 286 2099; x_wconf 90' lang='lat' dir='ltr'>sit</span> <span class='ocrx_word' id='word_1_173' title='bbox 309 2039 413 2100; x_wconf 88' lang='lat' dir='ltr'>Deus?</span> <span class='ocrx_word' id='word_1_174' title='bbox 457 2041 503 2101; x_wconf 75' lang='lat' dir='ltr'>hu</span> <span class='ocrx_word' id='word_1_175' title='bbox 528 2041 628 2101; x_wconf 91' lang='lat' dir='ltr'>adhuc</span> <span class='ocrx_word' id='word_1_176' title='bbox 658 2039 778 2102; x_wconf 82' lang='lat' dir='ltr'>dubitas</span> <span class='ocrx_word' id='word_1_177' title='bbox 807 2040 891 2101; x_wconf 83' lang='lat' dir='ltr'>Pauli</span> <span class='ocrx_word' id='word_1_178' title='bbox 926 2058 994 2128; x_wconf 89' lang='lat' dir='ltr'>pro-</span> 
     </span>
     <span class='ocr_line' id='line_1_23' title="bbox 1 2121 995 2204; baseline -0.001 -21"><span class='ocrx_word' id='word_1_179' title='bbox 1 2166 3 2203; x_wconf 70' lang='lat'><em>3</em></span> <span class='ocrx_word' id='word_1_180' title='bbox 68 2123 206 2204; x_wconf 73' lang='lat' dir='ltr'>photiani</span> <span class='ocrx_word' id='word_1_181' title='bbox 229 2121 409 2203; x_wconf 84' lang='lat' dir='ltr'>impletam,</span> <span class='ocrx_word' id='word_1_182' title='bbox 443 2121 566 2203; x_wconf 88' lang='lat' dir='ltr'>quando</span> <span class='ocrx_word' id='word_1_183' title='bbox 591 2123 669 2185; x_wconf 87' lang='lat' dir='ltr'>adeo</span> <span class='ocrx_word' id='word_1_184' title='bbox 701 2123 812 2184; x_wconf 87' lang='lat' dir='ltr'>similia</span> <span class='ocrx_word' id='word_1_185' title='bbox 840 2129 925 2189; x_wconf 81' lang='lat' dir='ltr'>sunt,</span> <span class='ocrx_word' id='word_1_186' title='bbox 955 2122 995 2182; x_wconf 91' lang='lat' dir='ltr'>ri-</span> 
     </span>
     <span class='ocr_line' id='line_1_24' title="bbox 1 2204 995 2288; baseline -0.002 -20"><span class='ocrx_word' id='word_1_187' title='bbox 1 2263 4 2288; x_wconf 54' lang='lat'>,</span> <span class='ocrx_word' id='word_1_188' title='bbox 69 2207 172 2268; x_wconf 88' lang='lat' dir='ltr'>carius</span> <span class='ocrx_word' id='word_1_189' title='bbox 195 2204 250 2266; x_wconf 89' lang='lat' dir='ltr'>Dei</span> <span class='ocrx_word' id='word_1_190' title='bbox 273 2212 304 2266; x_wconf 89' lang='lat' dir='ltr'>ct</span> <span class='ocrx_word' id='word_1_191' title='bbox 327 2206 490 2267; x_wconf 83' lang='lat' dir='ltr'>ostendere</span> <span class='ocrx_word' id='word_1_192' title='bbox 512 2227 555 2284; x_wconf 89' lang='lat' dir='ltr'>sc,</span> <span class='ocrx_word' id='word_1_193' title='bbox 578 2207 664 2285; x_wconf 90' lang='lat' dir='ltr'>quasi</span> <span class='ocrx_word' id='word_1_194' title='bbox 687 2207 726 2267; x_wconf 84' lang='lat' dir='ltr'>sit</span> <span class='ocrx_word' id='word_1_195' title='bbox 749 2205 856 2267; x_wconf 82' lang='lat' dir='ltr'>Deus?</span> <span class='ocrx_word' id='word_1_196' title='bbox 900 2204 995 2266; x_wconf 83' lang='lat' dir='ltr'>Recte</span> 
     </span>
     <span class='ocr_line' id='line_1_25' title="bbox 1 2288 996 2371; baseline -0.002 -19"><span class='ocrx_word' id='word_1_197' title='bbox 1 2335 3 2371; x_wconf 41' lang='lat'>2</span> <span class='ocrx_word' id='word_1_198' title='bbox 68 2307 146 2370; x_wconf 86' lang='lat' dir='ltr'>ergo</span> <span class='ocrx_word' id='word_1_199' title='bbox 169 2288 337 2368; x_wconf 86' lang='lat' dir='ltr'>praedixit,</span> <span class='ocrx_word' id='word_1_200' title='bbox 362 2296 505 2350; x_wconf 90' lang='lat' dir='ltr'>venturos</span> <span class='ocrx_word' id='word_1_201' title='bbox 534 2291 609 2350; x_wconf 87' lang='lat' dir='ltr'>istos</span> <span class='ocrx_word' id='word_1_202' title='bbox 639 2289 807 2351; x_wconf 75' lang='lat' dir='ltr'>antichristi</span> <span class='ocrx_word' id='word_1_203' title='bbox 836 2288 996 2367; x_wconf 86' lang='lat' dir='ltr'>apostolos</span> 
     </span>
     <span class='ocr_line' id='line_1_26' title="bbox 1 2371 994 2454; baseline -0.004 -19"><span class='ocrx_word' id='word_1_204' title='bbox 1 2429 4 2454; x_wconf 67' lang='lat'>,</span> <span class='ocrx_word' id='word_1_205' title='bbox 68 2374 101 2435; x_wconf 95' lang='lat' dir='ltr'>in</span> <span class='ocrx_word' id='word_1_206' title='bbox 125 2372 251 2433; x_wconf 90' lang='lat' dir='ltr'>nomine</span> <span class='ocrx_word' id='word_1_207' title='bbox 273 2391 338 2436; x_wconf 90' lang='lat' dir='ltr'>suo.</span> <span class='ocrx_word' id='word_1_208' title='bbox 384 2371 485 2434; x_wconf 90' lang='lat' dir='ltr'>Ceteri</span> <span class='ocrx_word' id='word_1_209' title='bbox 508 2375 587 2434; x_wconf 90' lang='lat' dir='ltr'>enim</span> <span class='ocrx_word' id='word_1_210' title='bbox 610 2373 773 2449; x_wconf 88' lang='lat' dir='ltr'>haeretici,</span> <span class='ocrx_word' id='word_1_211' title='bbox 807 2373 863 2434; x_wconf 91' lang='lat' dir='ltr'>etsi</span> <span class='ocrx_word' id='word_1_212' title='bbox 887 2372 994 2433; x_wconf 87' lang='lat' dir='ltr'>verita·</span> 
     </span>
     <span class='ocr_line' id='line_1_27' title="bbox 69 2455 1039 2536; baseline -0.001 -19"><span class='ocrx_word' id='word_1_213' title='bbox 69 2463 131 2517; x_wconf 89' lang='lat' dir='ltr'>tem</span> <span class='ocrx_word' id='word_1_214' title='bbox 156 2455 344 2534; x_wconf 88' lang='lat' dir='ltr'>simularent,</span> <span class='ocrx_word' id='word_1_215' title='bbox 379 2473 534 2536; x_wconf 85' lang='lat' dir='ltr'>nunqnam</span> <span class='ocrx_word' id='word_1_216' title='bbox 565 2463 666 2517; x_wconf 88' lang='lat' dir='ltr'>tamen</span> <span class='ocrx_word' id='word_1_217' title='bbox 697 2455 809 2519; x_wconf 82' lang='lat' dir='ltr'>Christi</span> <span class='ocrx_word' id='word_1_218' title='bbox 838 2455 995 2534; x_wconf 89' lang='lat' dir='ltr'>proprium</span> <span class='ocrx_word' id='word_1_219' title='bbox 1038 2493 1039 2496; x_wconf 60' lang='lat'><em>=</em></span> 
     </span>
     <span class='ocr_line' id='line_1_28' title="bbox 1 2537 995 2618; baseline -0.002 -16"><span class='ocrx_word' id='word_1_220' title='bbox 1 2597 3 2606; x_wconf 79' lang='grc'>,</span> <span class='ocrx_word' id='word_1_221' title='bbox 46 2557 183 2602; x_wconf 69' lang='lat' dir='ltr'>vnomen</span> <span class='ocrx_word' id='word_1_222' title='bbox 216 2545 464 2618; x_wconf 84' lang='lat' dir='ltr'>praetexuerant.</span> <span class='ocrx_word' id='word_1_223' title='bbox 507 2537 579 2602; x_wconf 90' lang='lat' dir='ltr'>Hoc</span> <span class='ocrx_word' id='word_1_224' title='bbox 607 2541 687 2600; x_wconf 90' lang='lat' dir='ltr'>enim</span> <span class='ocrx_word' id='word_1_225' title='bbox 723 2538 780 2601; x_wconf 91' lang='lat' dir='ltr'>soli</span> <span class='ocrx_word' id='word_1_226' title='bbox 816 2537 995 2600; x_wconf 86' lang='lat' dir='ltr'>antichristo</span> 
     </span>
     <span class='ocr_line' id='line_1_29' title="bbox 69 2619 994 2688; baseline -0.001 -7"><span class='ocrx_word' id='word_1_227' title='bbox 69 2619 295 2684; x_wconf 85' lang='lat' dir='ltr'>reservabatur.</span> <span class='ocrx_word' id='word_1_228' title='bbox 337 2620 426 2683; x_wconf 91' lang='lat' dir='ltr'>Unde</span> <span class='ocrx_word' id='word_1_229' title='bbox 450 2621 587 2684; x_wconf 89' lang='lat' dir='ltr'>Christus</span> <span class='ocrx_word' id='word_1_230' title='bbox 609 2623 693 2684; x_wconf 86' lang='lat' dir='ltr'>Matt.</span> <span class='ocrx_word' id='word_1_231' title='bbox 717 2625 766 2688; x_wconf 79' lang='lat'>24.</span> <span class='ocrx_word' id='word_1_232' title='bbox 789 2641 849 2682; x_wconf 91' lang='lat' dir='ltr'>non</span> <span class='ocrx_word' id='word_1_233' title='bbox 870 2629 994 2682; x_wconf 90' lang='lat' dir='ltr'>couten-</span> 
     </span>
     <span class='ocr_line' id='line_1_30' title="bbox 1 2703 995 2784; baseline 0.006 -24"><span class='ocrx_word' id='word_1_234' title='bbox 1 2755 2 2760; x_wconf 73' lang='grc'>,</span> <span class='ocrx_word' id='word_1_235' title='bbox 69 2711 118 2765; x_wconf 93' lang='lat' dir='ltr'>tus</span> <span class='ocrx_word' id='word_1_236' title='bbox 142 2703 343 2784; x_wconf 85' lang='lat' dir='ltr'>praedixisse,</span> <span class='ocrx_word' id='word_1_237' title='bbox 367 2705 449 2783; x_wconf 86' lang='lat' dir='ltr'>quod</span> <span class='ocrx_word' id='word_1_238' title='bbox 472 2707 593 2766; x_wconf 89' lang='lat' dir='ltr'>venturi</span> <span class='ocrx_word' id='word_1_239' title='bbox 616 2711 723 2769; x_wconf 88' lang='lat' dir='ltr'>essent·</span> <span class='ocrx_word' id='word_1_240' title='bbox 739 2707 769 2766; x_wconf 92' lang='lat' dir='ltr'>iu</span> <span class='ocrx_word' id='word_1_241' title='bbox 787 2705 911 2766; x_wconf 87' lang='lat' dir='ltr'>nomine</span> <span class='ocrx_word' id='word_1_242' title='bbox 927 2722 995 2780; x_wconf 87' lang='lat' dir='ltr'>suc,</span> 
     </span>
     <span class='ocr_line' id='line_1_31' title="bbox 1 2785 996 2868; baseline 0 -20"><span class='ocrx_word' id='word_1_243' title='bbox 1 2786 3 2791; x_wconf 77' lang='grc'><strong>’</strong></span> <span class='ocrx_word' id='word_1_244' title='bbox 71 2786 157 2848; x_wconf 87' lang='lat' dir='ltr'>addit</span> <span class='ocrx_word' id='word_1_245' title='bbox 179 2788 211 2848; x_wconf 82' lang='lat' dir='ltr'>s‘e</span> <span class='ocrx_word' id='word_1_246' title='bbox 232 2787 332 2866; x_wconf 89' lang='lat' dir='ltr'>ipsum</span> <span class='ocrx_word' id='word_1_247' title='bbox 356 2787 525 2868; x_wconf 79' lang='lat' dir='ltr'>explicans,</span> <span class='ocrx_word' id='word_1_248' title='bbox 550 2789 701 2850; x_wconf 85' lang='lat' dir='ltr'>dicentes:</span> <span class='ocrx_word' id='word_1_249' title='bbox 731 2789 800 2868; x_wconf 83' lang='lat' dir='ltr'>Ego</span> <span class='ocrx_word' id='word_1_250' title='bbox 823 2808 888 2848; x_wconf 89' lang='lat' dir='ltr'>sum</span> <span class='ocrx_word' id='word_1_251' title='bbox 913 2785 996 2849; x_wconf 89' lang='lat' dir='ltr'>Chri·</span> 
     </span>
     <span class='ocr_line' id='line_1_32' title="bbox 1 2869 996 2951; baseline -0.001 -20"><span class='ocrx_word' id='word_1_252' title='bbox 1 2869 3 2940; x_wconf 70' lang='lat' dir='ltr'><strong>Q</strong></span> <span class='ocrx_word' id='word_1_253' title='bbox 72 2875 148 2941; x_wconf 85' lang='lat' dir='ltr'>stus,</span> <span class='ocrx_word' id='word_1_254' title='bbox 171 2888 208 2931; x_wconf 88' lang='lat' dir='ltr'>ac</span> <span class='ocrx_word' id='word_1_255' title='bbox 230 2871 254 2930; x_wconf 94' lang='lat' dir='ltr'>si</span> <span class='ocrx_word' id='word_1_256' title='bbox 279 2869 370 2946; x_wconf 82' lang='lat' dir='ltr'>dicat,</span> <span class='ocrx_word' id='word_1_257' title='bbox 392 2887 505 2933; x_wconf 88' lang='lat' dir='ltr'>nomen</span> <span class='ocrx_word' id='word_1_258' title='bbox 521 2892 621 2932; x_wconf 90' lang='lat' dir='ltr'>meum</span> <span class='ocrx_word' id='word_1_259' title='bbox 634 2872 790 2951; x_wconf 90' lang='lat' dir='ltr'>proprium</span> <span class='ocrx_word' id='word_1_260' title='bbox 804 2875 996 2951; x_wconf 80' lang='lat' dir='ltr'>praetexant,</span> 
     </span>
     <span class='ocr_line' id='line_1_33' title="bbox 1 2947 994 3034; baseline 0.004 -24"><span class='ocrx_word' id='word_1_261' title='bbox 1 2947 3 3010; x_wconf 72' lang='grc' dir='ltr'><strong>Ῐ</strong></span> <span class='ocrx_word' id='word_1_262' title='bbox 73 2949 156 3034; x_wconf 88' lang='lat' dir='ltr'>quod</span> <span class='ocrx_word' id='word_1_263' title='bbox 180 2957 227 3014; x_wconf 89' lang='lat' dir='ltr'>est</span> <span class='ocrx_word' id='word_1_264' title='bbox 250 2949 398 3033; x_wconf 87' lang='lat' dir='ltr'>Christus,</span> <span class='ocrx_word' id='word_1_265' title='bbox 422 2954 558 3016; x_wconf 90' lang='lat' dir='ltr'>dicentes</span> <span class='ocrx_word' id='word_1_266' title='bbox 593 2975 626 3016; x_wconf 89' lang='lat' dir='ltr'>se</span> <span class='ocrx_word' id='word_1_267' title='bbox 658 2975 727 3016; x_wconf 89' lang='lat' dir='ltr'>esse</span> <span class='ocrx_word' id='word_1_268' title='bbox 760 2975 809 3016; x_wconf 92' lang='lat' dir='ltr'>me</span> <span class='ocrx_word' id='word_1_269' title='bbox 832 2952 994 3016; x_wconf 88' lang='lat' dir='ltr'>Christum.</span> 
     </span>
     <span class='ocr_line' id='line_1_34' title="bbox 1 3034 996 3118; baseline 0.001 -20"><span class='ocrx_word' id='word_1_270' title='bbox 1 3101 2 3108; x_wconf 46' lang='lat'>,</span> <span class='ocrx_word' id='word_1_271' title='bbox 74 3035 114 3098; x_wconf 80' lang='lat' dir='ltr'>At</span> <span class='ocrx_word' id='word_1_272' title='bbox 136 3035 197 3096; x_wconf 88' lang='lat' dir='ltr'>iam</span> <span class='ocrx_word' id='word_1_273' title='bbox 221 3034 416 3097; x_wconf 89' lang='lat' dir='ltr'>obtinuerunt</span> <span class='ocrx_word' id='word_1_274' title='bbox 437 3035 522 3115; x_wconf 88' lang='lat' dir='ltr'>illud,</span> <span class='ocrx_word' id='word_1_275' title='bbox 555 3058 666 3118; x_wconf 79' lang='lat' dir='ltr'>name</span> <span class='ocrx_word' id='word_1_276' title='bbox 695 3058 777 3118; x_wconf 89' lang='lat' dir='ltr'>papa</span> <span class='ocrx_word' id='word_1_277' title='bbox 812 3043 843 3098; x_wconf 93' lang='lat' dir='ltr'>et</span> <span class='ocrx_word' id='word_1_278' title='bbox 874 3035 996 3099; x_wconf 89' lang='lat' dir='ltr'>Christo</span> 
     </span>
     <span class='ocr_line' id='line_1_35' title="bbox 72 3117 996 3201; baseline -0.001 -20"><span class='ocrx_word' id='word_1_279' title='bbox 72 3137 166 3181; x_wconf 91' lang='lat' dir='ltr'>unum</span> <span class='ocrx_word' id='word_1_280' title='bbox 189 3117 336 3194; x_wconf 84' lang='lat' dir='ltr'>iecerunt,</span> <span class='ocrx_word' id='word_1_281' title='bbox 358 3121 565 3200; x_wconf 85' lang='lat' dir='ltr'>garrientes,e</span> <span class='ocrx_word' id='word_1_282' title='bbox 588 3138 668 3201; x_wconf 88' lang='lat' dir='ltr'>papa</span> <span class='ocrx_word' id='word_1_283' title='bbox 681 3129 711 3182; x_wconf 90' lang='lat' dir='ltr'>et</span> <span class='ocrx_word' id='word_1_284' title='bbox 724 3121 845 3183; x_wconf 89' lang='lat' dir='ltr'>Christo</span> <span class='ocrx_word' id='word_1_285' title='bbox 868 3119 996 3180; x_wconf 81' lang='lat' dir='ltr'>mixtur&#39;n</span> 
     </span>
     <span class='ocr_line' id='line_1_36' title="bbox 75 3201 997 3284; baseline -0.002 -20"><span class='ocrx_word' id='word_1_286' title='bbox 75 3221 143 3264; x_wconf 88' lang='lat' dir='ltr'>esse</span> <span class='ocrx_word' id='word_1_287' title='bbox 165 3221 257 3262; x_wconf 90' lang='lat' dir='ltr'>unum</span> <span class='ocrx_word' id='word_1_288' title='bbox 280 3201 365 3263; x_wconf 90' lang='lat' dir='ltr'>illum</span> <span class='ocrx_word' id='word_1_289' title='bbox 388 3203 559 3278; x_wconf 89' lang='lat' dir='ltr'>hominem,</span> <span class='ocrx_word' id='word_1_290' title='bbox 594 3224 651 3265; x_wconf 91' lang='lat' dir='ltr'>nec</span> <span class='ocrx_word' id='word_1_291' title='bbox 686 3201 890 3284; x_wconf 87' lang='lat' dir='ltr'>separandum</span> <span class='ocrx_word' id='word_1_292' title='bbox 928 3221 997 3264; x_wconf 87' lang='lat' dir='ltr'>esse</span> 
     </span>
    </p>
   </div>
   <div class='ocr_carea' id='block_1_3' title="bbox 75 3283 997 3782">
    <p class='ocr_par' dir='ltr' id='par_1_4' title="bbox 75 3283 997 3782">
     <span class='ocr_line' id='line_1_37' title="bbox 77 3283 996 3368; baseline -0.003 -20"><span class='ocrx_word' id='word_1_293' title='bbox 77 3285 228 3348; x_wconf 77' lang='lat' dir='ltr'>Christum</span> <span class='ocrx_word' id='word_1_294' title='bbox 252 3303 270 3345; x_wconf 84' lang='lat' dir='ltr'>a</span> <span class='ocrx_word' id='word_1_295' title='bbox 292 3304 382 3365; x_wconf 86' lang='lat' dir='ltr'>papa.</span> <span class='ocrx_word' id='word_1_296' title='bbox 411 3285 437 3348; x_wconf 92' lang='lat'>0</span> <span class='ocrx_word' id='word_1_297' title='bbox 460 3286 717 3367; x_wconf 85' lang='lat' dir='ltr'>blasphemiarum</span> <span class='ocrx_word' id='word_1_298' title='bbox 741 3285 931 3368; x_wconf 82' lang='lat' dir='ltr'>blasphemia</span> <span class='ocrx_word' id='word_1_299' title='bbox 954 3283 996 3345; x_wconf 82' lang='lat' dir='ltr'>fu-</span> 
     </span>
     <span class='ocr_line' id='line_1_38' title="bbox 75 3367 996 3447; baseline -0.003 -18"><span class='ocrx_word' id='word_1_300' title='bbox 75 3368 253 3447; x_wconf 89' lang='lat' dir='ltr'>riosissima,</span> <span class='ocrx_word' id='word_1_301' title='bbox 274 3368 385 3447; x_wconf 92' lang='lat' dir='ltr'>impius</span> <span class='ocrx_word' id='word_1_302' title='bbox 408 3389 445 3430; x_wconf 90' lang='lat' dir='ltr'>ac</span> <span class='ocrx_word' id='word_1_303' title='bbox 467 3370 632 3430; x_wconf 89' lang='lat' dir='ltr'>sceleratus</span> <span class='ocrx_word' id='word_1_304' title='bbox 656 3369 813 3444; x_wconf 87' lang='lat' dir='ltr'>cinaedus,</span> <span class='ocrx_word' id='word_1_305' title='bbox 831 3367 996 3445; x_wconf 86' lang='lat' dir='ltr'>usurarius,</span> 
     </span>
     <span class='ocr_line' id='line_1_39' title="bbox 76 3449 997 3534; baseline -0.003 -22"><span class='ocrx_word' id='word_1_306' title='bbox 76 3450 259 3530; x_wconf 81' lang='lat' dir='ltr'>sacrilegus,</span> <span class='ocrx_word' id='word_1_307' title='bbox 290 3453 518 3514; x_wconf 87' lang='lat' dir='ltr'>cruentissimus</span> <span class='ocrx_word' id='word_1_308' title='bbox 542 3460 698 3534; x_wconf 84' lang='lat' dir='ltr'>tyrannus,</span> <span class='ocrx_word' id='word_1_309' title='bbox 721 3451 841 3514; x_wconf 88' lang='lat' dir='ltr'>Christo</span> <span class='ocrx_word' id='word_1_310' title='bbox 864 3449 997 3520; x_wconf 87' lang='lat' dir='ltr'>Deomi-</span> 
     </span>
     <span class='ocr_line' id='line_1_40' title="bbox 78 3533 997 3614; baseline -0.002 -18"><span class='ocrx_word' id='word_1_311' title='bbox 78 3539 179 3596; x_wconf 88' lang='lat' dir='ltr'>scetur</span> <span class='ocrx_word' id='word_1_312' title='bbox 199 3541 228 3594; x_wconf 88' lang='lat' dir='ltr'>et</span> <span class='ocrx_word' id='word_1_313' title='bbox 251 3553 343 3595; x_wconf 92' lang='lat' dir='ltr'>unum</span> <span class='ocrx_word' id='word_1_314' title='bbox 367 3553 435 3595; x_wconf 92' lang='lat' dir='ltr'>cum</span> <span class='ocrx_word' id='word_1_315' title='bbox 465 3534 536 3614; x_wconf 83' lang='lat' dir='ltr'>ipsc</span> <span class='ocrx_word' id='word_1_316' title='bbox 559 3534 696 3598; x_wconf 79' lang='lat' dir='ltr'>efficitur.</span> <span class='ocrx_word' id='word_1_317' title='bbox 740 3535 835 3611; x_wconf 88' lang='lat' dir='ltr'>Veni,</span> <span class='ocrx_word' id='word_1_318' title='bbox 864 3533 997 3594; x_wconf 85' lang='lat' dir='ltr'>Domine</span> 
     </span>
     <span class='ocr_line' id='line_1_41' title="bbox 77 3614 996 3698; baseline -0.003 -17"><span class='ocrx_word' id='word_1_319' title='bbox 77 3617 145 3681; x_wconf 87' lang='lat' dir='ltr'>Iesu</span> <span class='ocrx_word' id='word_1_320' title='bbox 169 3615 299 3694; x_wconf 83' lang='lat' dir='ltr'>Christe,</span> <span class='ocrx_word' id='word_1_321' title='bbox 320 3623 351 3680; x_wconf 91' lang='lat' dir='ltr'>et</span> <span class='ocrx_word' id='word_1_322' title='bbox 372 3637 454 3698; x_wconf 87' lang='lat' dir='ltr'>poue</span> <span class='ocrx_word' id='word_1_323' title='bbox 477 3619 567 3682; x_wconf 86' lang='lat' dir='ltr'>tinem</span> <span class='ocrx_word' id='word_1_324' title='bbox 582 3639 620 3680; x_wconf 89' lang='lat' dir='ltr'>ac</span> <span class='ocrx_word' id='word_1_325' title='bbox 633 3617 757 3684; x_wconf 84' lang='lat' dir='ltr'>modum</span> <span class='ocrx_word' id='word_1_326' title='bbox 772 3618 820 3680; x_wconf 87' lang='lat' dir='ltr'>bis</span> <span class='ocrx_word' id='word_1_327' title='bbox 836 3614 996 3682; x_wconf 80' lang='lat' dir='ltr'>horrendis</span> 
     </span>
     <span class='ocr_line' id='line_1_42' title="bbox 78 3699 394 3782; baseline -0.003 -19"><span class='ocrx_word' id='word_1_328' title='bbox 78 3699 263 3782; x_wconf 86' lang='lat' dir='ltr'>horroribus,</span> <span class='ocrx_word' id='word_1_329' title='bbox 286 3701 394 3768; x_wconf 83' lang='lat' dir='ltr'>Amen.</span> 
     </span>
    </p>
   </div>
   <div class='ocr_carea' id='block_1_4' title="bbox 0 0 1155 4006">
    <p class='ocr_par' dir='ltr' id='par_1_5' title="bbox 0 0 1155 4006">
     <span class='ocr_line' id='line_1_43' title="bbox 0 0 1155 4006; baseline 0 0"><span class='ocrx_word' id='word_1_330' title='bbox 0 0 1155 4006; x_wconf 95' lang='lat' dir='ltr'> </span> 
     </span>
    </p>
   </div>
  </div>
 </body>
</html>
