2252 4006
338 191 392 248 nde
409 193 502 249 intusa
520 199 547 249 et
565 195 709 264 acquisita.
920 189 980 256 ι281

54 353 118 422 tur,
165 349 296 430 aliquem
329 350 449 430 operari
479 368 534 430 per
567 349 824 418 testificationem.
880 347 983 428 Opera

54 432 137 490 enim
152 452 216 495 non
231 433 345 494 iaciunt
363 433 486 506 bonum,
509 435 586 493 sicut
605 453 662 495 nec
676 434 790 494 fructus
805 431 919 492 iaciunt
929 429 983 492 bo·

52 533 125 574 nam
143 515 296 591 arborem,
312 516 365 576 sed
378 515 506 576 iructunr
517 517 590 576 lacit
611 517 693 579 bona
705 516 813 589 arbor,
827 521 855 574 et
868 514 980 576 bonum

53 617 135 676 opus
151 599 226 659 facit
237 601 282 658 vir
295 598 401 659 bonus.
427 601 480 659 Vir
491 607 592 660 autem
604 599 704 661 bonus
715 605 744 658 et
757 597 848 659 arbor
859 597 941 656 bona
951 595 985 656 fit

52 682 281 758 sineoperibus
302 701 357 762 per
368 681 464 742 solam
477 682 567 743 iidem
589 685 619 742 iu
634 683 768 742 veritatis
781 679 905 742 verbum
917 679 984 753 Dei,

51 764 101 823 eui
127 765 293 842 adhaeret,
317 771 347 825 et
369 765 539 826 adhaerens
561 766 723 846 participet
743 764 881 842 veritate,
901 762 985 824 iusti·

51 849 106 922 tia,
131 847 302 928 sapientia,
326 847 463 909 bonitate
486 849 571 910 verbi
594 856 651 911 etc.

299 975 426 1038 Decima
449 978 554 1056 quinta
572 976 748 1038 Conclusio.

143 1092 269 1152 Recte
312 1111 410 1175 ergo
445 1095 590 1154 dictum
629 1100 703 1154 est:
746 1091 860 1152 Fides
900 1092 985 1150 siue

52 1174 251 1252 operibus
288 1185 541 1249 mortuaest,
575 1178 651 1236 imo
686 1195 760 1236 non
794 1173 987 1238 estiides.

52 1256 149 1317 Patet
172 1277 211 1316 ex
234 1257 341 1334 dietis3
364 1261 436 1338 quia
458 1280 498 1320 ex
519 1259 665 1318 fructibus
688 1277 749 1318 non
772 1257 815 1332 iit,
838 1255 892 1316 sed
914 1273 985 1335 cog·

53 1341 199 1400 noscitur
222 1340 320 1404 arbor.
364 1342 448 1403 Sicut
459 1361 533 1422 ergo
548 1342 639 1402 arbor
660 1360 722 1401 non
744 1341 844 1400 tereus
855 1339 984 1398 fructum

54 1441 118 1480 non
148 1421 250 1502 arbor,
273 1425 327 1486 sed
350 1425 463 1506 lignum
488 1432 544 1498 est,
568 1425 728 1505 hypocrita
746 1423 852 1482 similis
875 1420 986 1499 arbori,

54 1524 128 1562 curn
155 1524 216 1565 non
239 1507 294 1585 sit3
321 1509 363 1568 ita
391 1507 466 1568 fides
489 1515 535 1567 εει
558 1508 739 1588 hypocrita,
761 1505 786 1564 si
808 1521 902 1584 opera
924 1521 985 1563 non

56 1587 213 1667 producit.
258 1589 297 1649 ut
318 1590 411 1651 carbo
436 1610 504 1650 cunr
526 1609 588 1650 non
619 1590 677 1648 urit
699 1607 756 1649 uec
777 1587 875 1662 lucet,
908 1603 987 1646 rnor-

54 1679 127 1729 tuus
152 1679 210 1746 est,
234 1673 339 1733 similis
362 1671 487 1732 carboni
509 1675 618 1754 ignito,
638 1670 692 1730 sed
716 1689 776 1731 non
800 1669 904 1745 curbo,
928 1670 984 1728 uisi

56 1753 224 1831 analogice
247 1762 277 1814 et
306 1755 384 1817 iicte.
430 1755 531 1831 Qna're
559 1756 705 1815 autoritas
735 1751 837 1814 iacobi
867 1751 904 1810 de
926 1752 985 1812 ista

54 1835 117 1894 lide
146 1844 265 1897 {nortus
285 1839 475 1918 intelligitur,
495 1837 532 1898 de
555 1837 705 1916 aequisita
727 1835 802 1909 ilde,
837 1853 916 1914 quac
939 1841 986 1895 est

55 1917 239 1998 hypocrita,
263 1925 293 1980 et
314 1921 433 2000 species
456 1919 525 1981 fidei
548 1921 667 1980 infnsae
687 1921 753 1979 sine
775 1919 886 1977 virtute
908 1917 985 1976 eius·

56 1999 142 2063 dem.
187 1999 263 2061 Nam
296 2003 371 2063 fldes
405 2003 504 2064 inlusa
532 2010 579 2062 est
600 2003 722 2082 spiritus
744 2002 867 2077 vivens,
905 2017 985 2077 quae

57 2102 122 2142 nou
147 2084 299 2160 aufertur,
329 2087 385 2144 nisi
408 2105 479 2165 spes
502 2090 533 2147 et
555 2086 667 2145 caritas
690 2083 778 2144 simul
802 2083 984 2143 auferantur.

58 2165 129 2224 Nou
163 2184 237 2246 ergo
268 2167 330 2227 vult
352 2166 498 2242 Iacobus,
531 2166 614 2247 quod
647 2165 723 2227 fldes
758 2165 858 2225 infusa
888 2165 986 2244 possit

57 2267 130 2307 esse
162 2249 227 2308 sine
262 2249 422 2329 operibus,
454 2259 487 2311 ut
516 2250 559 2310 illi
582 2256 706 2330 putant,
739 2247 791 2307 sed
828 2247 891 2308 vult
913 2245 984 2306 fldei

58 2330 274 2409 probationem
298 2351 336 2392 ex
359 2332 503 2412 operibns
517 2331 683 2406 iustificari,
705 2351 766 2391 non
780 2329 862 2408 quod
885 2330 987 2408 operi·

59 2413 116 2472 bus
142 2431 247 2474 eoram
269 2414 336 2476 Deo
359 2414 537 2476 iustificetur
565 2415 675 2488 horno,
710 2413 763 2473 sed
793 2412 874 2491 quod
905 2411 987 2471 testi·

59 2497 167 2556 monio
199 2515 326 2577 operum
360 2499 556 2578 cognoscitur
589 2497 680 2572 tides,
715 2515 774 2574 qua
807 2493 987 2554 iustihcatur

59 2576 144 2658 apud
167 2579 276 2642 Deum.
319 2580 449 2659 Oportet
470 2598 544 2660 ergo
566 2579 730 2659 prudenter
744 2577 880 2658 intelligi,
903 2574 985 2654 quod

60 2660 186 2720 dicitur:
215 2661 325 2722 Nonne
348 2661 503 2722 Abraham
531 2669 618 2742 puter
648 2669 751 2721 noster
779 2679 817 2719 ex
842 2657 985 2739 operibus

61 2742 244 2804 iustificatns
278 2753 341 2818 est,
373 2745 446 2824 quia
468 2763 614 2826 expresse
636 2743 817 2804 contradicit
838 2741 927 2802 Rom.
949 2739 985 2804 4:

61 2823 91 2884 si
116 2825 272 2887 Abraham
297 2847 336 2886 ex
359 2826 503 2907 operibus
525 2826 706 2887 iustificatus
729 2833 785 2902 est,
807 2823 899 2885 habet
922 2823 986 2901 glo·

62 2909 156 2984 riam,
179 2909 233 2969 sed
256 2928 316 2968 uon
341 2909 422 2989 apud
446 2910 552 2969 Deum.
596 2909 692 2988 Loqui
716 2916 818 2968 autern
840 2905 985 2968 Iacobum

63 2990 101 3049 de
123 2992 268 3070 operibus
291 2991 377 3069 fidei,
410 2999 441 3052 ut
467 2989 544 3052 fides
576 2990 722 3071 probetur
744 2997 774 3050 st
796 2987 986 3065 ostendatur,

63 3092 123 3132 non
149 3079 251 3134 eutem
274 3081 306 3132 ut
328 3094 383 3154 per
404 3093 442 3132 ea
465 3077 510 3134 vel
534 3072 610 3134 fides
632 3073 695 3147 fiat,
717 3073 764 3133 vel
784 3071 892 3151 aliquis
903 3072 987 3131 iusti·

63 3153 180 3230 licetur,
204 3155 322 3216 videtur
342 3157 372 3216 in
396 3163 492 3233 textu,
515 3157 586 3235 quia
609 3156 699 3216 dccet
721 3153 811 3215 iidem
825 3153 986 3216 ostenden-

65 3236 133 3297 dam
159 3238 303 3317 operibus
326 3238 414 3298 bonis
437 3257 509 3317 erga
533 3237 654 3298 fratrem
677 3245 729 3298 aut
750 3257 903 3306 sororem,
935 3236 985 3314 qui

65 3320 123 3379 sint
145 3319 217 3380 nudi
241 3327 298 3380 etc.
334 3320 424 3381 Aliud
435 3339 510 3400 ergo
537 3329 583 3380 est
598 3320 680 3399 loqui
704 3320 741 3379 de
752 3319 812 3379 fide
834 3326 864 3378 et
876 3319 985 3378 virtute

66 3404 139 3481 sius,
162 3402 244 3481 quod
267 3401 340 3462 iacit
361 3401 489 3474 Paulus,
523 3410 554 3463 et
575 3402 656 3463 aliud
685 3403 722 3462 de
750 3397 809 3462 tide
839 3409 869 3461 et
891 3399 984 3460 mani·

66 3483 226 3544 testatione
259 3485 306 3544 vel
331 3487 507 3546 ostensione
529 3487 609 3560 eius,
641 3484 723 3564 quod
751 3485 823 3544 iacit
845 3481 986 3543 Iacobus.

68 3565 151 3630 Sicut
171 3564 254 3628 aliud
275 3574 321 3625 est
343 3566 445 3628 dicere
467 3567 505 3626 de
527 3567 676 3646 reliquiis,
706 3564 787 3628 aliud
810 3563 849 3624 de
870 3583 986 3645 pompa

69 3655 98 3710 et
118 3649 296 3710 ostensione
309 3649 511 3730 reliquiarum.
