2250 4008
315 147 444 211 Rutenis
462 148 637 214 batoniensi
656 154 706 204 ute.
918 144 980 212 471
1065 169 1067 172 ·

50 299 126 370 dum
145 301 236 374 uiuit:
258 301 492 375 NbuObediutis
510 302 784 384 ooueupisneutiis3
806 302 881 380 eius„
904 302 980 380 eius,

49 383 174 449 auditis
195 386 232 455 D.
254 385 401 456 Latume?
432 386 497 456 eius
519 387 653 467 pseusti„
683 385 770 468 quod
790 405 850 457 uon
874 392 982 466 regnet

49 469 79 526 in
108 488 246 550 oonpone
279 477 314 531 et
332 479 433 532 tomen
457 471 497 538 sit
524 471 557 530 in
578 489 711 550 corpote
733 489 800 540 num
823 470 886 530 suis
909 487 980 536 oon-

49 553 267 632 eupisountiis.
310 553 388 616 Nam
413 553 560 624 Lutherus
588 572 745 632 nunquam
773 553 811 614 ds
831 560 981 634 regnante

49 644 192 714 peooato
215 636 300 714 dixit,
323 635 459 715 quodie
483 635 603 703 Sanno
626 645 717 714 esset,
742 655 797 698 vos
821 655 896 717 augo
917 655 979 697 non

49 726 142 780 reete
174 720 287 796 inuitis,
324 720 374 799 qui
411 719 491 781 uliud
514 720 688 800 promittitis
717 726 748 781 et
767 719 853 793 aliud.
871 719 981 795 fseitis.

50 801 162 864 Vultis
196 803 354 865 confutare
381 803 560 879 Lutburum,
596 809 627 867 et
654 803 819 874 confutatis
847 802 980 884 aliquem

51 893 197 952 uestrum
220 886 411 967 Morpheutu.

144 991 288 1072 Exempli
319 993 432 1072 gratie,
461 989 584 1071 quando
607 991 719 1053 Penius
744 995 770 1056 t.
794 991 930 1052 (mnam.
952 989 981 1054 7.

51 1072 151 1134 dioit:
195 1074 339 1154 Virgosi
367 1074 469 1154 nubit,
501 1093 562 1136 nou
590 1081 716 1156 peoeat,
751 1081 781 1134 et
809 1075 836 1134 si
858 1073 981 1148 doeens

51 1175 202 1234 uxorem,
226 1175 287 1218 non
310 1159 455 1238 peccasti.
491 1158 561 1217 Hoo
582 1157 751 1220 dominatio
774 1163 877 1218 vestra
896 1155 981 1219 indn-

52 1241 96 1298 oit
121 1247 235 1300 eontra
256 1240 431 1314 botherum,
453 1248 484 1301 et
505 1257 567 1302 non
591 1241 784 1320 oonoiuditis,
806 1242 879 1322 quie
899 1239 981 1300 idem

52 1330 103 1382 est
130 1341 202 1382 oum
223 1323 294 1385 iilo:
317 1323 386 1383 Non
410 1332 517 1404 regnet
538 1333 700 1403 peceatum
724 1325 753 1384 in
777 1342 910 1404 eorpora
931 1343 982 1384 ve·

54 1413 135 1486 stro,
159 1425 235 1484 ergo
259 1405 297 1466 de
318 1413 469 1486 regnante
492 1415 620 1487 peoosto
644 1408 794 1486 loquitur,
816 1407 899 1486 qnod
923 1405 981 1467 dio·

55 1489 156 1548 tionis
186 1491 280 1549 series
302 1489 428 1570 probat,
463 1491 534 1569 quia
562 1488 600 1550 da
622 1490 742 1552 Sanotis
773 1490 924 1569 loquitur,
950 1490 980 1548 in

55 1571 173 1650 quibus
197 1571 309 1632 nullum
325 1581 485 1652 peecatum
500 1581 617 1654 regnet.
660 1573 772 1634 Nonne
794 1572 982 1634 stLutbeuus

57 1654 160 1716 multo
182 1655 302 1733 tomus,
324 1675 416 1734 quom
440 1675 505 1733 vos,
529 1655 605 1717 dixit
627 1675 667 1716 ex
691 1661 718 1718 1.
742 1656 844 1726 lohan.
867 1656 901 1719 3:
924 1654 982 1730 Qui

57 1746 153 1798 ustus
177 1747 285 1798 estex
308 1739 389 1816 Deo,
418 1755 478 1800 non
502 1747 627 1820 peceat,
654 1749 685 1799 et
707 1758 768 1800 non
791 1743 894 1818 potest
915 1756 984 1818 pne

59 1821 158 1881 aare?
182 1821 348 1902 Repugnat
359 1824 440 1882 enim
458 1842 497 1882 ex
509 1823 576 1882 Deo
590 1841 658 1883 esse
681 1829 711 1882 et
724 1840 864 1902 pensare.
887 1821 982 1900 Virgo

58 1903 151 1965 nubit
172 1911 205 1964 et
225 1923 287 1964 non
309 1914 434 1986 pensat,
459 1907 558 1971 minus
581 1913 646 1980 est,
682 1925 774 1986 quam
797 1922 858 1966 non
880 1909 983 1984 potest

59 2005 204 2067 pausare.
248 1987 316 2048 Hoo
335 1988 447 2048 Paulus
469 1988 542 2050 dieit
564 1989 608 2050 sio
630 1989 739 2052 Rome.
763 1991 796 2054 6:
819 1987 982 2050 Peaoatum

60 2069 153 2130 vobis
177 2086 240 2132 non
253 2069 468 2146 dominabitur,
490 2072 521 2132 id
544 2081 599 2149 est,
622 2091 683 2133 non
698 2072 829 2152 potestis
841 2088 981 2150 pensare,

61 2153 137 2232 quia
160 2172 222 2214 non
245 2155 318 2214 estis
340 2155 395 2214 sub
417 2155 496 2236 lege,
518 2154 579 2215 sed·
594 2156 650 2217 sub
673 2155 780 2234 gnatia.

146 2259 225 2321 Nam
249 2267 279 2320 et
299 2259 445 2322 Latomus
467 2262 519 2340 qni
542 2259 628 2321 dieit:
662 2261 758 2340 Virgo
781 2258 899 2320 nubens
920 2275 984 2318 non

63 2350 195 2426 peceat,
218 2350 249 2406 et
270 2341 434 2419 Lutuerus,
459 2341 519 2422 qui'
533 2342 618 2403 dioit:
662 2343 758 2424 Virgo
780 2341 898 2403 nubens
920 2359 982 2401 non

62 2430 170 2570 potest
190 2444 331 2508 peecare,
353 2445 466 2506 negare
489 2445 550 2487 non
572 2433 711 2506 possunt,
734 2427 805 2521 quin
821 2425 906 2504 virgo
929 2442 983 2483 nu-

85 2529 141 2570 ens
165 2511 325 2590 peucetio
349 2507 505 2569 reddendo
524 2505 628 2570 debito
651 2510 761 2583 earnis,
783 2514 816 2568 ut
838 2507 984 2578 unanimi-

65 2601 110 2654 ter
133 2611 242 2654 omnes
264 2591 379 2668 dieunt,
403 2599 432 2651 et
454 2589 655 2680 probatPsol.
678 2589 775 2669 512¹)
801 2591 882 2651 ane
904 2590 984 2650 enim

65 2677 94 2736 in
111 2673 322 2755 iniquitatibus
336 2681 504 2754 eonoeptus
517 2693 594 2752 snm,
613 2681 643 2734 et
652 2675 682 2734 in
695 2674 831 2756 peeeatis
844 2673 987 2752 eoneepit

66 2779 115 2819 me
138 2760 238 2820 mater
259 2775 336 2819 mea.
381 2755 545 2834 Quomodo
579 2775 653 2838 ergo
677 2763 785 2837 peceat
815 2757 933 2817 nubens
957 2763 987 2814 et

66 2861 128 2903 non
152 2840 283 2922 peceat?
325 2839 372 2901 An
398 2838 513 2900 nubere
535 2840 679 2900 Latomus
714 2859 751 2900 eo
774 2847 891 2901 tantum
927 2845 984 2898 tra-

66 2924 127 3000 het,
151 2922 234 3006 quod
253 2923 282 2983 in
301 2921 498 3004 sponsalibus
511 2923 610 3003 agitur
632 2929 703 2983 ante
724 2928 844 2983 seoreta
857 2920 986 2982 nubilis?

67 3007 136 3068 Non
162 3004 257 3070 oredo
281 3007 444 3087 sineperte
467 3005 746 3087 sophistieeturum,
768 3005 822 3066 sed
846 3004 986 3084 sophisti-

69 3100 165 3153 eetuu.
192 3087 271 3167 Quid
295 3087 332 3148 ad
356 3087 429 3153 illud
443 3094 652 3169 praeseptum,
675 3088 757 3172 quod
771 3086 884 3148 ibidem
898 3091 986 3164 pree·

70 3173 179 3234 mittit?
194 3171 295 3250 ,Uxor
317 3171 383 3232 viro
408 3171 540 3233 debitum
564 3171 686 3248 reddat,
709 3179 739 3232 et
760 3173 805 3230 vir
826 3170 914 3230 uxori
938 3167 986 3226 de-

70 3256 163 3318 bitum
188 3253 304 3315 reddat.
350 3255 396 3315 An
420 3256 469 3315 bie
490 3275 551 3316 non
574 3273 652 3334 opus
683 3253 756 3314 illud
776 3249 987 3331 eoneeptionis

71 3342 98 3399 in
121 3345 267 3419 pensato,
302 3335 384 3416 quod
409 3337 506 3397 David
537 3338 623 3414 dieit,
661 3335 773 3396 dooet?
808 3335 848 3396 At
870 3332 988 3404 nubens

94 3521 513 3548 W

146 3628 175 3696 t)
195 3625 227 3682 Iu
246 3625 287 3680 od.
307 3627 391 3695 erige
409 3625 453 3680 bO.
