2250 4008
137 157 202 230 474
428 164 591 223 nouerant.
606 166 775 221 nutrcem
797 181 801 188 ·

135 320 237 400 Atque
259 327 292 380 nt
313 320 373 383 iren
392 323 443 399 eia,
466 321 609 404 baptismi
624 320 798 403 symbolum
810 339 866 402 pne
880 319 1057 386 menie

134 404 239 480 huben,
259 404 289 464 in
312 423 373 484 qna
395 406 554 468 neriaaime
578 406 681 466 emnia
701 412 834 486 peeeata
853 403 908 465 tibi
930 404 1057 466 remim

121 495 214 566 aunt,
238 489 375 564 remissa
397 491 531 569 inquam,
554 490 705 567 intetnm,
727 489 782 550 ead
798 487 942 554 nendum
956 489 1059 549 omnia

134 571 258 632 abolita.
302 572 462 633 Credimne
497 573 578 633 enirn
616 573 831 650 remissionem
859 580 1057 651 peecatorem

135 656 272 718 omniunt
291 655 401 716 feetarn
425 656 540 735 abeqtra
559 657 668 730 dnbio,
702 655 756 716 aed
778 657 901 736 agitans
924 653 1059 734 qnotidie

135 746 166 800 et
187 748 417 818 exspectamus,
440 746 473 800 ut
495 739 547 800 fiat
570 741 660 800 etiam
684 740 818 798 omnium
857 745 1059 817 peecatorem

135 821 261 884 abeiitio
294 831 324 882 et
346 823 524 886 omnimode
545 824 725 898 evaneati03
759 823 847 898 etii,
870 823 980 901 quiin
1004 820 1061 882 hoe

134 905 293 984 labarent,
315 905 429 966 faeinnt
451 925 547 986 oper-a
568 906 660 969 bona.
704 905 786 966 ane
809 905 889 966 heae
912 912 962 966 eet
985 903 1060 964 fider

135 1007 221 1065 mae,
255 991 398 1068 quoniam
421 989 499 1050 haee
521 995 568 1050 ent
589 990 742 1050 natholiea
763 987 849 1049 fides.
894 987 1061 1068 Sophietae

134 1090 223 1148 vero,
247 1074 298 1151 qui
321 1073 397 1133 haee
419 1075 613 1152 impugnant,
636 1073 696 1133 hee
719 1078 827 1151 agant,
857 1078 893 1132 ut
915 1069 1010 1132 nobie
1032 1070 1061 1130 fi-

134 1153 254 1228 dueiam
277 1173 403 1236 opernm
428 1157 556 1236 erigant,
578 1163 691 1216 ettam
710 1153 943 1215 minarieerdiae
968 1172 1060 1232 quan

134 1237 238 1298 indieii
259 1239 319 1298 Dei
346 1258 423 1319 epus
458 1247 640 1316 extenuent,
677 1239 757 1299 eieut
789 1237 828 1298 de
862 1238 909 1296 eie
951 1236 1062 1298 dieitur

133 1321 245 1384 Psalm.
273 1320 368 1404 10¹)f:
411 1323 596 1382 Auferuntur
616 1321 729 1383 iudieia
752 1321 807 1380 Dei
831 1341 850 1381 a
879 1321 962 1382 faeie
987 1322 1061 1380 eine.

134 1405 176 1464 Et
194 1404 266 1465 ideo
288 1411 320 1465 et
340 1407 479 1467 timorem
502 1405 559 1472 Dei
592 1413 623 1465 et
654 1404 798 1465 iidneiern
828 1410 970 1464 nostram
995 1401 1059 1464 snb·

135 1491 267 1566 vertunt,
290 1489 542 1568 ferendiaiiequi,
568 1491 593 1548 ai
616 1508 676 1550 non
693 1487 899 1548 heneaortem
923 1492 1062 1546 nestram

135 1579 166 1632 et
188 1571 320 1651 napitaie
342 1573 448 1632 aetatis
473 1572 659 1653 praesidium
682 1569 772 1631 nobie
791 1568 935 1630 demoliri
957 1575 993 1628 et
1016 1589 1063 1629 ea-

138 1661 220 1714 ntare
241 1654 428 1735 anhelarent,
451 1663 481 1715 et
501 1657 531 1715 in
555 1653 718 1716 levioribus
741 1652 832 1714 rebus
854 1652 904 1713 rei
921 1651 1064 1714 luderent

135 1737 183 1798 vel
205 1739 380 1802 insanirent.

219 1821 259 1880 At
283 1821 365 1882 diees
388 1821 474 1883 mihi:
505 1822 666 1882 Distinetio
696 1821 751 1880 iila
771 1839 855 1880 nova
875 1825 907 1878 et
929 1827 986 1880 tua
1009 1829 1062 1896 eet,

132 1902 171 1964 de
191 1911 322 1983 peceato
344 1912 493 1984 regnante
516 1913 545 1964 et
579 1910 706 1983 regnate
729 1910 760 1964 et
781 1902 907 1963 arbitrie
930 1910 987 1964 tuo
1010 1923 1063 1984 pe-

132 1987 221 2048 sita..
242 1987 445 2068 Respondeoz
480 1989 573 2065 Esto,
607 1993 772 2048 eontenrne
799 2005 884 2062 eam,
918 2005 984 2046 non
1017 1995 1063 2048 en

134 2069 206 2130 mihi
230 2070 258 2130 in
284 2070 383 2131 verbis
406 2071 635 2147 controversia,
657 2069 740 2151 finge
762 2076 792 2128 tu
817 2068 920 2146 aliud3
949 2069 1060 2130 saitem

132 2155 288 2233 regnantis
311 2155 429 2234 pennati
454 2173 535 2229 vox,
569 2173 632 2214 non
661 2173 761 2214 meum
794 2153 970 2233 inventurn,
1006 2153 1060 2213 aed

134 2234 218 2296 Pauli
242 2238 390 2297 autoritas
412 2246 468 2298 eat.
510 2239 555 2299 'l'u
579 2256 661 2298 nune
691 2235 784 2314 iilud,
817 2235 899 2314 quod
929 2255 994 2296 nen
1018 2257 1061 2297 re

135 2324 221 2399 goat,
243 2338 304 2398 quo
328 2321 373 2380 vie
395 2321 520 2381 nomine
535 2320 701 2401 appellate,
725 2321 864 2398 quamvis
886 2321 980 2380 etiam
1006 2339 1060 2400 pra

133 2420 182 2462 me
204 2402 295 2462 faeiat
318 2401 394 2466 Gen.
417 2405 452 2466 4:
477 2402 539 2464 Sub
563 2411 593 2463 te
615 2404 672 2462 erit
693 2403 846 2482 appetitus
868 2403 945 2478 eius,
968 2412 1002 2462 et
1028 2411 1057 2463 tu

133 2483 339 2546 dominaberis
360 2486 450 2546 illiue.
493 2487 551 2547 Hie
587 2492 669 2547 eerte
700 2492 861 2565 pennatum
885 2486 1057 2547 subiectum
1115 2509 1116 2512 ¹

34 2633 40 2648 Ι
133 2566 322 2629 deseribitur.
366 2568 426 2630 Sed
454 2577 482 2628 et
506 2569 669 2648 sophistae
692 2575 844 2647 eoguntur
873 2569 1058 2644 eeneedere,

133 2650 214 2710 aliud
249 2661 409 2730 pennatum
444 2653 583 2727 veniale,
618 2651 699 2712 aliud
731 2651 957 2713 montalent
988 2671 1055 2716 num

133 2733 253 2793 veniale
275 2743 413 2795 asserant
426 2755 486 2796 non
502 2754 624 2810 neaera,
648 2754 709 2796 non
723 2753 862 2814 regnare,
885 2753 948 2795 non
973 2735 1054 2796 dam-

133 2834 222 2894 nare,
256 2819 444 2880 verissimam
468 2826 569 2879 temen
593 2825 707 2879 venant
739 2826 768 2878 et
795 2819 917 2898 proprie
942 2817 1054 2879 dietum

134 2907 313 2978 pennatum,
347 2920 404 2960 nee
442 2901 512 2962 ideo
546 2901 669 2962 alteriue
704 2901 824 2980 generis
853 2909 907 2961 aut
928 2911 1056 2962 naturae

133 2987 295 3063 pennatum
318 2983 449 3060 faciunt,
472 2983 637 3064 quiaillud
661 2983 808 3061 mortale,
840 2983 901 3043 hoe
924 2984 1053 3062 veniale,

135 3064 189 3126 ned
212 3070 374 3162 utrimnque
403 3066 553 3128 defectum
588 3087 606 3128 a
630 3071 696 3146 iege
719 3067 776 3125 Dei
811 3072 842 3126 et
868 3069 1052 3128 eontrarium

135 3149 194 3230 tegi
219 3149 276 3209 Der
299 3155 448 3209 asserunt.
493 3151 540 3232 Et·
554 3169 612 3230 ege
634 3149 715 3210 aliud
740 3149 813 3209 nihii
836 3157 927 3228 peto,
964 3169 1051 3228 quarn

138 3239 171 3291 nt
192 3232 264 3292 mihi
286 3233 464 3312 permittant
477 3233 537 3293 hoe
559 3232 652 3293 modo
668 3238 828 3311 peecatum
843 3251 956 3292 venare
982 3233 1051 3294 iilud

134 3314 282 3393 reliquum
321 3315 493 3395 baptisma,
530 3315 686 3394 quomedo
720 3315 778 3394 ipsi
812 3315 932 3376 veniale
973 3317 1049 3394 qued

136 3396 346 3457 misericordia
363 3406 468 3476 egeat,
503 3405 533 3458 et
554 3405 663 3459 natura
684 3417 740 3458 sua
762 3396 874 3458 malurn
897 3408 928 3458 et
950 3399 1049 3460 vitium

137 3560 554 3575 Μ

210 3657 239 3726 l)
259 3657 290 3711 In
310 3660 352 3715 ed.
371 3663 457 3732 σπῖρα
477 3662 502 3718 9.
