2254 4008
192 173 233 238 18
441 175 484 230 De
502 173 581 245 Capt.
600 175 699 244 Babyl.
715 174 856 230 Ecclesiae

190 329 350 410 apostolis,
367 335 399 388 ut
410 333 538 409 utraque
550 329 668 408 species
679 328 955 409 porrigaturlaicis,
976 330 1091 412 ideoque

113 480 118 489 ,
190 412 340 472 ecclesiae
361 411 497 472 relictum
520 411 642 490 iudicio,
665 410 735 490 quid
759 412 808 472 hio
829 412 999 473 faciendum
1020 418 1091 476 omit·

188 495 354 556 tendnmve
376 495 429 572 sit,
464 495 511 555 oui
544 513 670 555 necesse
692 496 731 554 sit
753 492 887 554 obedire.
942 496 1024 556 Haec
1042 498 1091 560 ille.

189 578 293 658 Rogas
316 577 404 656 forte,
426 596 505 656 quae
526 577 725 658 intemperiae
737 577 891 637 hominem
910 579 1032 658 agitent,
1051 590 1093 640 aut

189 668 407 740 contraquam
432 660 554 736 scribat,
578 680 646 720 cum
669 679 727 740 ego
752 679 813 720 non
838 661 1004 721 damnarim
1019 665 1092 722 unius

191 745 306 824 speciei
327 763 413 803 usum
438 752 468 803 et
490 744 638 805 ecclesiae
658 742 771 803 iudicio
792 741 965 821 reliquerim
998 747 1092 805 utrius·

187 845 247 906 que
280 846 366 886 usum
402 826 606 886 statuendum.
653 824 687 886 ld
714 824 797 905 qnod
825 831 855 886 at
882 827 949 906 ipse
980 836 1091 888 conatur

188 928 324 970 asserere
346 927 384 970 ao
406 911 474 989 ipso
496 918 603 972 contra
624 915 881 989 mepugnsturus.
911 909 1093 989 Respondes,

188 992 218 1052 id
252 1011 349 1072 genus
385 991 558 1073 disputandi
592 991 732 1052 omuibus
761 991 907 1052 familiare
943 1011 1023 1070 esse,
1053 997 1092 1072 qui

187 1083 295 1136 contra
317 1075 478 1135 Lutherum
502 1074 646 1150 scribunt,
668 1082 702 1134 ut
722 1074 782 1134 hoc
803 1082 944 1134 asserant
955 1073 1033 1154 quod
1051 1078 1092 1135 im-

187 1167 335 1239 pugnant,
357 1167 409 1218 aut
431 1157 642 1238 fingantquod
664 1159 852 1236 impugnent.
883 1155 935 1218 Sic
946 1156 1093 1237 sylvester,

189 1243 234 1302 sic
255 1241 384 1315 Flauius,
416 1242 461 1301 sic
482 1241 606 1318 Emser,
629 1241 673 1300 sic
694 1239 896 1301 Colonienses
925 1259 1044 1320 quoqne
1071 1251 1092 1302 et

186 1323 410 1401 Lovanieosea,
440 1344 458 1385 a
480 1343 608 1403 quorum
631 1325 754 1403 ingenio
777 1324 801 1380 si
825 1322 875 1382 hie
895 1323 990 1384 frater
1008 1343 1091 1384 reces-

185 1407 287 1482 sisset,
309 1413 416 1468 contra
437 1407 598 1467 Lutherum
621 1424 683 1466 non
705 1405 886 1486 scripsisset.

268 1489 328 1551 Sed
360 1489 472 1550 accidit
506 1490 575 1550 huic
603 1487 718 1550 homini
752 1488 865 1567 aliquid
897 1508 973 1568 prae
1000 1490 1111 1549 ceteris

187 1572 320 1655 felicius3
343 1592 412 1633 cum
426 1574 509 1632 enim
526 1580 608 1632 esset
629 1571 821 1651 probaturus,
844 1589 945 1650 neque
967 1589 1093 1652 praecep·

186 1662 250 1717 tum
272 1675 372 1736 neque
384 1655 566 1732 consultum,
588 1655 641 1715 sed
664 1653 787 1714 arbitrio
799 1654 952 1715 ecclesiae
973 1655 1092 1715 relietum

188 1741 281 1800 utrius
304 1741 417 1820 speciei
440 1758 538 1815 usum,
559 1737 676 1798 inducit
697 1736 884 1817 Scripturas,
906 1737 1017 1816 quibus
1036 1756 1092 1817 pro-

187 1822 248 1905 bet,
270 1831 436 1904 praecepto
451 1821 559 1883 Christi
581 1840 650 1882 esse
672 1840 762 1880 unam
784 1837 840 1900 pro
864 1820 950 1880 laicis
968 1828 1092 1881 statutam

186 1909 331 1986 speeiem.
381 1905 421 1966 Ut
453 1907 497 1966 sic
526 1912 637 1964 verum·
654 1904 707 1980 sit,
739 1920 821 1962 novo
847 1903 907 1964 hoo
934 1903 1092 1984 Scripturas

185 1989 360 2070 interprete,
383 2007 474 2048 unam
496 1989 630 2069 speciem
655 2005 717 2047 non
734 1991 944 2066 praeceptam,
970 1994 1001 2047 et
1021 1985 1093 2046 simul

185 2076 382 2152 praeceptam
412 2089 480 2130 esse
502 2091 520 2132 a
542 2070 672 2132 Christo.
717 2069 811 2129 Huius
833 2087 947 2149 genere
978 2070 1094 2149 disputa·

185 2156 278 2215 honis
300 2171 415 2229 novae,
438 2154 512 2229 scis,
534 2160 569 2212 nt
589 2153 750 2233 Lipeenses
773 2152 822 2212 isti
845 2152 997 2213 dialectici
1018 2171 1091 2233 pecu-

185 2237 298 2299 liariter
319 2241 451 2297 utantur.
496 2235 604 2296 Nonne
628 2241 659 2296 et
680 2235 802 2309 Elmser,
830 2253 899 2294 cum
925 2237 1029 2318 priore
1047 2254 1091 2294 suo

184 2319 290 2381 libello
311 2317 519 2399 profiteretur,
541 2337 609 2378 sese
632 2317 760 2378 candide
783 2318 821 2378 de
843 2337 893 2378 me
915 2319 1015 2399 loqui,
1035 2327 1093 2379 eta

186 2422 234 2464 me
256 2403 415 2464 convictus
445 2401 483 2462 de
509 2402 664 2463 teterrima
690 2400 806 2461 invidia
833 2400 995 2481 foedisque
1024 2421 1094 2460 men·

185 2485 291 2565 datiis,
312 2487 343 2547 in
354 2487 525 2568 posteriore
539 2504 588 2545 me
609 2483 818 2545 confutaturus
836 2492 999 2565 utrumqne
1014 2485 1094 2565 plana

186 2568 356 2645 confitetur,
378 2577 409 2629 et
431 2569 517 2648 nigro
541 2565 713 2628 eteandido
733 2568 837 2628 animo
855 2585 924 2629 sese
937 2568 1095 2648 scripsisse.

186 2653 289 2714 Bonus
311 2652 429 2712 scilicet
451 2653 504 2728 vir,
527 2658 560 2712 ut
581 2652 670 2712 nosti.

270 2734 330 2798 aed
353 2736 424 2796 andi
446 2740 583 2796 nostrum
596 2735 769 2814 speciosum
787 2735 1001 2815 spaciatorem,
1023 2731 1094 2813 apud

184 2837 274 2898 quem
303 2818 383 2878 idem
408 2825 455 2879 est
486 2817 643 2878 arbitrium
676 2817 826 2878 eeclesiae
848 2824 878 2878 et
907 2824 1093 2898 praeceptum

185 2902 306 2978 Christi,
327 2921 431 2963 rursus
452 2901 533 2961 idem
553 2908 750 2981 praeceptum
763 2899 874 2960 Christi
888 2909 918 2961 et
941 2918 1001 2961 non
1019 2917 1095 2980 prae·

184 2991 306 3066 captum
330 2983 450 3046 Christi.
494 2983 562 3060 Qua
584 2985 765 3044 dexteritate
789 2983 909 3062 probet,
930 3003 1022 3044 unam
1040 2990 1094 3042 tan-

184 3075 248 3128 tum
270 3068 404 3147 speciem
427 3068 523 3145 laicis,
543 3073 711 3147 praecepto
735 3067 862 3144 Christi,
884 3067 913 3126 id
937 3074 996 3144 est,
1029 3064 1093 3134 arhi-

185 3153 242 3211 trio
277 3151 442 3229 ecclesiae,
481 3150 623 3213 dandam.
677 3149 783 3210 Litoris
818 3152 897 3210 enim
931 3147 1092 3212 maiusculis

184 3235 286 3313 signat
306 3235 335 3292 in
364 3233 445 3293 hunc
474 3232 616 3294 modum:
646 3229 956 3294 FUNDAMENTUM
976 3229 1096 3293 lNth

184 3316 320 3377 ulsslna.
351 3315 470 3375 Deinde
490 3323 600 3376 tractat
621 3321 714 3394 capnt
735 3317 763 3379 6.
786 3315 912 3378 lohann.
934 3312 1095 3375 incredibili

185 3399 353 3477 sapientia,
385 3398 437 3457 uhi
458 3397 594 3457 Christus
624 3396 661 3456 de
689 3415 770 3477 pane
799 3399 878 3458 coeli
904 3405 934 3457 et
961 3397 999 3458 da
1024 3414 1097 3476 pane

187 3481 283 3560 vitae,
318 3480 370 3559 qui
405 3485 452 3539 est
472 3481 555 3559 ipse,
584 3479 726 3558 loquitur.
770 3479 856 3555 Quae
887 3480 978 3541 verba
1010 3479 1097 3539 homo

188 3561 381 3622 doctissimus
403 3561 570 3622 nonmodo
593 3562 630 3621 ad
653 3560 1099 3636 sacramentumaltaristrahit,

186 3662 291 3707 rerum
312 3651 343 3705 et
365 3644 426 3705 hoc
446 3642 529 3722 iacit,
550 3646 593 3720 ut,
612 3644 684 3721 quia
705 3643 840 3705 Christus
863 3645 998 3706 dixerat:
1035 3644 1100 3723 bigo
