2252 4006
249 159 356 216 Rullum
374 160 805 242 Lsou.1.dsmust.a.:1d20.
921 157 982 226 221
1085 165 1093 178 '

311 398 549 460 Trioesinrus
578 400 736 460 tertius:

125 533 304 594 Haeretioos
327 511 464 592 ¹oomburi
497 543 542 592 est
571 542 679 594 eontra
708 532 897 592 voluntatem
927 532 985 612 spi·

124 619 208 678 ritus.

144 731 279 794 Primum
303 732 341 792 ab
363 734 552 812 experientia
580 734 672 793 totius
696 732 847 792 eeclesiae
875 731 985 811 probo,
1079 749 1083 752 ·

61 833 142 894 quae
165 813 204 875 ab
226 816 312 876 initio
335 817 380 875 sui
404 832 501 894 usque
523 817 583 876 huo
598 816 713 877 nulium
726 814 894 876 combussit
916 814 985 876 hae-

60 900 200 977 retioum,
223 917 281 958 neo
302 898 468 978 aliquando
491 897 659 961 comburet.
702 899 809 959 Mirum
822 905 923 958 autem
941 917 985 958 es·

61 987 123 1059 set,
138 981 177 1040 in
206 988 252 1042 tot
278 983 389 1042 seculis
417 1001 479 1042 oon
511 1001 580 1044 esse
601 982 720 1062 aliquos
744 981 937 1058 combustos,
960 982 984 1040 si

60 1063 207 1126 voluntas
229 1066 351 1144 spiritus
374 1065 435 1125 hoo
458 1065 613 1128 voluisset.
656 1066 699 1126 At
720 1063 822 1126 disent
836 1064 984 1126 Constan-

60 1147 137 1207 tise:
160 1145 313 1208 Iohannes
335 1147 415 1208 Huss
437 1157 468 1208 et
489 1147 694 1229 Hieronymus
718 1149 755 1208 de
773 1147 872 1226 Praga
885 1149 986 1208 exusti

60 1238 142 1292 sunt.
187 1229 390 1310 Respondent
422 1230 492 1311 Ego
514 1230 553 1292 de
574 1231 737 1293 haereticis
760 1231 884 1310 loquor,
914 1249 986 1290 nam

60 1313 230 1374 iohannem
259 1313 340 1374 Huss
364 1322 395 1374 et
421 1313 660 1395 Hieronymum,
691 1316 773 1376 viros
805 1314 985 1392 catholicos,

60 1395 299 1458 combusserunt
320 1398 464 1458 haeretiei
483 1399 542 1478 ipsi
566 1406 596 1459 et
618 1407 778 1478 apostatae
799 1406 830 1458 et
846 1396 986 1458 antichri-

60 1480 98 1540 sti
123 1478 281 1560 discipuli,
303 1489 336 1540 ut
358 1501 398 1541 ex
425 1482 566 1562 superius
595 1480 683 1542 dietis
712 1487 804 1560 patet.
848 1479 984 1556 Quorum

60 1563 240 1643 exemptum
263 1569 294 1625 ei
320 1564 403 1624 multi
426 1564 477 1624 aiii
503 1563 677 1626 homicidae
707 1564 816 1626 imitati
836 1565 866 1624 in
890 1563 986 1624 diver-

60 1646 103 1706 sis
126 1646 205 1706 ioois
234 1654 358 1710 sanctos
388 1646 499 1708 Christi
528 1657 712 1708 exusserunt
740 1657 770 1708 et
798 1646 986 1723 oooiderunt,

58 1730 140 1789 inter
163 1747 241 1808 quos
263 1728 470 1811 Hieronymus
493 1729 685 1792 Soranorola
706 1749 776 1790 oum
798 1732 861 1790 suis
884 1749 986 1792 nume·

57 1811 173 1874 raudus
198 1811 325 1877 videtur.

145 1893 289 1956 Secundo
313 1915 353 1957 ex
374 1896 524 1976 scriptura
547 1897 629 1958 Hesi.
652 1895 697 1961 2.:
721 1895 906 1958 Conflabunt
922 1896 985 1976 gla-

59 1979 129 2040 dios
158 1997 232 2040 suos
259 1979 290 2039 iu
324 1997 464 2041 vomeres
497 1986 528 2040 et
555 1979 680 2040 lanoeas
713 1999 785 2042 suas
815 1981 847 2040 io
880 1979 985 2042 falces.

58 2061 209 2123 Eiusdem
233 2062 285 2125 11:
307 2061 377 2122 Non
399 2062 551 2141 oooident,
565 2069 596 2124 et
617 2082 679 2123 noo
701 2062 858 2124 nocebunt
877 2065 907 2122 iu
924 2065 986 2124 uni·

58 2163 151 2205 verso
176 2153 409 2207 montesancto
432 2165 511 2208 meo.
555 2145 595 2206 Et
617 2146 753 2208 Christus
776 2146 925 2226 apostolis
943 2148 985 2207 ui·

60 2228 103 2288 hil
125 2247 237 2308 prosus
250 2246 405 2290 armorum
427 2229 590 2308 commisit,
604 2248 663 2290 neo
684 2230 775 2291 aliam
786 2249 918 2310 poenam
932 2231 985 2292 im·

59 2313 182 2392 posuit,
208 2330 299 2392 quam
322 2319 355 2372 ut
376 2311 537 2374 haberetur
564 2331 621 2394 pro
644 2312 784 2390 ethnioo,
816 2315 866 2393 qui
889 2314 985 2374 eoois

60 2397 138 2454 siam
162 2413 224 2456 noo
249 2395 376 2474 audiret,
398 2394 502 2458 Matth.
527 2396 574 2462 18.
618 2395 657 2457 m
679 2396 855 2478 apostolus,
877 2397 935 2459 Tit.
956 2396 985 2476 3,

60 2479 249 2539 haereticum
273 2478 429 2540 hominem
452 2479 540 2540 vitari
564 2478 666 2557 doust,
687 2498 749 2541 non
779 2479 877 2561 oooidi
899 2481 987 2541 iussit

61 2563 155 2621 annis
177 2562 228 2622 vel
249 2563 330 2642 igne.
374 2561 414 2622 Et
430 2561 468 2621 ad
486 2562 621 2625 Gorindr.
638 2561 725 2623 dioit:
743 2562 873 2644 Oportet
883 2564 986 2625 haere-

61 2659 110 2704 ses
135 2664 215 2720 esse,
238 2653 280 2722 ut,
302 2646 353 2724 qui
377 2645 498 2725 probati
521 2653 601 2724 sunt,
624 2647 775 2707 manifesti
798 2645 881 2708 flent.
925 2647 985 2708 Sed

61 2729 133 2808 quid
162 2728 214 2788 hio
242 2728 339 2805 diost,
372 2727 496 2790 domine
521 2730 727 2808 sanctissime,
760 2731 905 2791 sanctitas
939 2751 986 2791 ve-

62 2811 147 2872 stra?
191 2811 263 2878 Lus.
291 2814 337 2893 9.,
375 2811 427 2873 ubi
462 2812 601 2892 disoipuii
636 2812 782 2874 volebant
807 2815 909 2894 iguem
948 2815 986 2875 de

65 2895 154 2956 oselo
179 2893 330 2956 deducere
353 2904 383 2957 st
398 2896 551 2956 civitatem
565 2895 703 2976 perdere,
719 2900 910 2976 oompesouit
931 2916 986 2960 eos

63 2979 215 3056 Christus,
237 2978 356 3040 diosus:
380 2977 522 3057 Nesoitis,
546 2980 631 3040 ouius
664 2980 786 3059 spiritus
816 2979 869 3042 filii
896 2980 986 3042 sitis?

63 3062 132 3122 Non
156 3061 240 3122 venit
260 3060 353 3122 Filius
380 3061 513 3132 hominis
536 3063 654 3124 animas
677 3062 815 3142 perdere,
844 3063 897 3126 sed
927 3063 985 3124 sal·

64 3164 146 3206 vare.
181 3143 260 3206 4Ηοο
279 3151 336 3224 est,
358 3144 440 3224 quod
463 3153 493 3205 et
516 3163 574 3225 ego
598 3146 660 3206 dixi
689 3152 719 3206 et
743 3144 831 3226 dieo,
865 3147 985 3210 Christo

65 3229 212 3309 magistro
246 3247 316 3302 eos,
336 3229 388 3308 qui
408 3229 481 3308 igne
502 3235 740 3308 persequuntur,
762 3228 902 3291 homines
924 3249 987 3290 non

65 3331 135 3374 esse
157 3311 229 3372 boni
252 3312 375 3391 spiritus
397 3309 486 3373 fliios.
529 3311 623 3374 Ouios
645 3311 739 3374 tuno?
761 3313 833 3374 mali
854 3315 986 3393 spiritus,

66 3397 115 3474 qui
134 3401 201 3456 erat
220 3394 377 3456 homicida
398 3394 436 3455 ab
456 3396 553 3459 initio.
1040 3402 1044 3410 ‘

149 3477 286 3540 Christus
309 3496 371 3538 oon
395 3476 491 3538 voluit
511 3479 541 3538 vi
569 3484 599 3538 et
620 3479 693 3558 igne
714 3495 827 3557 cogere
847 3479 987 3539 homines

67 3561 104 3622 ad
126 3560 228 3624 fidem.
272 3561 367 3622 Dedit
386 3559 426 3622 ob
447 3561 478 3621 id
501 3560 636 3642 gladium
659 3560 796 3642 spiritus,
819 3562 903 3621 utin
925 3560 987 3622 hoo

68 3653 256 3728 pugnarent,
283 3646 334 3727 qui
361 3646 407 3706 sui
436 3646 559 3726 spiritus
593 3643 745 3706 filiisunt.
790 3645 831 3706 At
851 3643 986 3725 gladium
