2250 4008
155 159 216 230 456
447 159 607 226 contundo
626 160 792 262 lutherius

155 316 245 382 sset?
278 334 346 378 eum
368 313 486 400 dgnrue
507 317 658 384 eiusmodi
684 319 745 382 sint
774 319 805 380 in
834 316 958 380 srbitrio
988 318 1070 376 nten-
1110 297 1111 322 ¹

157 402 249 477 tium,
270 419 335 478 seu,
358 406 391 462 nt
412 407 542 481 vooent,
563 401 602 464 ed
624 401 792 483 plenitum?
824 401 909 464 Siout
928 399 1071 464 nonum

156 483 262 548 dooet:
297 483 418 548 Dixeris
450 487 589 567 egregie,
624 494 730 548 nolum
760 486 786 548 si
806 483 930 554 .osllids
947 481 1072 544 verbnm

32 617 38 626 .
155 565 322 630 reddiderit
342 567 484 630 iuneture
504 587 628 632 novum.
671 568 814 650 Exempli
836 587 950 646 oeuso,
978 565 1072 628 vexil-

40 723 42 732 Α
156 651 217 712 lum
240 669 332 713 nemo
354 670 416 714 non
438 651 569 732 simplex
598 651 782 714 roosbnlum
805 653 898 714 duoit.
943 651 984 712 st
1006 667 1073 710 oum

158 733 278 810 dixero,
301 732 446 833 vexillum
469 737 587 816 orueis,
608 743 659 797 eut
679 736 824 798 vexillum
848 735 951 813 verbi,
970 750 1073 830 ⁸nemo
1111 700 1112 784 i

156 817 819 983 tl,tssffllttlttnt‘llltlllt
844 838 885 964 2?
906 823 1075 980 tritt?

156 985 238 1065 prins
260 983 500 1065 signideetiones
522 984 639 1061 tenere,
666 987 735 1066 quis
757 987 813 1048 erit
834 984 926 1046 fluis?
961 983 1076 1044 soilioet

156 1066 227 1130 ideo
255 1066 286 1128 in
317 1066 418 1130 lexioo
449 1067 582 1131 scribes:
620 1069 774 1132 Vexillum
796 1067 963 1148 eliquendo
986 1067 1076 1147 signi·

157 1150 231 1214 dost
243 1169 365 1212 eruoem
379 1153 570 1232 propositum
581 1160 611 1213 et
623 1151 825 1234 Evangelium
840 1149 1076 1233 praedicatum?

156 1233 277 1296 Persius
300 1251 396 1315 oeepe
428 1235 597 1297 tuniostum
621 1241 728 1312 voest,
757 1254 830 1316 ergo
858 1231 1077 1300 seribendum?

156 1316 248 1392 Note,
271 1317 375 1380 tuniou
395 1317 549 1398 signiiiest
569 1319 713 1380 eortioem
736 1337 862 1399 ooepse.

240 1397 373 1462 Proinde
395 1400 467 1462 milri
490 1399 690 1464 Hebraeietee
711 1401 754 1463 illi
776 1421 839 1464 non
861 1401 1003 1483 pleeent,
1027 1400 1076 1479 qni

157 1489 204 1546 tot
225 1483 276 1544 uni
298 1483 392 1546 verbo
408 1483 648 1565 significationes
661 1483 785 1562 looiunt,
807 1485 976 1546 oeoesione
988 1481 1075 1544 Ghol-

158 1566 315 1628 deioorum
336 1567 465 1628 istorum
488 1567 598 1629 Onkeli
621 1575 650 1628 et
671 1567 833 1644 lonethee,
862 1585 995 1648 quornm
1018 1565 1077 1626 lroe
1113 1562 1114 1644 l

158 1649 314 1730 negotium
337 1649 431 1714 fuisse
452 1648 586 1726 videtur,
609 1659 642 1712 ut
662 1671 719 1731 eo,
748 1671 827 1732 quse
848 1650 1008 1730 Soripturs
1030 1669 1077 1708 ve·

158 1732 342 1796 nnstiesimis
377 1741 408 1794 et
445 1734 645 1796 ornatissimis
679 1733 784 1831 figuris
816 1733 988 1816 eloquitur,
1022 1751 1076 1812 pro

157 1814 281 1880 rudibus
305 1821 469 1892 exuerent,
504 1823 535 1877 et
557 1836 663 1880 oresso
690 1817 881 1898 simplicique
902 1813 1076 1896 significeto

157 1897 322 1962 truderent.
364 1899 444 1960 Hine
466 1903 557 1962 netes
578 1900 648 1962 illes
670 1921 708 1962 se
730 1901 943 1964 nivoeotiones
966 1901 996 1958 in
1019 1899 1076 1958 iste

158 1982 264 2064 lingue
284 1983 349 2046 sine
371 2001 475 2060 oense,
497 1989 529 2046 et
550 1983 701 2063 quaedem
709 1920 915 2065 ql3ebyloniou
936 1981 1075 2044 eoniusio
1114 1994 1115 2048 l

158 2065 326 2128 verborum
373 2066 448 2128 Miro
470 2067 550 2128 enim
567 2066 749 2146 dispergitur
769 2074 802 2129 et
822 2065 1027 2147 intelligentie
1047 2073 1075 2124 et

158 2151 277 2210 unimus
298 2150 357 2210 iste
380 2150 544 2225 verietate,
574 2149 624 2210 ubi
656 2151 680 2210 si
702 2170 762 2212 nno
784 2149 914 2229 simpliei
936 2147 1073 2231 (quoties

157 2231 223 2292 fleri
254 2231 374 2314 potest)
405 2231 628 2313 significatione
655 2235 815 2316 proposito
848 2237 969 2293 eeteros
997 2229 1073 2290 illins

157 2315 307 2396 inregines
330 2321 361 2375 et
381 2313 494 2394 ligures
515 2315 602 2377 iuxte
622 2319 772 2397 posueris,
794 2313 918 2397 pleoido
941 2321 973 2374 et
996 2311 1073 2374 iooili

158 2397 227 2458 sinu
250 2415 372 2458 omnem
388 2396 471 2458 illem
487 2397 699 2462 confusionem
713 2399 851 2482 eolliges,
872 2405 936 2459 tum
958 2406 992 2458 et
1015 2415 1072 2456 me

160 2480 288 2542 moriem
310 2486 341 2540 et
361 2479 594 2560 intelligentium
612 2483 720 2544 mirum
742 2484 775 2544 in
797 2481 922 2544 nodum
945 2478 1073 2556 invsbis,

158 2581 216 2624 nee
236 2565 337 2627 minus
364 2563 498 2624 animum
522 2565 612 2626 simul
641 2565 816 2628 duleissimo
846 2563 1007 2646 voluptate
1027 2582 1071 2624 os·

157 2647 235 2727 pies.
276 2646 391 2710 Neseio
415 2647 514 2726 enim,
535 2666 615 2726 quee
637 2650 676 2710 sit
695 2647 861 2729 dgurornm
883 2647 1023 2726 energie,
1044 2653 1073 2706 ut

44 2745 51 2756 ·
157 2736 220 2790 tem
242 2735 384 2810 potenter
399 2730 512 2792 intrent
528 2737 559 2792 et
575 2731 719 2808 aifloisnt,
739 2731 783 2792 ite
803 2737 837 2792 ut
856 2731 959 2794 omnis
980 2729 1070 2790 horno

158 2818 267 2874 nature
289 2819 320 2873 et
343 2809 447 2874 eudire
463 2819 494 2873 et
515 2813 597 2894 loqui
620 2815 733 2894 gestiet
753 2813 891 2895 ligureto.

240 2893 351 2956 Nonne
374 2894 468 2956 multo
492 2894 608 2958 duloius
636 2901 740 2958 sonet:
771 2896 856 2958 Coeli
866 2894 906 3040 ’ἒ
930 2901 1071 2959 enarrent

157 2977 286 3060 gloriam
309 2976 376 3052 Dei,
398 2996 488 3056 quem
511 2978 607 3040 istud:
645 2981 670 3040 A
695 2979 787 3042 ostoli
810 2997 883 3061 pree
906 2980 991 3040 inunt
1012 2996 1072 3038 ver-

158 3060 229 3122 bnm
253 3059 331 3120 Dei?
352 3058 392 3120 llt
412 3060 536 3138 quondo
558 3062 660 3124 lloses
674 2999 764 3126 irem
779 3064 809 3126 d.
831 3061 904 3126 dioit
925 3061 966 3124 de
987 3060 1072 3122 nstris

158 3162 219 3206 nnn
243 3140 423 3204 edorendis:
455 3141 501 3204 Ne
524 3143 601 3206 forte
628 3143 739 3209 ederes
767 3165 821 3222 ee,
855 3163 938 3226 queo
960 3144 1072 3206 oreerit

159 3226 308 3286 Dominus
319 3224 403 3286 Deus
426 3231 494 3286 tuus
517 3227 546 3287 in
570 3229 769 3292 ministerium
781 3229 899 3304 eunetis
943 3225 1072 3302 entibus,

158 3327 239 3388 queo
265 3307 322 3372 sub
356 3305 445 3370 eooio
481 3318 559 3370 sunt.
615 3310 648 3373 si
679 3312 841 3374 hebreeum
869 3247 998 3374 verdum
1020 3329 1071 3371 sus

35 3389 41 3404 ⁸
158 3390 353 3471 simplieitete
373 3388 484 3452 reddes
506 3391 643 3454 involute
667 3396 862 3478 metephqre,
894 3399 979 3456 oerte
1001 3392 1070 3455 nihil

162 3561 251 3569 -ι--.-.
466 3563 577 3572 ..ι-Μ

232 3654 263 3722 ·)
284 3657 354 3712 rso.
370 3637 419 3712 le.
