2258 4002
71 221 75 226 Ι
121 135 182 205 136
346 135 488 194 Adversus
508 136 708 194 exsecrabilem
721 137 827 196 actum

120 295 210 357 scitia
233 293 400 358 antichristi
424 293 512 356 huius
525 311 654 356 sumam.
686 293 855 374 Apostolus
882 293 965 356 cuim
986 293 1039 356 Pe·

121 385 184 439 trus
207 377 349 456 mandat,
371 382 402 438 ut
424 375 463 437 ds
485 395 539 454 sa,
561 395 641 456 quas
662 377 694 436 in
717 377 806 438 nobie
828 383 891 456 sst,
922 375 985 438 fids
1011 383 1041 437 et

121 462 348 543 sperationem
372 458 498 521 reddere
520 460 619 540 parati
642 460 746 520 simus.
789 460 829 520 hit
843 461 957 524 Paulus
980 459 1040 539 epi·

121 563 250 624 scopum
273 543 357 604 iubet
379 562 448 604 esse
469 546 626 623 potentem
654 543 809 604 exhortari
841 544 872 604 in
902 542 1042 606 doctrina

122 646 208 704 sena,
230 634 261 688 st
283 626 527 688 contradicentes
552 625 746 705 redarguere.
769 625 871 705 Atque
883 626 963 687 haec
975 626 1045 706 ipsa

122 718 201 785 sunt,
223 727 301 790 quae
323 711 383 770 iarn
407 711 438 770 in
463 709 583 768 tertium
606 727 720 768 anuum
743 708 910 789 efflagitavi
938 715 970 769 st
993 727 1044 768 ex·

121 794 298 874 spectaris
320 792 430 870 Roma,
452 801 507 852 aut
526 792 571 868 iis,
596 792 934 873 quichramsapiunt.
956 790 1045 868 Quae

122 884 155 937 et
175 874 339 937 observata
360 875 491 954 legimus
519 875 551 934 in
582 875 715 953 antiquie
741 874 882 936 Patribus
916 873 1044 955 diligen·

123 959 249 1037 tissime,
271 958 391 1038 quoties
412 956 556 1018 haereses
586 956 776 1019 damnarent.
809 956 870 1020 Sed
892 976 953 1018 nso
972 975 1046 1038 apo·

123 1042 194 1104 stoli
216 1041 373 1122 quippiam
395 1040 425 1099 in
448 1040 511 1100 suis
535 1039 675 1100 conciliis
697 1047 877 1117 statuerunt,
900 1040 960 1102 cisi
974 1039 1045 1100 alle-

124 1131 198 1206 gata
220 1125 350 1204 primum
374 1122 532 1203 Scriptura
552 1129 668 1183 sancta.
696 1122 742 1184 lta
764 1131 792 1184 et
815 1142 874 1204 ego
897 1142 969 1184 cum
993 1143 1046 1183 sx-

125 1214 309 1288 spectarem,
332 1213 365 1268 ut
385 1206 521 1266 fecerent
544 1224 635 1283 uvas,
657 1204 834 1286 Scripturas
862 1206 1048 1266 testimoniis

123 1310 172 1352 me
195 1289 363 1360 erudituri,
392 1307 467 1350 eccs
494 1289 631 1348 iecerunt
653 1287 826 1366 labruscas,
847 1290 911 1350 suis
944 1287 1049 1368 verbis

122 1373 211 1434 nudis
232 1392 283 1440 me
304 1370 556 1449 condemnantes,
580 1390 650 1432 cunr
667 1378 713 1434 tot
724 1390 785 1452 ego
799 1371 964 1452 Scripturis
976 1390 1047 1432 nrec

123 1475 292 1518 munrerrm.

205 1539 294 1620 Rogo
318 1545 364 1613 te,
386 1536 561 1598 antichriste
583 1535 807 1614 indoctissime‚
830 1536 951 1600 adsone
974 1554 1048 1598 con-

122 1622 248 1684 iunxisti
271 1640 341 1682 cum
365 1639 485 1680 summa
516 1619 638 1680 inscitia
660 1638 810 1680 summam
829 1620 1046 1698 temeritatem,

123 1710 157 1765 ut
178 1723 390 1786 praesumeres
419 1721 527 1764 omnes
558 1701 699 1763 homines
722 1722 791 1764 scas
823 1703 853 1762 in
886 1711 1046 1782 stuporem

122 1806 247 1864 versos,
263 1793 295 1847 st
317 1794 347 1847 te
368 1784 458 1847 nudis
480 1786 539 1846 tuis
555 1783 655 1846 verbis
678 1792 786 1846 contra
808 1786 1047 1847 armatissimam

122 1871 310 1951 Scripturam
332 1868 518 1948 triumphare
540 1867 734 1928 credituros?
756 1888 795 1928 au
819 1868 950 1928 didicisti
964 1868 1049 1928 hunc

122 1973 238 2016 morsm
266 1947 432 2014 damnandi
458 1970 476 2011 a
504 1948 785 2032 magistralitatibus
808 1949 1048 2013 coloniensibus

123 2044 153 2114 et
175 2034 427 2098 Loracisnsibus.

204 2117 237 2180 Si
257 2118 319 2180 hoc
332 2125 377 2178 est
389 2115 598 2178 ecclesiastice
609 2114 756 2178 damnare
770 2133 900 2194 errores,
923 2121 1045 2176 tautum

120 2200 232 2262 dicere:
254 2221 314 2263 con
327 2201 440 2279 placet,
455 2217 547 2279 nego,
565 2216 625 2259 non
639 2199 728 2276 roto,
750 2199 817 2279 quis
831 2197 952 2260 morio?
975 2199 1046 2278 quis

121 2283 246 2346 asinus?
267 2303 347 2364 quae
369 2281 473 2362 talpa?
495 2281 562 2360 quic
576 2282 670 2361 stipes
693 2300 754 2343 non
767 2280 1046 2360 queatdamnars?

122 2367 191 2428 Non
216 2365 357 2447 pudescit
377 2365 462 2426 frons
484 2370 536 2424 tua
558 2363 739 2438 meretricia,
762 2371 794 2424 ut
807 2365 852 2425 sic
872 2365 902 2424 in
918 2363 1045 2444 publico

122 2448 332 2512 ecclesiastico
347 2448 471 2523 audeas,
481 2445 623 2508 inanibus
638 2446 865 2526 inermibusque
878 2445 1045 2508 verborum

122 2538 243 2594 tuorum
265 2532 355 2593 fumis
378 2529 589 2592 contradicere
612 2529 790 2593 coelestium
813 2528 976 2590 verborum
989 2529 1046 2590 iul·

121 2614 275 2676 minibus?
304 2614 398 2676 Piens
420 2611 641 2674 dedecorosam
665 2621 695 2674 st
718 2611 843 2693 diguam
864 2612 1046 2673 antichristo

122 2691 423 2772 condemnationem,
446 2713 526 2775 quas
548 2703 593 2756 tot
616 2693 682 2757 Scri
706 2697 789 2772 turis
803 2695 1046 2776 sibirspugnan·

120 2779 202 2840 tibus
225 2799 263 2841 na
286 2781 349 2841 iota
361 2779 483 2860 quidem
496 2776 598 2852 habet,
612 2715 856 2860 quodopponat,
879 2777 933 2838 ssd
950 2779 1045 2840 unico

123 2861 216 2926 serbo
239 2863 381 2942 occurrit,
404 2862 522 2922 dicens:
545 2861 613 2940 Ego
627 2861 748 2924 damno.
778 2861 1044 2923 OurTurcaenon

122 2945 298 3006 credimus?
327 2945 389 3007 Gur
409 2944 540 3005 ludaeos
563 2963 625 3004 rrorr
649 2943 857 3006 admittimus?
890 2943 951 3006 Gur
972 2943 1047 3004 has·

120 3029 233 3088 reticos
255 3047 317 3088 noc
339 3025 549 3088 honoramus?
571 3027 623 3104 qui
646 3028 750 3108 stipsi
768 3025 1045 3100 nostradamnant‚

120 3110 145 3170 ci
169 3108 280 3170 sufficit
300 3109 469 3171 damnare?
490 3108 548 3168 uisi
570 3108 640 3170 ideo
664 3126 725 3171 corr
739 3107 948 3187 siscsdimca‚
971 3109 1045 3188 quia

123 3211 183 3254 non
207 3193 273 3252 sine
291 3191 454 3274 seripturis
475 3197 506 3250 et
528 3191 697 3252 rationibus
721 3211 778 3255 nos
801 3192 957 3253 damnant.
979 3191 1043 3272 Ipsi

33 3351 39 3356 ι
121 3294 195 3354 sero
219 3294 305 3336 more
326 3294 409 3337 novo
437 3276 504 3334 sins
525 3271 689 3354 Scripturis
712 3283 742 3335 et
764 3273 933 3338 rationibus
957 3272 1043 3335 dam-

123 3376 241 3424 namus.
274 3356 354 3435 Quid
378 3376 452 3436 crgo
475 3357 505 3414 ic
528 3373 623 3418 causa
644 3357 738 3419 fuisse
760 3356 896 3435 arbitrer,
918 3363 950 3416 ut
965 3356 1045 3418 haec

99 3696 101 3700 .
157 3624 188 3689 ,1)
223 3623 255 3676 in
273 3625 316 3680 sd.
334 3624 414 3680 Ject
433 3625 486 3680 dat.
