2258 4002
151 197 214 267 108
407 201 839 273 ⁸os(rauranum.russiana

150 359 282 438 gamiarn
306 356 477 438 siguificare
499 356 642 440 sumus),
664 357 721 420 scd
742 356 907 440 digamiam
928 357 1076 438 iuterpre

150 442 205 504 tati
228 447 317 517 sunt,
339 441 363 501 si
384 442 450 520 quis
480 438 556 502 duas
578 442 753 502 successive
774 442 906 521 virgines
929 439 1079 513 duxisset,

153 530 205 586 aul
218 524 313 584 semel
323 524 454 584 viduam.
477 525 542 586 imo
553 525 747 586 sanctissima
759 525 818 586 ista
829 525 977 586 sanctitas
987 525 1078 586 huius

150 607 449 669 sacrosacratissimi
469 609 662 669 sacramenti·
681 615 797 671 lantum
826 609 923 686 valet,
951 615 994 669 ‘ut
1020 626 1079 671 nec

101 691 107 699 “
151 691 338 752 sacerdotati
368 692 480 772 possit,
515 691 566 769 qui
600 691 748 771 virginem
786 691 920 770 duxerit,
954 693 1078 752 vivente

150 775 257 836 eadem
282 793 388 836 uxore.
433 774 479 834 Ac
501 779 533 836 ul
554 793 704 835 summum
728 774 881 854 fastigium
904 775 1077 836 sanictitatis

150 859 290 938 attingat,
313 858 403 918 eliam
425 857 451 918 is
469 863 588 918 arcetur
610 876 628 917 a
649 857 832 938 sacerdotio,
856 859 906 937 qui
928 859 1078 937 ignoraus

148 949 180 1001 at
201 961 303 1001 merae
324 939 508 1001 infelicitatis
531 959 605 1001 casu
619 948 793 1022 corruptam
816 941 964 1021 virginem
982 940 1078 1001 doxa·

148 1025 195 1088 rit.
240 1025 281 1086 At
300 1024 327 1083 si
350 1031 513 1084 sexcentas
526 1024 700 1084 meretrices
722 1023 876 1105 polluerit,
897 1030 949 1084 aut
963 1030 1079 1084 matro-

150 1126 206 1167 nas
237 1126 275 1167 ac
302 1107 436 1186 virgines
466 1106 617 1186 quaslibet
646 1108 866 1186 constuprarit,
902 1113 955 1168 aut
983 1106 1078 1168 etiam

150 1188 347 1270 Ganymedes
371 1189 482 1250 multos
505 1189 629 1266 aluerit,
651 1189 724 1250 nihil
747 1189 955 1270 impedimenti
976 1188 1079 1266 luerit,

150 1273 199 1333 vel
222 1274 400 1353 episcopum
425 1272 471 1332 vel
491 1273 688 1352 cardinalem,
711 1273 758 1332 vel
781 1292 892 1353 papam
907 1293 975 1333 eum
1001 1273 1078 1336 lieri.

149 1357 226 1416 Tum
248 1355 323 1416 illud
347 1356 506 1435 Apostoli,
532 1355 628 1416 Unius
651 1357 756 1416 uxoris
778 1358 838 1434 vir,
861 1357 907 1416 sic
927 1357 1077 1437 interpre-

149 1440 208 1500 tari
232 1444 368 1517 oportet,
390 1438 420 1498 id
443 1446 505 1513 est,
528 1439 616 1500 unius
638 1439 788 1503 ccclesiae
809 1439 982 1520 praelatus,
1006 1438 1079 1500 iude

149 1521 391 1602 incompatibilia
412 1529 573 1592 manarunt
594 1521 753 1596 beneficia,
775 1523 832 1583 nisi
855 1542 936 1603 papa
954 1523 1079 1604 dispen-

150 1612 234 1666 sator
256 1603 435 1685 magnificus
463 1607 514 1665 uni
538 1612 614 1680 tres,
644 1605 766 1685 viginti,
790 1613 911 1668 centum
950 1625 1079 1682 uxores,
1121 1671 1122 1676 γ

150 1687 181 1748 id
204 1694 259 1762 est,
282 1688 429 1747 ecclesias
453 1688 600 1769 copulare
623 1689 762 1766 voluerit,
784 1689 915 1768 pecunia
937 1689 986 1750 vel
1012 1708 1080 1770 gra·
1121 1709 1122 1714 ¹

147 1772 190 1832 tia
212 1777 382 1850 corruptus,
404 1770 465 1832 hoc
486 1777 542 1842 est,
564 1771 615 1850 pia
637 1773 763 1832 caritate
784 1776 901 1850 motus,
924 1777 956 1834 st
976 1772 1079 1834 eccle·

147 1855 260 1914 siarum
285 1853 489 1914 sollicitudine
512 1854 675 1916 districtus.
1121 1917 1122 1922 ,

229 1937 255 1998 Ο
281 1937 390 2016 dignos
413 1936 586 2016 pontifices,
608 1937 668 1998 hoo
689 1937 855 1998 venerabili
877 1945 1076 2000 sacramento
1121 1939 1122 2000 ἶ

146 2019 277 2092 ordinis,
308 2021 502 2100 aprincipes
530 2039 590 2081 uon
620 2020 838 2082 catholicarum
862 2021 1078 2096 ecclesiarum,

146 2102 200 2163 sed
238 2103 442 2163 satanicarum
481 2122 728 2183 synagogarum,
771 2104 834 2164 imo
867 2103 1076 2165 tenebrarum.

145 2184 233 2245 Libet
254 2185 305 2244 hic
333 2205 401 2246 cunr
429 2185 510 2246 Isaia
531 2186 679 2260 clamare:
708 2183 811 2247 Osiri
833 2187 992 2261 illusores,
1024 2189 1075 2266 qui

146 2265 345 2336 donu'namini
368 2288 459 2348 super
480 2269 626 2349 populum
651 2289 769 2348 meum,
798 2271 848 2349 qui
877 2277 923 2330 cst
947 2271 977 2331 in
1004 2270 1076 2330 Hie·

144 2350 295 2427 ruralem,
317 2358 348 2411 et
368 2351 441 2411 illud
465 2351 570 2415 Amos.
594 2354 626 2416 6:
650 2351 716 2414 Vae
739 2352 836 2428 vobis,
858 2355 908 2432 qui
932 2353 1074 2433 opulenti

146 2434 220 2494 estis
244 2435 274 2493 in
298 2433 385 2510 Zion,
408 2442 438 2494 et
461 2433 612 2494 confiditis
634 2435 663 2494 in
688 2443 791 2496 monle
814 2435 985 2508 Samariae,
1021 2455 1075 2516 op·

146 2516 282 2595 limatas,
312 2518 413 2596 capita
435 2517 635 2597 populorum,
663 2517 868 2596 ingredientes
896 2520 1076 2598 pompatice

37 2629 39 2636 ·
147 2598 270 2660 domum
304 2599 398 2661 Israel
430 2606 488 2662 etc.
530 2599 556 2662 Ο
592 2600 791 2678 ignominiam
824 2602 974 2662 ecclcsiae
1005 2601 1075 2675 Dei,

146 2701 236 2761 quam
260 2703 300 2742 ex
321 2683 369 2743 his
392 2683 535 2743 monstris
556 2682 797 2744 sacerdotalibus
821 2684 981 2749 contrahit.
1004 2683 1074 2765 ‚Ubi

145 2771 216 2825 sunt
237 2766 375 2845 episcopi
398 2771 451 2825 aut
472 2764 659 2844 sacerdotes,
683 2768 733 2845 qui
756 2765 1072 2848 sciantevangelium,

147 2847 257 2908 nedum
284 2847 484 2928 praedicent?
507 2856 539 2908 ut
561 2849 633 2926 quid
648 2867 724 2928 ergo
746 2868 814 2910 sese
836 2851 953 2912 iactant
973 2869 1074 2912 sacar·

147 2928 251 3004 doles,
284 2931 425 2992 curaliis
449 2931 627 2993 Christianis
655 2938 800 3010 tauquam
827 2933 914 2994 laicis
935 2934 1071 2994 sanctio-

145 3031 194 3073 res
215 3014 400 3074 etmeliores
424 3020 454 3076 et
475 3015 663 3092 potentiores
686 3014 791 3075 haberi
813 3015 941 3077 volunt?
971 3016 1072 3077 Horas

144 3095 257 3175 legere,
280 3096 319 3156 ad
343 3115 420 3175 quos
443 3097 628 3158 idiotasnon
652 3099 792 3177 pertinet,
814 3118 868 3159 seu
884 3101 1072 3178 (utaposto

146 3178 193 3238 lus
216 3179 271 3245 aitl
295 3180 333 3241 ad
356 3180 460 3260 lingua
482 3180 666 3259 loquentes?
688 3181 900 3242 Horasaulem
924 3199 1014 3242 orare
1030 3181 1069 3243 ad

146 3261 326 3342 monachos,
350 3264 501 3338 eremitas,
524 3264 720 3343 privatosque
732 3263 882 3337 homiues,
904 3270 1000 3325 cleos
1019 3265 1071 3324 lai·

146 3363 200 3404 cos
222 3346 360 3424 pertinet.
393 3344 567 3408 Sacerdotis
582 3365 691 3406 munus
714 3353 761 3406 est
773 3346 963 3426 praedicare,
986 3346 1069 3426 quod
1121 3367 1122 3372 ¹

147 3427 203 3485 nisi
226 3427 341 3504 lecerit,
365 3427 410 3486 sic
432 3435 478 3488 est
498 3428 657 3504 sacerdos,
685 3431 764 3490 sicut
784 3429 877 3490 homo
901 3431 1001 3508 pictus
1023 3437 1070 3490 est

146 3505 252 3573 homo.
294 3510 343 3570 An
366 3510 545 3590 episcopum
568 3512 676 3588 faciat,
703 3511 844 3574 ordinare
872 3513 949 3574 tales
971 3531 1070 3573 sacer·

146 3587 236 3651 dotes
257 3589 456 3670 battologos?
478 3591 526 3652 An
554 3593 700 3654 ecclesias
723 3600 754 3655 et
775 3613 941 3675 campanas
964 3613 1070 3656 couse-

144 3671 252 3738 srael
275 3673 324 3739 An
345 3693 458 3761 pucros
472 3673 1067 3748 contruarcltlouhsecrslciaconus
