2252 4006
131 163 193 230 248
423 163 598 234 Responsum
617 159 750 218 Frideiicl
775 217 779 226 ,
877 141 885 158 '

58 337 60 344 ·
131 319 294 382 Luthorum
318 318 356 379 sb
379 317 532 379 erroribus
553 318 584 376 in
609 317 688 376 viem
710 335 867 382 revocure.
912 315 1058 393 lnstrepe·

132 403 185 465 bot
207 403 356 477 Marinus,
382 401 516 462 Luthero
545 407 666 462 vertens
697 401 833 479 crimini,
858 398 961 482 quod,
985 415 1059 476 quse

135 494 166 547 et
186 491 301 565 quonia
322 484 474 565 pollicitus
497 491 589 559 esset,
612 501 672 543 non
700 485 914 563 praestitisset.
954 480 1060 540 Alcen-

133 571 186 629 der
209 568 355 646 reliquum
380 568 563 642 connexuit,
593 565 826 647 diligentissime
865 566 927 626 hoc
955 581 1061 644 egens,

132 659 165 712 ut
186 651 332 730 optimum
355 669 479 710 osusem
493 669 585 729 egere
607 650 768 709 videretur.
791 648 934 728 Negabat
957 647 1060 707 Archi·

133 734 280 816 episcopo
302 733 481 793 Treversnsi
508 734 555 792 ius
577 750 647 792 esse
677 733 706 791 in
741 732 799 792 hoc
825 751 920 792 ceusu
947 747 1062 810 cogno-

134 835 231 895 scere,
253 836 324 878 num
348 817 530 876 exstinctam
545 815 794 876 commissionem
805 814 1000 893 subdelegeti
1022 815 1062 871 iu·

134 900 228 976 dicis,
257 899 475 977 adelegetore
495 917 588 958 ceusu
611 908 750 978 receptu,
779 897 881 959 oiebut
902 917 973 957 esse
995 915 1062 955 ceu·

135 1001 200 1042 seru
223 981 311 1056 fidei,
339 1000 418 1060 quse
453 981 511 1040 soli
534 980 676 1040 Romano
698 980 840 1042 Pontillci
871 980 1060 1041 conveniret.

135 1063 303 1125 Adferebet
322 1063 497 1144 exemplum
532 1071 638 1123 nostro
669 1063 734 1123 orbi
758 1071 788 1125 et
810 1063 915 1124 seculo
938 1080 1063 1142 prorsus

133 1148 290 1227 ignotum,
326 1165 417 1227 segre
455 1145 570 1206 scilicet
607 1165 770 1226 passurum
805 1147 979 1227 Principem
1016 1144 1064 1205 eli·

135 1228 258 1308 quando
281 1239 433 1303 nostrum,
468 1229 493 1288 si
523 1230 672 1308 quispiam
701 1231 812 1289 civium
842 1247 967 1289 suorum
990 1227 1063 1288 iudi·

38 1307 44 1326 '
135 1331 202 1371 cem
224 1311 281 1371 sibi
304 1310 451 1391 deligeret
474 1311 523 1371 vel
547 1311 662 1391 Regem
687 1311 878 1391 Galliarum,
902 1311 950 1371 vel
970 1311 1061 1387 elium

134 1395 304 1474 Principem
327 1393 459 1474 sliquern
483 1395 640 1454 exotionm
664 1393 777 1474 etcl).

218 1477 294 1538 Cum
319 1476 447 1538 dixisset
469 1476 585 1552 multa,
623 1496 721 1555 cuque
749 1478 859 1558 purtim
884 1477 1063 1556 pugnantis,
1118 1501 1119 1532 ;

136 1559 254 1642 intulit,
289 1577 345 1619 suo
369 1557 555 1641 Collegio²J
579 1569 608 1618 et
631 1557 688 1619 sibi
711 1578 772 1620 uon
806 1561 959 1638 integrum
985 1577 1063 1636 esse,

136 1653 167 1701 ut
189 1639 271 1702 eliud
284 1649 492 1721 sequerentur,
514 1660 606 1720 quem
629 1641 711 1720 quod
723 1642 809 1703 Bulla
832 1641 1062 1723 praescriberet.

134 1723 218 1804 Ergo
235 1730 476 1804 prosequuturos
498 1724 589 1784 seed
613 1724 919 1785 exurendosllsrtini
942 1723 1062 1784 Lutheri

135 1807 239 1868 libros.
282 1807 360 1867 Nom
383 1805 540 1867 Pontificis
563 1807 695 1868 Romani
731 1815 862 1868 mentem
899 1826 961 1868 non
997 1826 1063 1866 esse

136 1889 323 1970 procedendi
346 1895 456 1949 contre
478 1890 573 1970 ipsius
594 1890 924 1971 Lutheripersouem,
957 1895 991 1949 ut
1013 1891 1062 1969 qui

136 1972 212 2032 nolit
234 1991 342 2032 monus
368 1991 438 2032 suus
466 1979 517 2044 (ut
540 1973 684 2034 Aleondri
710 1973 811 2038 verbis
835 1971 983 2050 utemur)
1000 1974 1061 2033 eius

138 2056 287 2134 sanguine
315 2054 540 2134 pinguefacere.
582 2055 656 2115 Erot
686 2062 749 2116 tum
786 2075 887 2116 serum
922 2054 1001 2134 diei,
1033 2063 1062 2116 et

138 2136 319 2198 videbuntur
346 2136 442 2198 multe
471 2138 633 2216 loquuturi.
676 2136 738 2200 Sed
774 2157 843 2199 cum
877 2137 951 2198 nihil
984 2145 1062 2198 esset

137 2219 272 2280 mandeti
292 2219 380 2300 pluru
401 2220 617 2300 respondendi,
639 2240 739 2300 neque
761 2222 920 2302 Princeps,
945 2221 1060 2302 mugnis

135 2303 236 2362 censis
258 2301 432 2383 impeditus,
457 2322 560 2364 corum
584 2303 693 2364 edesse
714 2311 836 2385 posset,
858 2304 902 2364 ite
923 2304 1060 2383 utrinque

136 2383 304 2446 discessum
327 2391 382 2446 est.

177 2468 326 2530 Coloniae
348 2466 556 2548 Agrippinae,
578 2469 669 2529 Auno
693 2475 750 2530 etc.
774 2469 814 2534 Ill.
837 2469 874 2534 D.
897 2467 960 2532 XX
975 2465 1020 2543 ³).

172 2697 201 2760 1)
219 2695 562 2753 Ined.an.:extroneum
573 2705 624 2752 etc.
644 2700 676 2756 il
696 2697 780 2753 Ibid:
792 2699 932 2824 0011οῧ-
953 2698 986 2766 3)
995 2697 1058 2751 Post

135 2766 203 2820 hoec
222 2767 319 2822 verbo:
346 2767 480 2824 colonius
498 2768 674 2839 Agrippinae
692 2769 774 2824 Anno
800 2777 850 2825 etc.
953 2771 982 2822 in
1008 2768 1057 2822 edi·

136 2837 211 2890 tione
230 2840 315 2906 princ.
335 2839 403 2893 heec
421 2843 525 2894 inserts
543 2843 681 2896 luvenitur
700 2841 819 2910 epistole
836 2841 980 2895 Friderici:
998 2837 1057 2894 Von

137 2907 233 2980 Gottes
252 2908 367 2964 Gnsdcn
386 2909 524 2966 Friedrich
544 2911 654 2981 Herzog
682 2927 715 2964 uu
745 2913 868 2967 Sochsen
895 2909 1057 2966 undchur·

139 2981 209 3033 ldrst
224 2986 272 3033 etc.
310 2981 435 3036 Unseren
458 2981 543 3036 Grues
562 2999 656 3046 sevon,
677 2983 892 3053 ilochgelehrter
904 2981 1057 3037 lieberGe·

134 3057 232 3104 treuer.
269 3053 327 3105 Wir
345 3053 435 3108 huben
455 3070 521 3107 euer
539 3053 698 3118 Schreibsn,
717 3055 820 3108 welche
842 3069 894 3111 uns
912 3057 1009 3124 idngst
1026 3069 1056 3106 un

136 3121 220 3176 Colen
240 3124 428 3179 liberuntwort
455 3127 491 3178 ist
509 3125 634 3194 worden,
654 3127 704 3178 mit
722 3128 825 3195 Anneig
844 3141 903 3179 wus
917 3127 986 3178 ench
1006 3141 1055 3178 von

133 3191 239 3248 Docter
267 3193 357 3250 Eolren
386 3197 414 3248 in
443 3196 550 3258 sochen
581 3197 709 3251 Doctoris
732 3197 844 3252 Martini
873 3197 989 3250 Luthers
1016 3197 1055 3250 ittr

135 3263 212 3318 Briel
228 3266 394 3320 uukummen
423 3272 473 3320 etc.
493 3269 658 3339 smpfungen
689 3269 743 3322 und
776 3269 844 3323 elles
869 3268 975 3322 Inhults
1003 3284 1055 3320 ver·

135 3350 275 3402 commen,
294 3338 394 3391 wollen
405 3338 474 3391 euch
486 3337 587 3391 dereul
596 3343 635 3392 nit
644 3340 757 3409 bergen,
776 3339 839 3392 does
849 3353 934 3392 novor
952 3338 1055 3391 derhsl-

135 3405 187 3455 ben
208 3422 243 3458 en
263 3423 314 3458 uus
333 3408 422 3460 nichts
442 3408 580 3477 gelunget.
616 3409 692 3463 Aber
707 3411 842 3478 iurulich,
861 3409 989 3464 ehodunn
1007 3411 1054 3460 wir

136 3489 168 3522 uu
180 3472 265 3528 Colen
285 3477 494 3546 abgeschieden,
514 3480 562 3531 het
572 3481 1052 3549 ptpstlieherHeiliglreitBotschutt,

137 3543 256 3596 ntimlich
284 3547 402 3600 Marinus
422 3547 597 3602 Conecteolus
623 3552 678 3603 und
706 3553 893 3620 Hieronymus
918 3550 1052 3605 Aleauder

137 3620 270 3679 genennt,
299 3633 353 3671 von
372 3619 540 3686 pitpstlicher
557 3619 707 3691 Heiliglreit
730 3638 827 3690 wcgen
844 3624 894 3676 uui
908 3624 952 3678 ein
971 3622 1051 3675 Breve
