2250 4008
303 181 431 236 Reuonie
449 183 628 240 tatontanae
646 175 698 235 etc'.
899 172 968 244 ,513

42 332 171 416 ditum,
201 336 257 396 eod
279 338 410 418 opponit
432 354 500 398 eam
522 336 582 416 legi
605 334 827 413 membrorum,
861 335 965 415 pollue
1071 393 1076 402 ,

42 418 235 480 voluntatem
257 423 382 501 spiritua
401 421 446 481 ita
470 421 624 497 nominat,
658 420 710 499 qui
733 419 793 500 legl
815 417 871 477 Dei
894 432 967 478 eon·

42 502 232 583 delentetur,
265 505 313 564 oui
349 504 479 585 opponit
511 503 610 583 legem
632 501 853 578 membrorum,
886 517 967 579 qnee

43 584 279 648 oondeleotatur
299 587 361 668 ley‘
382 588 512 668 ponenti,
535 593 569 647 ut
587 587 627 645 eit
640 594 671 647 et
685 585 891 646 membrorum
914 583 966 644 lert

43 667 190 730 voluutas
211 673 367 731 oonuaria
388 669 538 732 voluntati
555 669 688 750 spiritua.
731 669 966 748 Repugnantear

44 769 123 811 vero
145 751 227 832 dioit,
249 747 334 814 uerte
354 753 467 814 malum
489 753 643 828 indioann,
667 767 730 813 non
751 769 888 832 poenae,
911 752 967 811 ned
1041 829 1043 834 Ι

42 833 176 914 eulpae,
211 836 325 896 malum
347 842 396 897 eet
417 839 497 896 enirn
519 836 580 916 legi
601 836 657 895 [lei
678 853 859 915 repugnare.
902 834 966 894 lam

40 935 107 978 non
132 920 231 980 eoluun
253 937 315 980 nou
338 919 474 997 obedire,
497 918 553 980 ned
575 933 749 999 repugnare
761 917 859 996 ‘dioit‚
882 917 966 996 quod

40 1003 170 1080 gnviun
192 1010 254 1082 eet,
275 1022 315 1064 ne
336 1021 444 1084 parum
467 1005 611 1064 aestimes
634 1009 794 1082 peooetum
817 1001 966 1080 reliquum

43 1085 211 1164 baptiemu.
254 1086 400 1168 lllngnum
422 1093 486 1165 eet,
516 1096 548 1147 et
569 1103 683 1166 magno
706 1083 790 1145 dono
811 1083 868 1144 Dei
891 1084 969 1146 tolli·

41 1176 109 1246 tur,
141 1175 173 1228 ot
205 1187 318 1250 magna
348 1171 448 1250 gratia
468 1169 637 1250 ignoscitur
665 1177 792 1249 propter
818 1169 967 1248 spiritum,

41 1252 96 1329 qni
120 1270 185 1312 non
210 1262 371 1334 repugnat,
392 1253 447 1314 eod
471 1253 701 1313 condelectatur
723 1252 784 1332 legi
805 1249 874 1314 Dei.

132 1335 172 1394 itt
192 1336 266 1396 illud
283 1336 423 1397 ultimum
439 1338 585 1414 atuooiue,
607 1335 850 1415 quodeaptivat.
880 1333 969 1412 Vide,

43 1435 178 1498 quaeso,
200 1420 322 1498 quentia
336 1419 498 1480 verborum
512 1419 644 1480 molibus
664 1425 696 1478 et
709 1417 823 1477 viribus
845 1416 877 1477 id
898 1435 968 1498 peu-

42 1502 106 1560 uati
131 1509 317 1582 exaggeret,
348 1502 432 1582 quod
464 1501 507 1562 illi
541 1502 586 1562 sio
606 1507 776 1562 extenuant
797 1507 829 1560 et
850 1500 969 1561 tollunt.

41 1583 115 1643 lion
144 1584 245 1644 aulum
268 1593 330 1664 eat,
364 1603 425 1646 non
449 1585 550 1646 solum
573 1585 662 1665 vivit,
685 1599 747 1644 nun
770 1583 869 1644 nolum
893 1587 968 1658 vult,

42 1685 109 1728 non
133 1669 234 1728 solum
254 1675 409 1748 operatur,
431 1686 493 1729 non
506 1668 609 1728 nolum
621 1675 783 1749 repugnat,
803 1666 859 1726 aed
876 1668 968 1727 etiarn

41 1749 172 1810 inritet
199 1753 343 1831 eaptivet.
386 1750 542 1828 obtato,
576 1752 655 1811 haee
687 1752 768 1810 levia
800 1749 894 1808 eunt?
930 1749 971 1809 ln

43 1835 320 1978 tttttttt
345 1834 388 1978 ll
409 1832 619 1978 llllnlll
651 1831 969 1978 dimili?

45 1935 757 2146 lntntnrltltutundit
770 1998 970 2143 lull:
1026 1976 1029 1982 ’

45 2166 137 2243 lauit,
169 2168 241 2245 quie
259 2128 324 2228 non
346 2102 497 2234 aulthnent
519 2169 584 2229 eiua
612 2101 775 2246 impetump,
806 2125 919 2227 ledum
939 2173 971 2227 et

47 2249 200 2310 obediunt
218 2252 263 2329 ei,
296 2250 367 2312 ideo
400 2268 556 2330 nunquam
587 2251 805 2330 experiuntur,
837 2257 971 2329 quantun

46 2333 153 2410 labor,
175 2342 290 2412 quanta
311 2333 455 2397 molestie
474 2337 514 2393 eit
533 2340 663 2414 peoouto
686 2334 829 2394 roluoteri
852 2340 884 2392 et
904 2336 970 2393 eine

46 2415 210 2478 dominari.
259 2417 397 2478 lllilitiarn
428 2419 525 2498 exigit
552 2419 609 2477 iate
641 2420 772 2496 impetus
802 2425 969 2496 strenuam,

45 2499 132 2560 uode
161 2507 192 2560 et
212 2500 352 2562 christun
382 2500 525 2561 dominun
549 2501 738 2562 exereituun
765 2506 912 2577 venatur,
940 2507 972 2560 et
1094 2537 1096 2540 -

45 2602 107 2644 rex
136 2585 248 2664 potens
278 2585 309 2644 iu
338 2584 471 2665 proelio,
502 2585 575 2663 quia
606 2584 663 2644 hoe
686 2599 816 2664 magone
836 2584 970 2664 impetun

46 2686 104 2746 per
127 2667 241 2728 donum
274 2687 362 2728 nuum
396 2685 457 2729 uon
486 2668 586 2728 solum
617 2669 765 2747 eontinet,
790 2666 846 2726 aed
878 2669 971 2727 vineit

45 2751 153 2811 etiam.

134 2833 212 2896 Vide
240 2852 316 2916 ergo
346 2834 419 2895 doni
440 2841 472 2894 et
498 2836 616 2914 gratiae
637 2835 695 2894 Dei
717 2832 971 2914 magnitudinem,

47 2923 222 2978 attentum
246 2917 360 2978 malurn
382 2937 445 2978 non
468 2918 508 2978 eit
527 2916 704 2979 damnabile
724 2917 799 2998 piis,
826 2917 970 2978 lortloree

47 3006 121 3061 sunt
154 3001 358 3081 eogitatlnuee
391 3001 490 3062 malae
523 3003 642 3081 piorum
676 3017 768 3080 quam
795 3002 970 3081 impiorum,

48 3101 112 3145 non
134 3090 238 3144 nmen
260 3085 411 3166 polluunt,
433 3103 494 3146 non
517 3085 683 3164 damnent,
715 3083 785 3144 illoe
809 3101 881 3145 vero
905 3085 969 3164 pol

48 3167 138 3228 luunt
159 3175 190 3228 et
212 3167 368 3232 damnent
397 3170 458 3230 eur
479 3169 561 3229 lune?
586 3184 691 3229 nonne
704 3167 865 3246 utrobique
887 3166 969 3228 idem

49 3251 232 3330 pennatum?
256 3252 337 3314 Vere
357 3252 437 3312 idem
460 3260 632 3332 peceatum,
654 3250 709 3312 eod
731 3251 774 3330 pii
796 3249 967 3312 antidotum

48 3333 179 3413 habeut,
204 3335 332 3396 illinon
355 3335 487 3415 habeut,
513 3335 585 3398 ideo
608 3337 651 3416 pii
671 3336 701 3394 in
725 3334 832 3395 melori
852 3334 970 3414 impetu

49 3418 115 3477 eius
133 3433 200 3496 ηρ
223 3426 372 3498 peceant,
395 3437 465 3480 eum
486 3419 529 3479 illi
551 3425 679 3500 peueenl
701 3418 731 3476 in
756 3417 885 3497 minori,
906 3436 969 3479 uon

50 3502 124 3580 quia
145 3520 207 3562 non
230 3503 270 3562 eit
288 3510 449 3584 peooatum
479 3503 655 3582 utrobique,
687 3501 741 3560 aed
772 3501 851 3562 haee
872 3500 970 3582 gloria

50 3584 168 3662 gratiae
190 3581 248 3645 Dei
269 3592 326 3664 eat,
346 3605 411 3647 non
432 3591 559 3668 naturae
579 3583 660 3646 illiue
674 3583 791 3646 ‘malae
835 3581 867 3644 Si
889 3579 971 3646 deeit

50 3669 168 3752 gratia,
201 3686 272 3728 vere
299 3668 439 3747 damnat,
475 3687 557 3730 nune
588 3676 739 3730 naturane
757 3667 824 3730 eiua
857 3666 968 3726 malam

79 3784 169 3827 nunna
184 3794 234 3834 opp.
250 3785 278 3824 v.
289 3786 317 3826 n.
332 3786 361 3825 eu
375 3785 509 3826 renuunt.
523 3797 542 3835 ρ.
561 3787 610 3825 vot.
626 3787 652 3832 v.
761 3756 800 3821 33
