2258 4002
128 179 191 260 116
404 195 442 248 De
459 189 538 264 capt.
559 193 656 263 Babyl.
676 191 816 247 Ecclesiae

130 367 168 413 ao
189 349 326 410 subiecta
348 353 396 409 est
415 347 568 430 tyrannidi
590 356 621 409 st
642 348 791 428 quaestui,
813 348 918 408 relicta
940 345 1058 406 scilicet

129 431 190 495 bac
208 451 277 493 ‘una
310 432 518 493 misericordia
545 432 715 510 morituris,
749 439 781 491 ut
813 430 906 491 libere
936 430 1059 510 possint

129 517 245 596 inungi,
268 515 359 575 etiam
383 533 445 576 non
468 514 601 576 confessi
623 533 681 575 nec
700 515 925 588 communicati.
969 512 1058 587 Quae

131 601 156 660 si
177 600 396 680 permansisset
417 598 606 678 quotidiana,
628 599 806 678 praesertim
830 600 855 657 si
878 596 1059 657 etinlirmos

131 687 282 759 sanasset,
304 681 397 742 etiam
420 681 447 740 si
468 691 598 761 peccata
619 700 680 741 non
703 681 839 760 tulisset,
868 700 945 761 quos
966 689 1059 760 putas

133 760 222 828 orbes
246 771 392 825 terrarum
421 783 483 824 non
511 765 660 825 haberent
679 764 772 824 bodie
794 765 972 845 pontifices,
1007 763 1059 842 qui

132 849 221 909 unius
234 848 441 928 poenitentiae
454 855 646 909 sacramento
669 855 700 908 et
722 848 868 926 clavibus,
891 847 927 908 ac
943 845 1061 908 ordinis

131 940 336 1010 sacramento,
358 933 433 991 tanti
446 939 609 991 evaserunt
623 933 823 1011 imperatores
836 939 866 992 et
880 923 1061 1011 principes?

133 1017 176 1076 At
196 1033 279 1074 nunc
299 1014 426 1074 feliciter
448 1014 556 1092 babet,
580 1012 673 1093 quod,
695 1015 773 1073 sicut
795 1017 964 1076 orationem
989 1011 1062 1073 fidei

133 1105 343 1174 contemnunt,
365 1098 408 1157 ita
422 1096 538 1157 nullom
561 1095 712 1158 infirmum
727 1105 847 1175 sanant,
870 1108 901 1158 ct
923 1103 1062 1157 evetere

133 1181 193 1240 ritu
215 1197 329 1240 novum
351 1179 409 1240 sibi
431 1179 585 1240 linxerunt
607 1190 842 1246 sacramentum.

216 1263 302 1324 Haec
335 1263 373 1323 de
400 1271 530 1341 quatuor
556 1265 622 1324 istis
652 1265 851 1324 sacramentis
882 1281 964 1324 nunc
987 1263 1063 1322 satis

133 1347 260 1426 luerint,
292 1364 372 1425 quae
400 1349 464 1406 scio
500 1365 590 1425 quem
620 1348 680 1407 sint
713 1347 901 1427 displicitura
920 1347 975 1422 iis,
1009 1345 1063 1424 qui

134 1445 292 1491 numerum
321 1437 460 1490 elusum
489 1442 749 1490 sacramentorum
773 1450 832 1491 non
858 1451 873 1489 e
897 1428 1062 1509 Scripturis

135 1516 246 1591 sacris,
279 1512 332 1572 sed
357 1532 374 1572 e
395 1513 536 1574 Romana
569 1515 643 1572 sede
671 1523 780 1592 putant
809 1513 959 1593 petendos
983 1531 1064 1588 esse,

136 1598 223 1676 quasi
246 1595 387 1656 Romana
408 1596 497 1656 sedes
520 1606 713 1656 sacramenta
727 1598 786 1656 ista
804 1597 930 1673 dederit,
951 1612 1065 1655 aenon

137 1681 238 1760 potius
262 1680 417 1758 acceperit
448 1699 464 1739 e
488 1679 601 1739 scholis
623 1681 870 1756 universitatum,
903 1677 1013 1757 quibus
1035 1685 1067 1736 et

136 1765 250 1841 omnia,
272 1780 351 1841 quae
369 1762 471 1841 babet,
493 1764 558 1822 sine
580 1763 790 1823 controversia
812 1761 913 1825 debet.
956 1761 1066 1839 Neque

139 1848 219 1906 enim
247 1849 344 1906 staret
375 1847 511 1925 tyrannis
540 1847 692 1926 papistica
721 1853 823 1923 tanta,
856 1846 913 1904 nisi
945 1851 1065 1905 tantum

137 1930 308 2009 accepisset
337 1928 375 1988 ab
405 1930 668 2006 universitatibus,
698 1947 766 1988 cum
795 1930 848 1988 vix
875 1928 965 1990 luerit
986 1929 1070 1986 inter

137 2012 273 2072 celebres
297 2013 493 2092 episcopatus
516 2012 594 2074 alius
618 2012 786 2092 quispiam,
816 2014 866 2090 qui
890 2013 990 2070 minus
1014 2010 1067 2070 ba·

138 2095 238 2156 buerit
259 2096 445 2154 eruditorum
474 2095 663 2176 pontificum.
708 2095 761 2172 Vi,
793 2093 864 2154 dolo
896 2113 932 2154 ac
962 2112 1067 2173 super·

138 2179 263 2238 stitione
284 2185 400 2236 tantum
416 2181 524 2237 ceteris
547 2179 695 2238 hactenus
707 2179 886 2258 praevaluit,
910 2179 960 2256 qui
983 2177 1066 2236 enim

139 2269 210 2321 aute
233 2258 314 2319 mille
342 2279 439 2320 annos
461 2253 491 2320 in
515 2281 552 2322 ea
574 2262 647 2321 sede
670 2261 828 2335 sederunt,
858 2268 943 2321 tanto
974 2261 1068 2319 iuter·

138 2342 219 2403 vallo
239 2343 281 2402 'ab
304 2344 356 2422 iis,
379 2345 429 2422 qui
447 2346 566 2404 interim
602 2352 777 2420 creverunt,
800 2343 927 2421 distant,
951 2351 984 2403 ot
1014 2351 1070 2402 aut

137 2426 207 2487 illos
232 2435 283 2486 aut
303 2428 360 2486 bos
384 2429 504 2506 cogaris
528 2447 641 2508 negare
663 2428 820 2488 Romanos
843 2425 1016 2507 pontifices.

157 2571 162 2588 ,
222 2508 299 2570 Sunt
320 2520 479 2590 praeterea
502 2511 648 2571 nonnulla
670 2512 740 2587 elia,
763 2528 842 2589 quae
864 2512 942 2569 inter
963 2527 1068 2570 sacra-

140 2597 242 2653 menta
263 2594 424 2672 videantqr
446 2596 563 2654 censeri
583 2613 691 2674 posse,
722 2613 847 2673 nempe,
877 2595 980 2653 omnia
1002 2591 1069 2665 ills,

139 2677 247 2756 quibus
281 2676 362 2737 lacta
401 2684 448 2737 est
484 2678 648 2757 promissio
689 2677 806 2755 divina,
847 2675 948 2755 qualia
994 2683 1069 2736 sunt

140 2761 248 2835 oratio,
271 2759 407 2839 verbum,
431 2779 516 2823 crux.
560 2761 637 2821 Nam
656 2759 792 2821 Christus
814 2760 970 2819 orantibus
994 2777 1067 2838 pro-

140 2843 222 2901 misit
232 2843 460 2913 exauditionem
471 2845 502 2903 in
515 2845 616 2904 multis
631 2845 717 2922 locis,
741 2844 918 2923 praesertim
931 2841 1002 2904 Luc.
1017 2846 1068 2916 11,

141 2922 191 2984 ubi
214 2926 367 3006 parabolis
401 2928 501 2986 multis
530 2928 567 2987 ad
598 2927 746 2988 orandum
777 2945 834 2986 nos
861 2927 978 2988 invitat.
1026 2925 1068 2983 Et

141 3006 179 3067 de
200 3006 310 3069 verbo:
333 3010 418 3070 Beati
442 3012 492 3091 qui
515 3011 641 3072 audiunt
663 3009 787 3071 verbum
812 3009 884 3087 Dei,
912 3019 942 3068 et
964 3016 1067 3068 custo·

140 3089 227 3150 diunt
248 3090 332 3156 illud.
376 3091 563 3168 Quisautem
586 3102 776 3176 percenseat,
800 3093 920 3172 quoties
942 3091 1067 3153 tribula·

140 3175 196 3253 tis,
218 3175 418 3254 patientibus,
449 3177 612 3248 humiliatis
641 3179 799 3259 promittat
827 3175 1012 3235 adiutorium
1036 3182 1068 3233 et

139 3257 292 3338 gloriam?
319 3259 381 3319 imo
411 3263 477 3339 quis
500 3272 657 3321 enumeret
678 3278 786 3321 ornnes
808 3258 864 3318 Dei
887 3259 1066 3338 promissio-

140 3339 216 3400 nes?
239 3359 307 3402 cum
330 3347 396 3402 tota
419 3343 574 3422 Scriptura
596 3345 656 3404 boc
677 3351 758 3422 agat,
780 3353 813 3401 ut
834 3359 891 3402 nos
914 3340 953 3401 ad
970 3339 1065 3400 iidem

142 3431 304 3503 provocet,
324 3426 395 3484 binc
416 3429 570 3504 praecptis
594 3433 624 3486 et
646 3428 734 3486 minis
757 3443 879 3503 urgens,
899 3424 982 3484 illinc
996 3441 1068 3503 pro·

143 3507 338 3578 missionibus
366 3517 397 3568 et
427 3508 687 3569 consolationibus
715 3509 856 3567 invitans.
907 3505 1065 3585 Siquidem

145 3591 249 3650 omnis
275 3609 355 3670 quae
378 3591 491 3669 scripta
518 3598 604 3668 sunt,
636 3598 689 3651 aut
720 3599 885 3670 praecepta
912 3600 964 3650 aut
996 3606 1066 3669 pro·

144 3671 238 3731 misse
258 3681 345 3752 suut,
376 3680 542 3754 praecepta
571 3673 731 3734 humiliant
758 3673 907 3753 superbos
930 3675 1067 3734 exactio·
