2252 4006
169 189 232 265 292
383 195 539 270 responsio
558 195 591 256 n.
610 201 645 258 ιι.
663 195 693 255 t.
712 195 749 256 aa
765 201 867 276 aaran

252 353 315 415 lam
338 353 389 414 ubi
410 362 548 430 constat,
569 356 703 414 unanimi
725 354 971 428 Thomistarum,
992 353 1082 414 Scoti-

170 443 299 512 starnm,
334 437 564 515 Modernorum,
595 438 824 498 Albertistarum
846 439 1001 499 sententia
1026 439 1083 513 (est

169 521 249 580 enim
271 521 374 600 aliqua
396 520 503 598 cauda,
524 522 553 579 in
577 540 638 600 qua
660 521 765 601 vulpes
787 523 864 582 istae
884 521 1082 597 conveniant)

170 602 283 664 bestias
305 623 409 664 carere
437 604 537 664 libero
566 605 688 664 arbitrio
719 613 749 664 et
777 607 916 682 potentia
949 603 1084 680 electiva,

169 687 199 746 in
233 705 293 766 qua
324 686 503 767 prudentiae
531 694 561 744 et
587 689 747 747 universae
775 688 894 748 virtutis
919 688 999 746 ratio
1022 685 1085 743 sub·
1124 715 1125 758 3

168 771 277 830 iective
299 777 330 829 et
350 769 516 830 formaliter
527 771 676 842 consistit,
698 768 892 850 feranturque
913 770 982 829 solo
1004 775 1083 828 natu·
1124 775 1125 842 j

169 871 222 912 rae
243 851 335 912 ductu
358 859 388 912 et
409 854 544 932 appetitu
568 852 696 913 naturali
718 853 986 933 etcognoscitivo.
1031 850 1085 911 Na·
1124 869 1125 926 ι

167 942 234 996 tura
256 943 374 1012 autem,
410 939 482 1016 quia
504 937 701 1015 necessitate,
733 954 794 995 non
828 936 987 997 voluntate
1018 933 1085 1013 agit,
1124 989 1125 1014 ι

169 1019 336 1080 secundum
365 1025 461 1078 totum
495 1039 581 1077 suurn
605 1035 697 1098 posse
727 1018 799 1098 agit.
856 1019 949 1079 Dabit
976 1025 1010 1077 et
1032 1017 1086 1076 hoa
1124 1017 1125 1066 ῗ

168 1099 285 1161 bestiae
304 1102 463 1181 praecipiti
474 1100 666 1181 catherinus,
689 1109 721 1160 ut
742 1101 823 1162 nulio
841 1101 949 1162 ordine
965 1101 1086 1177 feratur,

168 1192 198 1243 et
219 1185 317 1262 primo
340 1186 474 1244 omnium
497 1184 675 1244 desummo
698 1185 739 1243 rei
762 1191 866 1260 certet,
889 1186 949 1245 boc
970 1191 1031 1260 est,
1053 1183 1086 1242 de

169 1275 293 1346 papatu,
315 1269 344 1326 in
368 1285 429 1346 quo
452 1274 552 1326 tamen
583 1264 748 1336 naturaell
773 1269 975 1328 temeritatem
1009 1285 1086 1326 com·

168 1349 309 1429 pensabit
331 1359 471 1424 eventus,
495 1369 558 1428 seu,
581 1359 613 1409 ut
635 1349 813 1410 Aristoteles
836 1350 923 1428 dicit,
947 1349 1086 1410 fortunae

168 1439 199 1491 et
219 1449 308 1492 casus
332 1432 543 1493 commoditas.
587 1433 664 1492 Nam
678 1433 849 1512 hocagone
871 1439 1085 1493 consummato

168 1521 233 1574 tota
253 1514 393 1596 Babylon
416 1523 446 1575 et
466 1515 587 1596 lunago
611 1515 892 1576 Catharinianarum
911 1516 1087 1595 disputatio·
1123 1487 1125 1576 Ι

170 1596 281 1672 num²l
306 1605 358 1658 aut
379 1598 472 1659 stabit
493 1606 546 1659 aut
566 1598 687 1676 iacebit,
711 1617 778 1658 cum
802 1599 831 1658 iu
855 1600 915 1659 boc
934 1597 1088 1678 pendeant
1123 1591 1125 1644 Ι

168 1681 280 1760 omnia,
303 1698 381 1760 quae
394 1680 508 1761 scribit,
530 1681 613 1760 dicit,
636 1681 723 1758 facit,
746 1683 818 1760 agit,
840 1683 985 1760 vivitque.
1031 1679 1087 1741 Sed

167 1772 197 1823 et
219 1763 293 1823 milri
311 1763 412 1824 hocin
428 1764 623 1825 commodum
646 1763 784 1840 cedet3),
807 1784 846 1824 ne
867 1765 892 1823 si
915 1764 1088 1824 humaniter

166 1851 197 1906 et
217 1845 436 1906 rationabiliter
457 1866 590 1927 agerem,
612 1846 684 1906 mibi
707 1849 796 1908 etiam
820 1866 875 1906 sex
898 1847 967 1907 iibri
998 1847 1087 1907 male

167 1927 227 1989 dici
247 1939 521 2009 praenoscerentur
548 1932 577 1990 in
607 1947 707 1990 mores
730 1929 903 1992 adversarii.
948 1929 989 1989 Et
1013 1930 1087 1990 dioe-

165 2020 211 2071 ret
232 2013 305 2072 mihi
327 2013 523 2073 Oatbarinus:
545 2013 591 2073 Τιι
613 2013 711 2072 bestia
722 2012 891 2073 doctrinam
906 2014 1087 2093 impugnare

166 2095 305 2172 voluisti,
334 2105 364 2155 et
386 2096 487 2176 perdis
515 2115 663 2176 papyrum
688 2114 755 2155 cum
777 2104 915 2176 tempore
938 2097 1085 2156 conviciis

166 2185 196 2238 et
218 2177 398 2241 maledictis.
442 2179 518 2239 Nam
541 2178 623 2258 quod
652 2197 711 2258 ego
734 2178 915 2239 Gatharinus
939 2179 1035 2240 homo
1057 2179 1084 2239 id

164 2259 232 2338 ieci,
254 2279 347 2322 causa
368 2261 432 2340 fuit,
454 2263 527 2342 quia
547 2263 642 2322 homo
665 2269 712 2321 est
733 2261 845 2322 animal
868 2261 1021 2322 rationale
1044 2282 1085 2322 se·

166 2343 298 2404 cundum
322 2344 352 2405 Β.
374 2345 523 2406 Thomam
546 2355 576 2405 et
599 2345 803 2425 Aristotelem,
824 2352 855 2406 et
872 2345 1084 2426 Porphyrium,

165 2427 217 2506 qui
238 2426 328 2487 debet
349 2429 491 2488 rationali
512 2429 563 2488 via
584 2427 760 2508 procedere.

247 2509 362 2571 Omitto
384 2513 488 2590 itaque
509 2511 561 2572 illa
583 2512 622 2571 de
635 2511 841 2590 indulgentiis,
864 2509 902 2570 de
915 2510 1084 2572 Lovanien·

165 2593 258 2672 sibus,
281 2593 319 2653 de
341 2595 494 2671 conciliis,
517 2601 547 2654 et
568 2597 671 2655 omnia
694 2595 745 2654 illa
767 2613 851 2670 mea,
875 2612 955 2673 quae
978 2593 1083 2654 Catha-

163 2677 245 2735 rinus
267 2676 383 2736 inducit
403 2679 580 2757 pugnantia.
624 2677 732 2738 Fateor
752 2678 897 2757 ipsemet,
927 2696 977 2738 me
1007 2677 1082 2736 male

164 2757 203 2818 de
222 2758 437 2842 indulgentiis,
470 2781 567 2841 papa,
595 2759 735 2821 Romana
757 2759 905 2838 ecclesia,
938 2760 1082 2837 conciliis,

164 2842 419 2920 universitatibus,
444 2845 612 2905 canonibus
626 2846 758 2905 sensisse
769 2845 800 2905 iu
820 2844 983 2924 principio,
1006 2842 1082 2902 unde

164 2934 194 2984 et
215 2926 433 3004 posterioribus
456 2927 563 2988 libellis
587 2929 689 2988 omnia
711 2927 874 3006 revocavi,
896 2933 929 2985 ut
950 2927 981 2985 in
1008 2925 1081 3006 Gap·
1121 2977 1122 3000 ,

165 3007 281 3068 tivitate
305 3008 493 3090 Babylonica
517 3017 548 3070 et
569 3011 747 3071 Assertione
770 3017 875 3070 contra
899 3009 1018 3068 Bullam
1043 3010 1078 3068 le·
1121 3001 1122 3021 ¹

163 3109 236 3170 gere
264 3099 382 3172 potest,
408 3094 458 3171 qui
489 3093 580 3154 volet.
628 3091 727 3153 Tarde
757 3099 808 3168 (ut
829 3093 930 3166 aiunt)
964 3093 1080 3167 venisti,

163 3175 204 3232 mi
227 3174 400 3254 catharine,
423 3178 482 3236 iam
506 3177 750 3256 conquaeritur:
773 3177 820 3235 An
843 3176 882 3234 sit
896 3173 1002 3254 pape?
1024 3173 1080 3256 lata

164 3259 322 3336 quaestio,
345 3257 460 3336 Sient,
484 3267 514 3319 et
535 3260 672 3340 operatio
696 3261 792 3340 prima
815 3257 989 3318 intellectus
1012 3258 1080 3318 ianr·

164 3339 278 3398 dudum
300 3339 385 3400 finita
407 3349 462 3403 est.
506 3341 553 3401 Ad
576 3342 806 3421 quaesitionem,
830 3339 908 3416 Quid
926 3339 998 3401 est?
1019 3359 1080 3422 per·

216 3548 249 3614 1)
268 3547 300 3601 In
319 3549 382 3606 edit.
402 3549 487 3616 orig:
517 3555 546 3602 tu
570 3558 662 3604 tamen
687 3565 742 3618 quo
761 3554 883 3604 naturae.
911 3525 952 3614 '2)
974 3543 1078 3601 Ibidem

165 3613 253 3670 deest:
283 3619 509 3686 disputationum.
550 3621 579 3688 3)
598 3622 628 3674 Ιιι
651 3621 693 3676 ed.
711 3620 787 3676 len:
818 3622 867 3676 sad
892 3626 919 3673 at
940 3621 1009 3674 mihi
1030 3620 1078 3673 hoc

164 3685 367 3742 incommodum
386 3689 472 3746 cedet.
517 3769 524 3786 1
1011 3723 1014 3730 ·
1119 3715 1120 3718 =
