2262 4006
293 147 433 202 Ambrosii
454 145 559 200 Gathar.
578 158 603 198 a.
628 143 702 223 to21.
905 143 967 212 337

51 310 93 360 tes
116 309 197 372 sunt,
219 301 298 360 Psal.
323 301 371 366 68.
383 297 424 380 ¹),
447 299 563 363 Esamb
587 309 616 360 et
638 299 705 360 aliis
727 299 814 360 loeis.
860 299 968 380 Neque

50 346 225 464 theologum
248 383 312 444 lieri
337 383 418 458 licet,
442 384 498 442 nisi
517 381 727 463 sacrificum²)
753 383 913 460 eiusmodi,
936 387 968 444 ut

52 465 141 546 vulgo
164 468 256 526 etiam
279 466 319 527 ob
343 465 372 526 id
402 465 480 525 male
507 465 632 526 audiant
663 465 808 544 theologi
853 465 967 526 Dentes

49 568 154 614 eorum
179 551 257 608 sieut
279 549 386 610 dentes
416 548 538 608 leonum
567 557 662 608 erant.
707 548 763 608 Vel
791 547 966 610 Thomistas

50 629 130 692 solos
158 633 224 694 vice
247 633 382 692 omnium
407 630 622 710 theologorum
646 630 819 710 considera,
842 651 880 691 an
905 651 966 694 non

49 715 106 774 sint
129 711 300 792 mordaces,
324 715 576 790 calumniatores,
599 714 797 774 devoratores
822 715 967 794 omnium,

50 797 99 878 qui
108 807 218 858 contra
228 797 452 859 Aristotelicum
467 797 653 876 theologiam
676 796 850 876 loquuntur.
887 796 966 874 Quin

50 890 77 940 et
98 881 229 960 seipsos
252 882 329 940 inter
341 900 409 940 sese
433 879 573 940 mordent
594 889 624 940 et
646 891 830 940 consumunt
846 880 967 944 Thumi·
1018 909 1022 916 ·

50 972 123 1036 stae,
147 963 318 1040 Scotistae,
354 963 500 1042 Moderni,
537 973 710 1041 acuuntque
742 965 870 1024 invicem
905 984 967 1024 non

50 1047 192 1125 quosvis,
219 1047 274 1108 sed
302 1046 425 1108 leonum
448 1046 565 1123 dentes.
609 1045 715 1126 Neque
737 1055 784 1107 est
806 1049 886 1107 euim
915 1067 968 1128 ge-

50 1149 103 1188 nus
126 1129 304 1208 hominum,
326 1128 409 1208 quod
440 1130 574 1190 atrocius
602 1131 779 1208 maioreque
807 1129 879 1191 odio
909 1131 968 1192 bel-

51 1213 203 1292 ligaretur,
226 1231 317 1292 quam
340 1211 554 1308 theologorum
577 1215 653 1272 istae
675 1223 792 1289 sectae,
815 1222 847 1272 ut
877 1231 967 1293 quae·

51 1314 107 1374 que
129 1295 199 1356 sola
221 1297 288 1356 aliis
312 1297 501 1376 consumptis
523 1302 609 1375 optet
632 1315 770 1375 regnare

27 1397 31 1409 ·
129 1375 186 1438 Et
192 1377 345 1439 habehant
363 1378 475 1438 loricas
492 1380 570 1438 sicut
593 1379 702 1440 loricas
718 1377 841 1440 ferreas.
885 1377 969 1440 Haec

52 1470 95 1520 est
117 1463 287 1546 pertinacia
310 1470 339 1521 et
361 1481 470 1522 secura
492 1463 700 1542 praesumptio
733 1462 969 1540 uniuscuiusque
1041 1465 1045 1473 “
1079 1457 1082 1461 ’

54 1554 153 1604 sectae
176 1542 215 1606 de
237 1564 312 1605 suae
336 1545 490 1625 opinionis
521 1546 646 1604 veritate
668 1554 698 1604 et
719 1543 871 1606 firmitate.
915 1545 968 1604 His

53 1628 129 1686 enim
151 1627 257 1688 ferreis
280 1627 454 1688 thoracibus
476 1636 547 1688 sunt
568 1629 681 1688 invicti.
726 1627 810 1687 Haec
832 1635 901 1688 sunt
919 1647 966 1688 cu-

52 1711 156 1790 iusque
178 1719 282 1772 sectae
304 1711 462 1791 principia.
486 1709 524 1770 Et
546 1730 607 1770 vox
629 1713 745 1770 alarum
768 1730 871 1771 earum
889 1712 969 1772 sicut

54 1812 111 1854 vox
143 1812 285 1857 curruum
319 1803 348 1854 et
382 1813 530 1872 equorum
566 1795 748 1854 currentium
782 1794 811 1854 in
845 1793 966 1856 bellum.

52 1875 123 1936 Alae
145 1886 217 1938 sunt
240 1876 333 1938 verba
356 1877 575 1973 disputantium
594 1883 624 1936 et
641 1875 891 1973 conflictantium,
905 1879 968 1956 qui-

53 1959 103 2020 bus
125 1962 312 2040 impetuose,
346 1961 449 2020 rixose
477 1970 508 2020 et
539 1959 705 2021 clamose
698 1961 828 2020 invicem
851 1961 968 2020 irruunt

53 2049 81 2102 et
100 2050 255 2122 pugnant,
283 2051 314 2102 ut
337 2043 502 2104 videmus
494 2062 523 2104 ιιι
542 2042 718 2104 tumultibus
740 2041 967 2124 disputantium,

54 2134 109 2186 tam
133 2123 233 2186 verbis
255 2145 347 2205 quam
370 2127 507 2206 seriptis,
544 2127 593 2185 ubi
617 2134 724 2188 neuter
758 2127 855 2186 neutri
877 2125 968 2206 cedit,

55 2206 177 2286 quilibet
198 2209 327 2270 invictus
355 2218 408 2269 est
453 2207 542 2269 Hunc
565 2210 644 2268 enim
669 2210 854 2288 pertinacem
878 2209 967 2270 affec·

54 2298 110 2350 tum
148 2291 361 2372 disputationis
389 2311 477 2352 cursu
510 2293 568 2352 isto
592 2312 733 2352 curruum
763 2301 793 2352 et
819 2309 966 2372 equorum

56 2373 212 2453 siguificat.
256 2375 294 2434 ht
316 2375 470 2436 habebant
485 2375 609 2450 caudas,
631 2376 977 2455 similessoorpionum,

56 2464 82 2516 et
102 2458 199 2518 aculei
222 2466 307 2518 erant
329 2461 357 2520 in
381 2459 486 2519 caudis
509 2478 613 2520 earum
636 2467 667 2518 et
689 2466 825 2538 potestas
849 2478 965 2536 eorum,
1039 2519 1045 2538 ,

57 2559 160 2602 nocere
182 2539 356 2602 hominibus
382 2541 692 2622 mensibusquinque.
717 2541 868 2621 Explicat,
884 2541 967 2621 quod

56 2625 186 2704 superius
210 2626 378 2704 proposuit,
401 2625 530 2688 fructum
559 2633 589 2684 et
610 2624 700 2686 linem
731 2626 847 2686 scilicet
878 2623 967 2686 huius

57 2705 223 2788 theologiae
255 2727 323 2768 esse
357 2708 453 2778 malas
482 2709 686 2769 conscientias
722 2716 786 2769 tota
816 2710 879 2768 vita
911 2709 968 2768 ista

59 2791 200 2868 sensuali3
222 2790 427 2870 spiritualibus
449 2793 529 2852 enim
547 2789 735 2852 abominatio
758 2799 804 2852 est
825 2811 863 2852 ea
884 2791 967 2855 than·

60 2871 180 3015 lpbgia,
182 2875 254 2953 quia
279 2881 350 2934 sunt
377 2883 465 2936 extra
492 2876 626 2954 quinque
656 2894 775 2936 menses
807 2877 837 2935 in
861 2876 969 2955 spiritu
1021 2876 1024 2881 ’

71 2956 208 3018 iertalis.

134 3036 172 3103 itt
194 3038 347 3102 habebunt
358 3059 450 3120 super
462 3060 495 3100 se
514 3060 616 3120 regem
631 3041 772 3120 angelum
786 3042 907 3146 abyssi,
916 3044 964 3102 cui

62 3141 161 3184 nomeu
185 3121 326 3184 hebraice
350 3122 512 3204 Abbadon‚
528 3121 760 3186 Graeceautem
779 3119 967 3188 ἀπολλύων.

62 3203 219 3267 Audiamus
258 3206 307 3266 hic
341 3217 489 3268 rectorem
529 3208 792 3304 generalissimum
833 3209 967 3268 omnium

63 3285 300 3368 Universitatum,
316 3309 376 3350 non
401 3289 565 3369 Christum,
581 3310 642 3350 nou
665 3291 801 3372 spiritum
819 3299 967 3370 sanctum,

65 3389 116 3432 nou
138 3373 278 3456 angelum
302 3373 433 3452 domini,
456 3372 510 3436 sed
540 3374 683 3454 angelum
711 3375 831 3455 abyssi,
858 3372 888 3432 id
912 3381 970 3450 est,

129 3639 156 3710 l)
175 3641 206 3699 ln
225 3641 288 3696 edit.
308 3644 390 3712 orig:
411 3641 455 3699 st.
516 3641 598 3708 2)1n
618 3642 682 3696 edit.
701 3642 773 3700 lem:
793 3647 968 3701 sacrificium.
1054 3667 1062 3686 ·

86 3743 167 3787 botheri
181 3757 232 3798 opp.
246 3747 273 3789 V.
288 3747 318 3794 Α.
329 3748 358 3790 ad
371 3747 412 3789 ret.
426 3747 476 3790 hist
490 3748 505 3789 l.
518 3759 538 3798 p
555 3748 604 3789 vot
620 3749 647 3792 V·
763 3717 802 3782 Ὦ
