2250 4008
340 183 465 237 Rationis
487 183 660 236 latomianse
679 185 729 235 etc.
932 179 989 243 461

68 333 230 398 Ohristum
252 337 413 418 significat.
456 337 555 397 Nemo
577 335 668 396 dixit:
689 337 793 396 Aaron
817 353 877 395 uno
901 336 993 397 modo

70 417 248 499 Christum,
279 420 456 482 ullomodo
485 420 577 481 fllium
600 421 735 480 Amrsm.
779 417 877 478 Nemo
900 418 993 478 dixit:

69 500 179 562 David
212 522 275 564 uno
308 503 400 565 modo
430 503 509 564 iilius
534 504 607 581 lsai,
641 501 702 563 aiio
727 501 819 561 modo
841 501 993 578 Christus,

68 583 225 646 Salomon
250 604 311 647 uno
333 585 427 648 modo
451 585 530 646 iilius
552 585 670 661 David,
703 585 764 645 alio
799 585 890 645 modo
911 585 995 645 Chri-

70 675 155 732 stus.
198 667 239 729 lut
272 677 372 730 tamen
397 689 469 730 vere
491 670 633 729 dicimus:
658 667 795 728 Christus
817 677 863 727 est
886 668 994 748 David,

69 749 245 829 Salomon,
279 753 401 832 Aaron,
424 760 454 812 et
477 755 579 812 onmia
599 752 652 813 illa
675 753 784 810 veteris
806 751 994 811 Testamenti

69 835 230 913 symbols.
273 836 320 895 Ac
343 845 468 916 propter
485 835 729 896 huneOhristum
750 841 910 914 peccatum
933 834 994 895 iao·

70 926 142 977 tum
165 920 257 978 etiam
280 939 336 979 sun
356 918 523 979 similitudo
546 925 705 998 peccatum
731 917 855 994 dieitur,
878 917 993 978 oblatio

69 1001 197 1062 scilicet
217 1003 327 1062 veteris
339 1001 537 1079 Testamenti,
559 1003 602 1060 ita
623 1009 732 1061 utnon
748 1001 918 1080 diversitas,
940 1001 994 1060 sed

68 1084 243 1144 similitudo
266 1087 386 1165 peccati
417 1103 473 1165 per
499 1087 602 1144 omnia
636 1090 778 1162 maneat,
813 1102 892 1163 quae
925 1083 996 1144 iacit

69 1166 184 1245 figuris
207 1168 318 1246 locum,
342 1178 372 1227 et
395 1187 501 1230 vocem
525 1185 717 1228 communem
741 1166 921 1246 reddit,=illi
944 1187 994 1226 uu-

70 1258 140 1309 tem
163 1260 323 1330 peccatum
346 1253 391 1311 sio
413 1259 554 1334 tractant,
577 1257 610 1310 ut
626 1259 757 1330 quatuor
778 1251 855 1310 istae
878 1254 995 1329 species

71 1331 290 1394 dissimiliores
312 1337 386 1415 sint,
410 1352 509 1414 ‘quam
543 1333 665 1394 coelum
691 1341 721 1392 et
743 1339 838 1409 terra,
874 1351 996 1412 exque

71 1415 323 1478 dissimilitudine
365 1417 527 1478 hebetetur
568 1416 760 1494 intellectus,
803 1417 997 1478 confunditur

70 1501 198 1578 anima,
231 1506 263 1560 et
283 1501 361 1580 perit
384 1503 525 1560 universa
559 1500 673 1580 gratia,
709 1505 772 1559 tum
803 1499 902 1578 verbi,
934 1508 996 1560 tum

71 1601 189 1644 rerum.
232 1583 301 1644 Hoc
335 1583 427 1644 modo
460 1583 682 1644 Paulus'Rom.
705 1584 734 1645 8.
766 1590 899 1643 tractans
928 1601 996 1663 peo-

74 1675 184 1725 catum
207 1665 293 1726 dicit:
316 1667 356 1726 litt
377 1666 416 1727 dc
438 1675 569 1747 peccato
591 1666 749 1726 damnavit
762 1674 935 1745 peceatum,
959 1665 997 1725 de

73 1756 211 1829 peccato
242 1749 313 1829 iilo,
345 1750 428 1829 quod
451 1750 602 1810 Christum
634 1768 702 1810 esse
724 1749 813 1832 fecit,
849 1749 996 1809 translato

73 1839 186 1893 nostro
208 1834 238 1892 in
261 1832 343 1894 illum
360 1833 515 1894 damnavit
528 1838 688 1914 peccatum
706 1839 853 1912 nostrum,
876 1832 914 1892 de
936 1849 997 1912 quo

73 1934 162 1975 nnnc
184 1913 341 1977 videamus
360 1916 402 1993 ¹).

163 1999 299 2060 Dicimus
322 2017 410 2080 ergo,
433 1998 594 2079 Sophistss
616 2015 688 2061 vere
710 2017 771 2060 non
794 2017 903 2076 nosse,
925 1999 997 2082 quid

74 2083 120 2141 sit
140 2089 302 2162 peecatum
325 2102 382 2143 usu
404 2079 643 2164 Scripturarum,
676 2101 747 2142 nsm
771 2082 841 2142 dnm
864 2098 996 2162 poenam

77 2171 211 2243 vocant,
241 2166 334 2246 longe
356 2165 534 2226 dissimilem
554 2185 619 2226 rem
641 2185 660 2226 a
683 2173 812 2246 peccato
834 2167 998 2243 somniant,

76 2249 164 2326 quod
187 2247 343 2329 Scriptura
364 2268 426 2310 non
456 2248 544 2328 iscit3
576 2249 662 2330 quia,
697 2256 730 2308 ut
752 2248 831 2326 dixi,
861 2248 998 2310 Christus

75 2332 187 2392 similis
210 2340 339 2413 peccato
362 2333 417 2393 fuit
438 2351 492 2414 per
516 2335 634 2412 omnia,
656 2331 715 2391 nisi
732 2332 815 2412 quod
838 2343 997 2412 peccatum

77 2433 145 2476 non
178 2415 258 2476 iecit.
300 2416 379 2476 Nam
413 2434 504 2477 omne
539 2415 613 2477 illud
648 2415 780 2493 malum,
812 2416 895 2495 quod
929 2427 999 2496 post

77 2507 184 2558 sctum
207 2500 326 2579 peccati
346 2501 378 2560 in
401 2499 490 2559 nobis
512 2508 569 2575 est,
591 2497 708 2558 scilicet
729 2499 821 2561 timor
842 2501 947 2559 mortis
970 2492 1008 2559 et'

77 2581 202 2657 inferni,
225 2583 320 2642 sensit
342 2593 371 2642 et
393 2583 461 2643 tulit
479 2581 626 2658 Christus,
648 2579 721 2641 illud
737 2600 809 2643 vero
820 2580 998 2662 figmentum

79 2665 203 2725 illorum
237 2666 275 2726 de
309 2673 395 2727 reatu
428 2673 459 2726 et
490 2659 687 2745 deputatione
719 2665 758 2725 ad
787 2683 919 2745 poenam
942 2667 999 2748 ipsi

80 2767 146 2808 non
170 2748 350 2830 intelligunt.
394 2747 530 2811 Christus
553 2751 633 2809 enim
655 2751 751 2809 sensit
771 2747 1000 2830 deputationem

81 2832 185 2908 iilam,
217 2841 247 2892 et
268 2832 374 2893 similis
397 2839 463 2893 erat
483 2833 542 2911 illi,
577 2833 627 2911 qui
655 2833 700 2892 sio
723 2832 899 2913 deputatur,
932 2833 1002 2893 licet

82 2917 203 2994 absque
223 2915 322 2996 oulps.
366 2915 452 2993 Quae
473 2935 547 2976 vero
569 2923 616 2975 est
635 2914 804 2996 deputatio,
826 2933 917 2996 quam
941 2935 1001 2976 nou

83 2998 221 3060 sentes?
254 3017 378 3080 prorsus
411 2998 494 3062 nihil.
538 2999 644 3079 Itaque
673 2997 809 3060 Christus
843 3007 915 3059 tunc
952 3003 1002 3076 (ut
1113 3037 1115 3046 ,

83 3083 168 3160 dixi)
205 3082 278 3143 nihil
309 3082 467 3144 differebat
495 3103 513 3142 a
541 3083 709 3143 novissimo
741 3090 921 3163 peccatore,
951 3084 1002 3163 qui

84 3167 297 3246 acceptatam
328 3168 433 3226 mortis
456 3173 487 3227 et
508 3165 616 3226 interni
637 3167 788 3226 sententia
812 3165 1002 3226 damnandus

84 3259 178 3312 esset.
222 3250 354 3330 vigebat
374 3250 426 3311 ills
452 3250 630 3330 deputatio,
669 3249 766 3310 solum
800 3249 860 3309 hoc
887 3248 1002 3324 aberat,

86 3333 171 3416 quod
202 3333 294 3395 talem
325 3333 554 3415 deputationem
583 3351 645 3393 non
676 3340 842 3410 meruerat,
880 3339 910 3391 et
938 3335 1003 3393 sine

87 3435 182 3498 opere
204 3423 235 3478 in
257 3416 340 3477 illam
363 3436 419 3499 pro
441 3417 531 3478 nobis
558 3416 685 3477 traditus
714 3424 794 3495 erat,
828 3427 1002 3496 quanquam

87 3503 164 3562 haec
185 3521 235 3562 res
258 3502 355 3581 magis
377 3500 554 3582 affectibus,
586 3519 678 3582 quam
707 3499 806 3561 verbis
828 3501 952 3560 tractari
974 3505 1005 3562 et

161 3693 188 3759 1)
209 3691 240 3745 ln
257 3691 300 3746 ed.
317 3693 393 3746 len:
414 3691 547 3748 videmus.
