2262 4006
332 193 458 250 afficere
477 193 651 248 balo'misuaa
670 195 721 246 stc.
931 181 994 254 409

74 357 144 418 ticis
182 366 212 418 et
244 354 430 438 evangelicis
463 354 582 423 scn'ant.
645 355 818 444 Prophetae
852 377 925 442 ergo
964 350 995 419 ei

72 442 287 522 evangelistae
329 441 449 504 luerunt
476 443 706 504 Lovanienses?
757 441 884 503 Prorsus
934 442 995 504 lroc

69 525 224 586 Lutlrerus
248 527 418 606 ignoravit,
452 547 509 587 nec
538 537 660 607 praeter
686 527 857 604 Latomum,
891 526 995 609 credo,

71 610 154 669 ullus
177 610 333 672 bominum
358 612 453 689 norit,
472 629 585 691 magno
607 611 764 674 miracula.
808 610 925 674 Eadem
950 629 994 670 ar·

70 694 217 774 rogantia
239 701 295 773 est,
318 695 400 774 quod
423 714 522 754 meam
537 693 775 774 disputationem
799 714 867 754 esse
889 694 994 754 adver·

70 797 126 836 sus
157 779 314 837 veritatem
344 779 467 852 asserit,
499 798 554 858 per
575 779 732 838 veritatem
766 775 930 838 infallibilis
951 777 994 837 iu·

70 857 136 919 dex
160 869 191 919 et
213 861 410 942 evangelista,
435 855 672 921 Loraniansium
703 864 887 922 sentimenta
909 859 995 921 intel·

71 943 184 1021 ligans.
229 941 317 1022 Quod
341 943 534 1005 statuendum
557 944 705 1009 Lutherus
726 946 835 1006 stultus
860 943 897 1006 ad
921 942 994 1003 iudi·

69 1045 153 1100 cem,
177 1044 239 1086 non
263 1027 301 1087 ad
323 1035 440 1107 partem
459 1026 758 1107 pertinereputabat.
802 1025 861 1088 Sed
883 1033 914 1088 et
934 1027 996 1088 hoo

69 1109 276 1189 sophisticum
312 1110 507 1191 supercilium
546 1119 577 1170 st
608 1111 865 1172 incendiariorum
896 1109 994 1171 iactus

69 1200 131 1270 est,
155 1212 218 1252 non
239 1193 332 1253 fuisse
355 1193 580 1254 connivendum
593 1193 744 1255 erroribus
759 1181 995 1272 mebsscilicet,

71 1295 156 1357 quos
181 1277 315 1336 nondum
339 1277 498 1357 quisquam
517 1277 594 1338 tales
608 1276 802 1357 probaverat,
824 1296 883 1337 uec
903 1276 996 1338 bodie

70 1359 196 1438 probat.
220 1345 280 1420 bed
303 1363 376 1420 satis
399 1367 474 1436 erat,
497 1360 578 1440 quod
601 1362 706 1441 opinio
737 1359 994 1440 evangelistarum

70 1449 105 1502 et
145 1441 364 1523 prophetarum
395 1443 630 1505 Lovaniensium
671 1447 784 1505 veritas
818 1455 899 1524 erat,
937 1442 997 1504 illis

70 1526 240 1587 contraria.
307 1557 314 1570 x

161 1607 285 1669 Summa
308 1608 396 1669 buius
418 1608 552 1685 concilii,
576 1610 658 1688 quod
672 1609 818 1671 Latomus
837 1609 896 1670 hac
911 1629 995 1689 prae·

69 1691 192 1751 satione
221 1690 381 1768 describit,
408 1691 524 1774 liquido
555 1691 648 1753 luisse
670 1693 803 1753 cernitur
824 1695 898 1752 ista:
931 1691 996 1752 Nos

71 1795 182 1834 sumus
207 1775 342 1854 Magistri
358 1776 481 1851 nostri,
519 1793 577 1835 nos
600 1775 730 1852 iudices,
764 1794 821 1836 nos
844 1796 905 1836 non
928 1794 997 1856 pos·

72 1877 183 1918 sumus
206 1876 318 1935 errare,
341 1858 430 1919 nobis
453 1857 536 1917 orbis
559 1857 722 1935 obnoxius,
745 1859 891 1938 quidquid
915 1858 996 1918 dixe·

72 1941 190 2014 rimus,
228 1941 372 2002 articulus
401 1938 488 2015 fidei,
523 1942 752 2020 evangelicum,
783 1941 995 2022 propheticum

72 2030 134 2084 est.
179 2023 289 2085 Nonne
311 2024 389 2084 haec
410 2026 440 2084 ln
455 2021 570 2085 Libello
587 2044 657 2085 meo
672 2025 819 2085 adversus
834 2045 888 2086 eos
905 2024 997 2105 plane

72 2105 228 2186 praedixi,
251 2107 389 2186 quselric
401 2105 563 2167 confitetur
576 2105 742 2168 Latomus‘i
766 2107 832 2187 ligo
847 2109 872 2167 si
895 2126 994 2167 essem

72 2189 174 2250 hostis
208 2189 295 2250 huius
326 2189 506 2263 Facultatis,
544 2208 605 2250 non
642 2209 752 2270 queam
788 2191 996 2251 vehementius

70 2271 219 2332 insectari
234 2272 354 2349 fastum,
373 2272 579 2354 supercilium,
602 2275 823 2351 temeritatem?
835 2275 996 2351 inscitiam,

70 2350 301 2430 hebetudinem,
325 2354 470 2416 malitiam
492 2356 557 2415 eius
580 2356 712 2432 concilii,
734 2376 824 2436 quam
847 2355 995 2418 hicLato-

73 2457 145 2498 mus
167 2434 240 2498 lacit
261 2439 425 2518 magnilica
453 2440 512 2499 ista
535 2437 741 2519 praelatione,
772 2439 851 2500 adeo
884 2439 994 2518 singuli

73 2521 182 2600 apices
204 2521 319 2606 spirant
353 2521 525 2602 superbiam
549 2521 765 2600 Moabiticam,
800 2530 828 2582 et
851 2542 994 2604 arrogan-

73 2605 149 2663 tiam
172 2601 241 2684 plus
264 2623 355 2682 quam
379 2604 588 2686 sophisticam.
631 2605 700 2666 Non
724 2607 803 2665 euim
838 2606 924 2666 aliter
956 2604 994 2666 de

72 2687 135 2746 ista
158 2687 368 2748 controversie
389 2687 541 2770 loquitur,
577 2706 667 2767 quam
703 2688 727 2748 si
750 2707 871 2769 semper
906 2695 995 2748 extra

74 2787 200 2830 omnem
223 2771 463 2832 controversiam
487 2790 535 2831 res
558 2769 741 2847 istaluisset,
765 2780 795 2831 ut
817 2790 915 2852 prope
936 2789 992 2831 no-

74 2851 122 2911 bis
145 2853 221 2912 deos
244 2853 335 2914 iaciat
356 2851 500 2914 Latomus
522 2861 583 2914 tam
606 2855 743 2934 insignes
765 2855 884 2929 asinos,
917 2853 994 2914 scili·

74 2941 127 3077 cap
158 2943 275 2995 tautum
313 2938 395 2997 venti
430 2937 528 3017 potuit
562 2935 649 2996 Bulla
692 2957 753 2997 una
789 2937 838 2997 uni
872 2939 994 2999 vesicae

74 3037 103 3078 rn
131 3037 192 3078 ara.
714 3035 718 3044 ·

158 3099 266 3160 Libros
290 3119 436 3161 erroneos
459 3101 634 3162 exurendos
671 3121 739 3162 esse
773 3103 933 3163 bonsentio
964 3107 994 3161 et

74 3182 186 3264 probo,
209 3181 346 3244 sednon
371 3203 441 3262 eos,
464 3202 541 3263 quos
564 3183 699 3245 nondum
723 3185 902 3266 probaveris
925 3203 993 3244 esse

74 3284 238 3341 erroneos,
271 3274 303 3326 ut
326 3268 499 3348 arrogantia
528 3266 744 3348 prophetarum
779 3286 927 3328 novorum
950 3267 993 3326 iu·

74 3350 172 3422 sunit,
199 3366 269 3408 uam
292 3355 322 3408 et
344 3368 402 3430 ego
426 3350 519 3410 libros
541 3369 694 3432 papenses
717 3352 834 3425 exussl,
858 3356 890 3409 ut
911 3347 992 3408 vide-

76 3441 143 3491 rent
163 3431 299 3512 Magistri
323 3435 436 3511 nostri,
466 3450 527 3494 non
558 3453 627 3494 esse
656 3435 729 3494 artis
759 3451 857 3512 nequa
878 3432 992 3515 ingenii

76 3533 229 3595 papyrum
254 3533 401 3591 exurere,
433 3515 515 3595 quod
549 3515 629 3577 lixae
659 3517 755 3578 nostri
776 3523 804 3576 et
828 3517 993 3596 pincernae

75 3599 169 3658 etiam
183 3598 330 3678 'possunt
374 3598 454 3679 ignis
473 3599 592 3681 (siunt)
606 3619 666 3660 non
690 3600 781 3660 solvit
803 3603 992 3678 argumenta.

76 3679 124 3743 illi
156 3681 187 3740 iu
214 3681 301 3744 Actis
338 3685 388 3748 17.
423 3701 485 3745 non
523 3687 704 3745 exusserunt
741 3681 852 3762 libros,
892 3680 992 3744 donec
