2258 4002
140 132 203 202 170
336 134 462 194 umus
481 152 556 195 suu.
575 135 759 194 aaran.
778 137 877 208 usu

140 309 203 354 uou
226 290 318 353 dabat
337 311 476 372 reguum,
499 311 557 354 usu
578 311 636 353 uos
659 294 687 354 si
710 291 838 355 obadira
860 311 916 354 ssu
932 311 1060 355 cousen-

141 376 207 451 tira‚
230 376 284 437 sed
307 382 414 438 uuutm
436 393 584 457 pugnare,
608 375 787 455 asuaifigare
809 384 840 438 at
865 376 1061 438 mortitiuure.

141 459 226 520 Siout
247 457 343 520 Gens.
367 461 393 525 3,
418 458 498 520 idam
522 459 634 520 bellum
656 461 778 540 spiritus
795 462 935 522 atsaruis
953 461 1062 521 deseri·

140 542 236 605 bitur:
259 543 434 603 iuimicitias
458 562 571 623 ponam
595 545 674 603 iuter
694 551 724 604 ta
747 551 777 604 et
797 544 954 604 mulierem
977 545 1063 604 atin-

140 633 186 686 tsr
202 645 305 687 samen
318 634 401 686 tuum
425 632 456 685 st
476 625 692 702 eumdumius,
714 625 848 706 ipsuml)
868 634 1063 688 conteratos·

139 716 194 791 put
215 717 299 770 tuum
323 716 353 770 at
375 718 407 770 tu
429 708 622 772 insidiaberis
645 709 793 772 uslasusu
814 710 904 774 iilius.

224 793 340 854 Rursus
361 794 451 855 Rom.
466 797 503 858 7:
527 791 732 854 condelector
745 793 806 874 lagi
821 794 879 856 Dei
895 793 1064 854 seeundum

138 877 315 938 interiorem
337 876 509 951 homiuem,
541 876 631 936 video
655 883 757 937 autem
784 877 875 938 sliam
903 877 1004 955 legam
1031 878 1063 937 iu

139 979 218 1020 mam
232 960 381 1036 brismais,
395 967 617 1038 repugnantem
628 958 689 1038 legi
703 961 812 1020 mentis
831 979 923 1021 meae
946 967 979 1020 at
995 979 1064 1038 usp-

140 1045 287 1104 tivantem
310 1063 358 1104 me
380 1044 410 1104 iu
434 1042 535 1121 legem
558 1043 686 1121 pseusti.
711 1043 939 1120 ,Hoauuudiui
954 1044 985 1102 iu
1000 1063 1066 1122 per·

140 1145 217 1188 sous
240 1127 398 1201 malorum,
422 1126 475 1186 sed
498 1127 528 1186 iu
552 1144 686 1205 persona
707 1145 763 1186 sua
785 1128 1065 1187 euomuiumsauu

139 1216 239 1270 torum
262 1209 394 1271 filiorum
417 1210 484 1286 Dai,
507 1227 547 1269 ex
569 1227 607 1268 eu
630 1214 725 1287 patet,
747 1209 832 1289 quod
855 1209 1066 1271 uoudalautari

137 1292 199 1371 legi
221 1294 277 1353 Dsi
299 1292 466 1354 seeundum
493 1292 671 1353 interiorem
694 1291 849 1353 homiuem
872 1293 1067 1373 impossibile

140 1381 187 1436 est
207 1372 322 1437 homiui
346 1382 433 1436 extra
456 1376 584 1454 gratiam
608 1376 785 1452 uoustituto‚
808 1377 860 1454 qui
881 1376 1067 1456 potiusodit

137 1458 239 1538 legum
261 1460 334 1536 Dsi3
351 1461 423 1538 quia
436 1478 504 1538 asp.
526 1460 556 1522 3.
572 1457 708 1537 generali
731 1460 883 1520 sententia
906 1459 945 1520 de
968 1460 1067 1520 omni·

139 1541 196 1602 bus
218 1541 287 1603 filiis
309 1543 467 1603 homiuum
490 1541 625 1602 dixerat:
647 1539 717 1602 Nou
740 1547 787 1602 est
807 1543 916 1620 iustus,
939 1561 1005 1603 nou
1022 1550 1068 1603 ast

139 1625 329 1704 intelligens,
352 1644 414 1686 uon
438 1630 485 1685 est
507 1625 664 1702 requirens
686 1623 806 1701 Deum,
835 1645 944 1688 omues
975 1625 1067 1686 desii·

140 1716 300 1785 uavuruut,
323 1709 411 1768 simul
434 1708 555 1768 inutiles
577 1707 650 1766 isati
672 1714 751 1785 sunt,
767 1727 828 1768 uou
851 1717 898 1769 est
909 1710 962 1788 qui
973 1709 1069 1770 iaciat

138 1792 264 1870 bouum,
287 1811 350 1854 uon
370 1798 528 1870 estusque
551 1790 588 1849 ad
612 1809 715 1852 uuum.
760 1791 801 1852 At
822 1793 874 1871 qui
898 1792 1070 1853 detestatur

138 1877 169 1936 iu
201 1876 270 1956 lege
293 1877 351 1937 Dei
381 1875 549 1936 secundum
576 1875 750 1934 interiorem
783 1875 956 1950 homiuum,
985 1882 1070 1936 uerte

138 1959 235 2020 iustus
260 1967 324 2032 est,
345 1959 504 2038 iutelligit,
527 1957 653 2035 requirit
673 1956 771 2016 Duum
795 1964 826 2019 st
846 1959 1069 2033 ratisbonam,

140 2061 198 2102 neu
220 2042 353 2103 declinat
374 2062 393 2102 a
414 2043 503 2116 Deo,
526 2059 595 2109 uum
618 2038 763 2100 delectari
785 2041 816 2100 in
841 2041 910 2121 legs
932 2060 996 2102 nou
1032 2043 1071 2102 sit

140 2125 198 2186 nisi
221 2124 352 2188 amantis
377 2133 407 2186 et
427 2123 626 2185 desiderantis
650 2122 759 2202 legem,

223 2209 261 2268 ut
281 2211 310 2268 in
328 2208 388 2268 iius
413 2207 512 2284 (aittz
535 2207 631 2285 Igitur
653 2225 711 2284 ego
734 2208 801 2285 ipsa
831 2213 933 2276 manta
964 2210 1068 2268 sarvia

139 2292 201 2372 legi
223 2292 290 2366 Dei,
315 2311 406 2352 sarus
428 2298 530 2353 autam
553 2289 613 2368 legi
635 2290 765 2368 pseusti.
789 2288 821 2349 Si
836 2291 916 2350 anim
930 2289 1068 2353 hasnon

140 2376 171 2435 iu
195 2394 251 2434 sua
271 2393 415 2454 persona,
437 2373 491 2434 aad
514 2373 676 2452 impiorum
696 2371 782 2447 dixit,
801 2371 953 2450 dabimus,
968 2375 1067 2435 malos

141 2475 209 2518 asse
232 2476 337 2518 servos
359 2457 432 2531 Dei,
459 2455 626 2515 seeundum
650 2455 834 2517 nobiliorem
857 2464 976 2536 partum
1010 2459 1066 2536 sui,

140 2540 258 2601 sailiuet
280 2547 423 2602 mantem,
457 2539 535 2600 Nam
558 2537 675 2598 servire
696 2537 755 2618 legi
778 2539 835 2599 Dei
858 2546 904 2600 ast
927 2539 1067 2616 obedire,

138 2623 168 2682 iu
190 2642 298 2684 omnes
320 2624 384 2682 eius
407 2620 580 2682 voluntates
602 2622 646 2680 ira
668 2627 698 2682 et
720 2619 874 2682 subditum
897 2642 967 2684 esse
989 2624 1066 2699 Deo,

138 2705 221 2785 quod
245 2706 457 2786 impiissimum
479 2711 525 2764 est
546 2705 659 2764 sentire
671 2702 710 2764 ds
720 2705 839 2785 impiis,
858 2724 989 2783 quorum
1015 2726 1068 2767 uor
1117 2767 1118 2772 ,

142 2795 173 2848 st
195 2808 283 2848 mens
304 2789 426 2868 penitus
451 2787 605 2846 declinant
626 2805 646 2846 a
668 2787 735 2847 Deo
759 2794 789 2848 et
811 2789 913 2866 potius
928 2793 1023 2850 carue
1037 2797 1067 2850 et

140 2875 268 2932 exterus
290 2872 394 2951 speeie
415 2870 537 2948 pietatis
560 2869 587 2929 si
609 2871 753 2932 serviunt.
791 2870 876 2933 Siout
904 2871 943 2932 da
971 2873 1065 2952 hypu

140 2955 222 3014 uritis
245 2954 319 3016 dicit
342 2956 369 3017 1.
393 2953 526 3014 Timoth.
543 2955 571 3016 4.
595 2959 624 3012 et
638 2951 857 3025 Psalm.78¹t:
880 2955 943 3016 Gor
965 2966 1064 3016 autam

141 3055 247 3098 eorum
270 3057 331 3098 uon
355 3043 423 3099 erat
444 3042 563 3096 reatum
595 3055 664 3094 uum
689 3055 744 3111 au,
766 3055 866 3117 nequa
889 3037 998 3098 fideles
1016 3039 1067 3099 ha·

139 3119 195 3182 biti
217 3123 338 3182 suntin
361 3127 544 3182 testamento
567 3119 634 3178 Dei.
672 3118 712 3178 ut
732 3119 856 3180 iterum:
888 3119 1073 3197 Generati0‚'

141 3222 221 3284 quse
239 3223 301 3265 uou
326 3205 438 3265 direxit
459 3222 513 3263 eor
526 3221 625 3279 suum,
639 3220 698 3262 neu
709 3208 756 3262 est
771 3202 902 3264 eraditus
914 3223 985 3264 uum
1000 3205 1063 3266 Deo

140 3289 263 3368 spiritus
286 3289 360 3350 aius.

228 3370 355 3447 Quidvis
377 3373 479 3431 autam
501 3366 591 3428 tribui
613 3367 715 3446 impiis
745 3369 861 3447 patior,
893 3375 1062 3432 comeatum
1117 3441 1118 3448 ἵ

198 3631 229 3702 1)
249 3631 281 3691 Iu
299 3635 343 3690 ed.
360 3635 446 3708 urim:
464 3635 534 3705 ipsa
570 3634 603 3706 2)
624 3633 708 3693 lbra:
728 3638 771 3695 77..
