2258 4002
226 159 330 214 Bullam
353 159 435 216 teon.
457 157 632 216 x.-dsmnat
651 173 677 214 a.
697 157 776 216 1520.
919 155 980 224 171
1041 161 1062 198 ἰ

63 319 92 376 et
112 315 251 395 spiritum
275 313 397 378 fidetem
413 313 501 394 ‘legis
528 313 683 376 amantem
710 312 802 394 plane
826 310 983 392 Scriptura

64 404 128 459 tota
150 418 215 462 non
239 399 297 460 uisi
312 397 432 460 Sanotis
455 397 545 458 tribui
567 398 660 476 augit.
687 395 756 459 Non
780 397 861 458 euim
885 393 982 456 dioit:

61 479 158 542 Video
184 482 284 561 legem
308 481 363 550 Dei
386 482 416 543 in
439 481 585 543 interiore
606 481 739 557 homine,
761 481 840 540 siout
861 479 984 558 delego

61 567 180 642 psooati
204 565 292 626 dioit:
321 562 420 626 Video
443 563 534 625 aliam
556 563 655 644 tegam
677 564 708 625 iu
730 563 874 624 membris
897 563 983 624 meis.

60 647 140 708 Vidit
165 650 293 710 enimet
316 647 387 709 odio
405 647 528 726 habuit,
556 647 628 708 lieet
656 666 761 709 oarere
789 665 851 706 non
875 647 983 724 possit,

57 737 160 792 tamen
184 732 302 794 fortiter
323 737 430 792 eontra
451 731 606 812 pugnavit.
628 732 670 792 At
691 729 741 792 bio
762 729 845 790 dicit:
864 728 983 792 Conde-

58 815 153 876 leotor
179 815 242 895 legi
277 815 350 895 Dei,
375 814 458 894 quod
490 822 537 874 est
565 815 662 894 magis
692 832 781 893 quarn
814 812 926 874 vidisse
952 817 985 872 'et

57 917 181 960 amasse
203 897 315 980 legem,
331 897 413 978 quod
435 897 543 976 procui
565 896 658 958 dubio
681 896 819 971 includit,
841 915 894 956 oor
916 914 984 956 esse

57 987 175 1044 reatum
197 1000 253 1043 seu
274 982 411 1061 spiritum
434 979 555 1042 fidelem
574 988 604 1040 st
619 1000 691 1042 vore
703 981 797 1060 pium,
820 979 902 1059 quod
918 998 980 1039 non

59 1065 114 1126 nisi
139 1065 179 1126 de
202 1065 327 1144 seipso
352 1070 382 1126 et
403 1063 550 1124 similibus
573 1063 693 1127 Sanctis
716 1062 901 1124 intellectum
931 1082 984 1122 vo·

57 1147 119 1222 luit,
143 1167 241 1228 qnare
265 1149 322 1208 nisi
343 1149 444 1227 impiis
466 1147 607 1209 volumus
623 1146 756 1208 tribuere
769 1146 882 1224 omnia,
904 1164 985 1225 quae

59 1231 243 1294 Sanotorum
268 1236 347 1307 sunt,
369 1230 451 1290 huno
472 1229 574 1292 looum
588 1229 768 1310 negabimus
785 1229 824 1291 ab
839 1227 983 1310 apostolo

58 1315 86 1374 in
107 1313 241 1374 aliorum
263 1315 425 1394 impiorum
447 1333 581 1394 persona
602 1312 726 1376 dietum.

140 1385 269 1477 Fateor,
305 1398 330 1458 si
365 1397 564 1478 pertinaciam
602 1416 688 1458 suam
717 1395 795 1458 nolit
834 1395 986 1475 quispiam

59 1479 236 1560 deponere,
266 1479 458 1560 perdurabit,
495 1499 551 1540 neo
579 1479 626 1540 bis
654 1477 800 1540 flectetur.
851 1477 890 1538 Et
913 1477 985 1557 quid

60 1564 192 1625 mirum?
216 1582 285 1624 oum
307 1583 365 1625 neo
386 1561 523 1625 christus
547 1562 689 1625 omnibus
701 1563 833 1643 potuerit
842 1581 899 1624 sua
919 1580 985 1641 per-

61 1645 201 1707 suadere.
244 1645 329 1708 Haeo
352 1646 511 1724 doctrina,
534 1647 607 1727 quia
635 1665 724 1708 saera
752 1651 783 1707 et
804 1644 906 1705 divina
929 1651 986 1718 est,

59 1729 132 1806 vuit,
156 1735 191 1789 ut
212 1729 321 1808 positis
343 1731 486 1810 propriae
508 1730 677 1792 sententiae
700 1737 730 1790 et
751 1729 905 1808 opinionis
925 1734 986 1788 stu·

59 1811 114 1871 diis
136 1810 256 1872 dooiies
279 1819 310 1874 et
331 1811 459 1874 ductiles
481 1813 541 1873 sint
562 1819 625 1874 tam
641 1811 795 1873 auditores
809 1830 899 1891 quam
910 1817 985 1870 trao-

59 1901 186 1972 tatores,
207 1896 287 1956 siout
306 1895 379 1956 dioit
400 1893 607 1969 Psalm.45¹):
630 1896 713 1958 Audi
734 1893 798 1956 filia
818 1901 848 1954 et
868 1891 939 1955 vido
956 1900 987 1954 et

60 1977 175 2038 inclina
199 1997 303 2040 aurem
326 1985 420 2042 tuam.
451 1977 559 2042 Nullus
579 1979 790 2040 contentiosus
813 1984 866 2038 aut
887 1976 985 2057 pervi-

61 2081 118 2120 osx
141 2061 204 2122 bno
226 2061 371 2124 intrabit?
393 2063 455 2124 imo
477 2063 508 2121 in
530 2081 623 2141 quam
646 2081 779 2142 unquam
802 2060 986 2122 sententiam

62 2144 258 2224 quantumvis
281 2144 470 2206 manifestam
494 2144 628 2206 veritatis
651 2145 860 2206 eontentiosus
874 2150 905 2202 et
919 2162 986 2222 per·

64 2228 154 2288 viuax
176 2225 280 2288 induoi
302 2227 422 2308 potuit?
464 2227 638 2308 Perpendat
659 2237 760 2289 antem
789 2223 887 2306 quivis
910 2225 988 2286 baso

62 2309 169 2371 sedato
191 2316 223 2370 et
243 2309 341 2372 libero
364 2310 467 2372 animo
518 2329 649 2390 seseque
678 2309 810 2372 dooiisnr
840 2307 987 2390 praebeat

63 2392 129 2454 Deo
152 2400 185 2454 et
205 2393 271 2454 sins
294 2391 387 2456 dubio
410 2392 565 2454 erudietur
595 2400 625 2456 et
646 2393 828 2456 suavissima
857 2393 987 2452 veritate

64 2476 209 2556 sapietur.
233 2475 321 2552 Quae
343 2475 468 2556 postulo
491 2495 528 2538 so
542 2477 661 2556 iustius,
684 2475 767 2557 quod
786 2476 866 2538 hese
879 2482 983 2536 nostra

65 2560 215 2620 sententia
236 2558 338 2620 verbis
360 2557 406 2622 his
422 2559 531 2620 divinis
546 2557 682 2621 traditur.
707 2558 892 2622 Adversaris
911 2577 984 2620 vero

68 2641 167 2704 verbis
192 2641 362 2718 hominum,
373 2642 568 2722 humanaque
584 2643 729 2723 opinione
745 2649 775 2702 et
787 2647 895 2703 nostro
918 2660 988 2702 sen·

65 2745 96 2786 su
117 2731 239 2788 tantum
262 2723 397 2802 offertur,
420 2724 537 2806 absque
558 2727 720 2790 autoritate
742 2725 806 2786 Seri
831 2730 917 2787 turae
940 2723 985 2784 di·

66 2809 163 2886 vinae,
185 2816 278 2890 atque
299 2798 366 2872 hoo*
381 2810 451 2889 ipso
473 2815 627 2890 suspecta,
650 2827 718 2871 oum
736 2745 828 2887 quod
841 2808 938 2871 saoris
953 2807 984 2867 li·

68 2891 134 2952 teris
166 2889 215 2952 vel
242 2899 399 2972 uteunque
449 2891 549 2964 robori
579 2911 641 2954 non
670 2897 788 2974 potest,
821 2889 985 2972 approbari

68 2981 161 3037 tntum
184 2993 246 3036 non
269 2975 316 3034 sit.
359 2911 462 3036 Faoibe
483 2975 605 3054 quidem
629 2981 675 3038 est
696 2973 842 3036 damnare
869 2973 985 3034 alienas

69 3058 249 3132 sententias,
273 3056 327 3117 sed
351 3057 448 3119 multo
470 3057 589 3120 iaoilius
611 3056 668 3119 sibi
691 3064 881 3137 temperata
905 3055 985 3116 dam·
1040 3094 1044 3103 ι

68 3141 183 3219 nando,
207 3140 290 3219 quod
323 3141 537 3220 praetentam,
560 3160 652 3220 quam
674 3139 799 3202 difficile
816 3142 856 3202 sit
875 3141 987 3219 impro-

70 3222 138 3284 bare
159 3232 191 3284 et
212 3222 383 3304 confutare,
405 3223 487 3302 quod
510 3221 656 3284 damnare
674 3225 848 3303 praesumit.

149 3305 334 3385 ‚Quanquam
357 3324 416 3386 ego
440 3305 637 3368 vehementer
659 3307 793 3368 admiror
812 3306 893 3367 hano
918 3322 985 3365 sen·

73 3391 194 3452 tentiam
218 3407 280 3452 non
296 3408 365 3450 esse
376 3388 517 3451 omnibus
533 3390 734 3468 notissimam,
747 3389 858 3454 nedum
871 3405 988 3468 speras·

121 3658 151 3725 1)
190 3655 273 3716 ibid:
290 3656 335 3715 44.
