2250 4008
157 185 221 252 442
442 187 612 242 emaum
630 189 802 244 tttbsriann·

143 349 227 412 ⁴Non
257 349 450 432 permanebit
479 350 603 430 spiritus
636 367 721 410 meus
755 349 784 408 in
825 346 969 420 bomine,
1007 345 1078 426 quia

150 453 231 495 narn
255 441 311 498 est.
354 436 394 496 m
414 435 540 495 Paulum
568 435 679 496 Nonne
706 433 846 495 homines
873 431 973 492 eatis?
1005 432 1076 491 item

158 517 279 598 saepius
314 519 481 578 seeundum
516 519 669 580 hominem
700 517 778 580 diuo.
828 517 903 576 item
940 515 1078 575 humano

159 601 218 662 die.
263 603 302 661 Et
324 598 403 662 Psoi.
426 602 524 674 82²):
554 599 619 662 Vos
645 603 723 662 sieut
743 601 884 661 homines
906 599 1080 659 moriemini

160 692 216 746 ete.
242 693 323 744 certe
346 687 420 745 mitri
443 687 614 765 angustiam
636 687 750 746 tenerit.

192 785 195 796 ·
241 768 444 830 Rotundenda
465 788 539 848 ergo
562 777 609 829 est
630 765 820 830 evidentibus
841 765 1023 845 Scriptum,
1048 771 1079 822 ut

157 851 239 911 huno
260 872 382 912 sensum
406 853 582 928 nunfaoiat,
602 861 656 914 aut
670 851 838 912 sedendum
861 851 899 924 ei,
922 848 996 909 dum
1020 848 1082 906 hoe

158 933 246 1010 iuuit,
269 936 350 1013 quod
374 934 487 996 multae
509 937 597 1000 aliae.
641 937 741 998 Unum
769 943 817 994 eat
836 934 918 994 enim
940 931 1082 992 testimo-

158 1018 250 1091 nium,
273 1017 379 1078 sedin
405 1037 458 1080 ore
472 1021 537 1079 eius
551 1019 677 1080 verbum
694 1026 768 1080 tune
779 1017 880 1094 stabit,
903 1016 976 1076 dum
999 1013 1082 1074 alius

157 1105 210 1160 ant
233 1103 337 1162 tertius
361 1104 387 1161 ei
411 1104 610 1164 consenserit.
652 1103 760 1182 ltaque
776 1120 844 1163 uum
863 1119 931 1160 eam
955 1097 1082 1158 solvere

158 1185 304 1257 nesciam,
325 1185 430 1245 solvor
451 1185 490 1248 ab
512 1188 577 1246 eins
600 1187 773 1264 exactione
797 1184 867 1244 dum
890 1183 918 1242 ei
941 1198 1081 1252 euasero,

150 1266 376 1327 accedentibus
399 1275 430 1328 et
451 1268 517 1330 aliia
540 1269 777 1330 evidentioribus
799 1265 1001 1340 testimoniis,
1024 1263 1082 1322 do·

157 1366 215 1409 nea
237 1351 359 1430 spiritus
382 1353 578 1428 revelaverit,
607 1352 762 1413 hominem
792 1369 860 1410 ease
887 1348 974 1408 idem
995 1345 1084 1426 quod

157 1432 311 1493 hominem
334 1436 461 1514 iustum,
485 1440 516 1495 et
537 1435 651 1495 bonum·
673 1437 774 1495 faeere
795 1451 833 1492 ao
860 1451 922 1493 non
945 1449 1083 1510 pecuare

89 1580 95 1586 ,
155 1515 236 1575 idem
248 1517 331 1596 quod
344 1519 608 1597 peaearainterim
620 1518 661 1593 id,
679 1517 766 1596 qnod
781 1515 874 1576 verba
884 1520 1015 1590 sonem,-
1035 1532 1083 1572 se-

157 1615 242 1678 quar,
264 1617 326 1660 non
347 1608 506 1662 secuturus
519 1599 672 1682 (afflixi),
684 1601 737 1674 sed
752 1603 781 1660 in
797 1599 888 1660 dnbio
904 1598 1082 1671 relicturus,

158 1682 265 1743 maela
279 1692 410 1746 sonaret.
433 1685 540 1745 Tutior
550 1691 652 1744 tamen
667 1692 714 1744 est
734 1683 894 1744 affirmatio
910 1681 1081 1740 huiuaseu-

157 1779 208 1826 sus
231 1785 322 1845 quam
336 1768 470 1846 negatio,
493 1768 612 1828 etiamsi
625 1768 692 1828 sole
712 1773 836 1828 sonaret
847 1766 878 1826 in
899 1771 965 1826 tots
978 1762 1081 1842 Semp-

158 1854 235 1922 tura,
259 1849 341 1928 qnod
360 1868 452 1911 nemo
474 1853 503 1910 in
522 1849 582 1910 hoe
603 1857 721 1930 peceat,
745 1851 768 1909 si
792 1867 847 1908 sua
869 1867 965 1928 opera
985 1846 1082 1918 bona,

158 1931 287 2006 inutilia,
301 1942 429 2012 pensata
440 1934 525 1994 nulla
537 1953 606 1993 ease
621 1952 724 1994 eoram
737 1933 803 1993 Deo
816 1939 949 2008 suomet,
964 1937 997 1990 et
1009 1948 1082 1988 enm

112 2037 116 2046 ’
157 2013 1080 2095 JobomniaverentonPeriuulosum,imoimpinm,aiunum

159 2115 236 2176 opus
261 2114 365 2159 eoram
388 2119 425 2160 eo
447 2101 541 2160 iaotet
562 2107 592 2159 et
614 2099 728 2174 laudet,
750 2117 830 2178 quae
850 2098 928 2158 ratio
941 2105 971 2156 et
995 2096 1082 2174 sugit

157 2180 239 2240 hune
261 2201 383 2242 sensum
407 2183 567 2261 ampiecti,
601 2184 718 2242 etiamsi
741 2183 904 2256 autoritas,
939 2179 969 2239 id
994 2177 1080 2257 quod

158 2264 303 2324 hatomus
327 2265 401 2340 vult,
424 2264 579 2325 simularet
592 2271 718 2326 tantum.
760 2265 849 2324 Nuuo
870 2281 940 2323 eum
962 2262 1080 2341 apertis

157 2345 257 2406 verbis
279 2348 412 2420 inclinet,
434 2355 465 2408 et
486 2349 570 2409 solus
592 2356 691 2408 metus
714 2355 777 2424 est,
798 2367 838 2406 ne
860 2345 931 2424 quid
954 2343 1079 2405 oooutte

157 2428 283 2504 habeat,
313 2432 413 2510 sitque
435 2449 492 2491 neo
514 2430 605 2511 plene
628 2431 776 2491 obscurus
798 2448 856 2490 neo
876 2429 968 2508 piene
991 2445 1078 2506 aper-

157 2519 205 2572 tus
229 2532 352 2586 sensus,
386 2516 487 2593 potior
515 2517 553 2574 sit
580 2515 703 2593 pietatis
725 2531 849 2590 sensus,
881 2518 934 2571 aut
955 2511 1077 2570 interim

156 2595 266 2668 nutius,
290 2614 380 2674 quam
404 2597 579 2676 impietatis.

241 2680 386 2758 Aooedit,
417 2679 498 2757 quod
522 2688 553 2738 et
573 2680 622 2739 htu
644 2679 786 2739 hebraice
818 2678 933 2738 faciens
962 2675 1077 2736 bonum

155 2761 183 2819 ia
205 2769 266 2835 est,
295 2765 345 2840 qui
368 2772 457 2823 autor
479 2771 540 2838 est,
563 2769 596 2823 ut
618 2764 678 2822 aiut
699 2762 798 2837 bona,
819 2768 852 2821 ut
872 2777 934 2820 non
957 2767 1076 2820 tantum

157 2845 365 2923 personalem,
389 2845 444 2906 sed
467 2845 623 2906 effluaeem
646 2845 814 2906 bonitatem
837 2841 875 2904 ed
898 2850 987 2902 extra
1009 2861 1078 2922 pro·

157 2934 309 3004 speratam
333 2927 500 3006 signifieat,
537 2935 567 2986 at
595 2935 698 2988 tumen
731 2928 813 2988 huno
841 2943 971 3006 pessare
994 2926 1077 2998 dicit,

156 3018 271 3087 quanto
299 3013 396 3088 magis
420 3017 613 3090 operatorem
644 3011 794 3072 bonorum
816 3015 1014 3090 peecatorem
1036 3008 1077 3066 sa-

157 3093 224 3155 eiet.
267 3092 298 3153 si
321 3103 423 3154 tamen
444 3110 514 3154 mea
537 3093 723 3154 bebraioitas'
739 3093 831 3153 tidem
853 3091 999 3168 haberem
1027 3110 1076 3150 as-

118 3176 289 3237 'sererem
309 3177 341 3236 in
365 3176 497 3236 hebraeo
521 3177 602 3236 huno
624 3197 745 3237 sensnm
774 3176 889 3238 haberi.
921 3173 973 3235 Sin
996 3175 1075 3234 anim

157 3259 264 3320 habat:
285 3258 439 3334 Quoniam
462 3259 557 3318 homo
579 3279 641 3320 non
664 3265 709 3320 est
732 3261 828 3319 iustus
849 3259 879 3318 in
904 3265 1001 3326 terra,
1026 3257 1074 3335 qui

157 3342 249 3401 faeiat
269 3341 400 3412 bunum,
425 3347 456 3400 et
476 3357 537 3401 non
571 3351 689 3420 peeoet.
733 3343 818 3402 Prior
847 3359 935 3420 para:
973 3339 1073 3400 Homo

158 3440 219 3481 non
243 3431 289 3484 est
310 3427 406 3483 iustus
434 3425 463 3483 in
488 3431 586 3502 terra,
627 3433 709 3484 curte
739 3424 812 3485 illud
835 3424 923 3500 feeit,
953 3421 1075 3501 quode

158 3503 241 3563 libris
269 3506 387 3584 Regum
410 3505 554 3564 Latonius
584 3507 689 3568 affert:
722 3507 791 3568 Non
820 3513 868 3567 est
895 3507 990 3566 homo
1024 3505 1071 3583 qui

162 3629 326 3641 ῠ--ῇ-ῌ

178 3677 180 3686 ’
232 3673 311 3748 1)³1n
333 3685 375 3738 ed.
395 3687 479 3756 orig.:
498 3683 542 3737 Ps.
560 3685 605 3741 er.
