2252 4006
311 215 453 272 Anum-u
470 216 579 273 omar.
599 234 624 274 s
646 219 723 276 1521.
924 216 985 284 314

51 373 152 436 sibila
171 377 221 434 est
242 374 338 448 enim,
360 375 482 453 ut,·qni
506 393 598 434 unum
619 376 826 435 necessarium
847 373 886 434 ad
909 374 988 436 salu·

56 464 128 518 teta
150 457 260 533 hebet,
291 475 354 518 non
386 459 481 517 etiam
511 459 614 518 omniu
641 458 816 518 necessaria
838 457 926 518 simul
948 457 987 520 ad

53 541 195 602 salutem
218 540 338 616 babeat,
361 541 592 620 etimpossibile
603 549 659 617 est,
682 549 722 617 ut,
746 542 904 620 quiunum
926 560 987 602 non

54 623 167 700 babet,
191 623 313 703 aliquod
336 623 374 684 ad
393 622 874 686 salutemuecessariumhabeat.
898 623 988 701 Quod

52 707 243 768 facillimum
265 714 311 767 est
332 707 486 768 inductiva
497 707 634 788 probare.
679 707 739 768 Sed
762 708 800 767 de
821 707 882 768 boc
902 707 988 768 alies.

149 789 219 867 Quo
242 808 316 869 argo
338 791 428 871 signo
456 810 623 872 agnoscam
646 791 831 854 ecclesiam?
860 789 990 870 Oportet

55 873 146 934 enlm
171 874 294 954 aliquod
316 874 435 935 visibile
449 875 568 954 signum
584 874 660 950 dari,
682 893 743 952 quo
766 892 990 953 congregemur

54 958 92 1016 in
127 977 221 1018 unum
251 957 289 1018 ad
308 957 500 1019 ,audiendum
528 957 653 1019 verbum
678 957 744 1018 ber.
787 956 989 1036 Respondes:

55 1040 194 1119 Signum
207 1043 412 1101 necessarium
433 1049 492 1116 est,
515 1040 596 1119 quod
614 1039 813 1116 ethabemus,
838 1039 989 1119 baptisma

56 1124 195 1198 scilicet,
217 1143 338 1204 panem,
361 1130 391 1184 et
409 1125 544 1184 omnium
566 1125 759 1203 potissimum
777 1122 990 1203 Evangelium.

56 1207 226 1267 'I'riabaec
237 1214 307 1268 sunt
317 1206 558 1268 Christianorum
570 1207 723 1288 symbola,
737 1213 873 1266 tesserae
882 1212 912 1266 et
922 1206 991 1266 oha-

56 1295 211 1350 racteres.
255 1289 313 1351 Ubi
334 1288 421 1360 lenim
449 1289 603 1370 baptisma
636 1298 667 1352 et
696 1309 806 1369 panem
840 1296 869 1349 et
890 1288 990 1349 Uran-

60 1373 184 1452 gelium
206 1391 276 1438 esse
299 1372 428 1449 videris,
451 1391 633 1452 quocunque
655 1373 737 1444 loco,
759 1371 992 1452 quibuscunque

60 1457 226 1536 personis,
260 1454 302 1517 ibi
334 1455 495 1516 eeclesiam
528 1449 597 1516 ess‘e
626 1475 688 1517 non
717 1455 845 1518 dubites.
881 1455 921 1514 ln
944 1455 990 1514 bis

60 1539 149 1598 enim
173 1538 267 1618 siguis
280 1537 344 1598 vult
356 1557 414 1600 noe
428 1539 565 1601 Christus
577 1538 777 1615 concordare,
799 1537 953 1618 utEplres.
962 1539 991 1600 4.

62 1621 159 1684 dicit:
193 1621 261 1682 Una
281 1620 375 1698 tides,
411 1641 503 1682 unum
533 1621 701 1702 baptisma,
733 1641 810 1682 unus
831 1621 990 1683 Dominus.

62 1704 128 1766 Ubi
150 1704 232 1764 idem
254 1704 457 1784 Evangelium
479 1712 541 1783 est,
572 1705 613 1766 ibi
635 1706 743 1766 sedem
765 1703 860 1780 fides,
882 1703 991 1766 eadem

64 1807 161 1867 spes,
196 1787 305 1848 eadem
328 1788 455 1866 caritas,
489 1788 569 1848 idem
594 1789 716 1869 spiritus
739 1795 802 1865 est,
834 1792 866 1848 et
887 1805 994 1847 revera

64 1871 176 1954 omnia
196 1869 313 1931 eadem.
357 1869 446 1932 Haec
470 1879 520 1932 est
549 1873 649 1932 unitas
671 1872 816 1952 spiritus,
838 1889 900 1931 non
923 1869 994 1945 loci,

65 1972 133 2014 non
156 1971 324 2034 personae,
347 1973 409 2014 non
432 1973 547 2030 rerum,
576 1973 637 2016 aon
661 1972 840 2034 corporum,
873 1952 911 2014 de
933 1971 994 2032 qua

66 2035 224 2096 servande
243 2036 357 2098 Paulus
377 2055 439 2096 non
462 2038 619 2117 praecepit
640 2056 709 2097 esse
731 2035 890 2099 sollicitos.
934 2033 992 2096 Ubi

67 2137 146 2180 veru
162 2118 361 2199 Uvangelium
372 2139 433 2180 uon
458 2139 525 2180 esse
539 2121 648 2180 videris
672 2119 769 2196 (siout
790 2120 819 2180 in
833 2136 995 2199 synagoga

66 2201 260 2283 papinianum
282 2209 313 2262 st
334 2202 558 2264 Tbomistarnm
577 2201 747 2278 ridemus),
769 2201 810 2261 ibi
828 2220 888 2262 non
911 2200 995 2262 dubi-

67 2297 117 2345 tes
141 2284 303 2347 ecelesiam
326 2303 388 2346 non
410 2305 489 2358 esse,
512 2286 630 2346 etiamsi
653 2285 807 2365 baptisent
829 2293 995 2344 etvescau·

69 2374 120 2428 tur
143 2367 182 2426 de
202 2367 306 2443 altari,
336 2369 394 2428 nisi
423 2369 569 2448 parrulos
596 2374 628 2428 ct
649 2368 803 2448 simplices
825 2367 994 2446 exceperis,

70 2449 128 2510 sed
151 2449 343 2531 Babylonem
366 2450 408 2511 ibi
428 2470 499 2512 esse
519 2453 600 2512 scias
622 2450 744 2532 plenam
757 2450 866 2528 lamiis,
888 2450 995 2530 pilosis

71 2533 178 2610 ululis,
211 2533 416 2612 onocrotalis,
440 2534 568 2614 aliisque
591 2535 751 2608 monstris,
772 2533 802 2593 id
825 2539 881 2608 est,
904 2532 996 2611 Magi·

70 2617 142 2677 stris
165 2617 277 2678 nostris
289 2617 410 2678 eximiis
430 2617 581 2692 refertam,
605 2616 805 2696 Evangelium
819 2615 899 2676 enim
923 2633 996 2694 pree

73 2717 157 2780 pane
180 2706 211 2760 et
233 2698 385 2779 baptismo
409 2701 546 2777 unicum,
575 2700 793 2776 certissimum,
821 2705 852 2758 st
874 2696 996 2759 nobilis-

73 2784 184 2842 simum
223 2781 374 2843 ecclesiae
406 2782 581 2863 symbolum
612 2789 677 2858 est,
707 2799 776 2842 oum
812 2800 868 2861 per
897 2780 996 2842 solum

74 2864 276 2944 Uuangslium
299 2865 498 2946 concipiatur,
519 2865 675 2940 formetur,
697 2864 804 2942 aletur,
826 2870 997 2944 generetur,

74 2946 238 3023 educetur,
267 2954 427 3027 pascatur,
454 2949 620 3026 vestiatur,
650 2954 793 3025 ornetur,
828 2947 997 3021 roboretur,

23 3036 30 3054 ·
74 3036 225 3107 armetur,
253 3037 405 3109 serretur,
434 3030 582 3108 breviter,
605 3037 670 3091 tota
692 3032 754 3091 vita
774 3038 807 3090 et
827 3029 997 3090 substantia

74 3113 227 3173 ccclesice
259 3121 306 3172 cst
335 3114 364 3172 in
398 3114 492 3175 verbo
522 3113 596 3191 Dei,
633 3115 712 3174 sicul
741 3113 877 3174 Christus
907 3112 996 3172 dicit:

74 3196 107 3256 ln
136 3197 222 3257 omni
250 3195 361 3274 verbo,
397 3196 479 3275 quod
501 3196 641 3278 presedit
675 3196 713 3257 de
742 3215 796 3258 ore
818 3196 890 3270 Dei,
926 3195 999 3254 vivit

75 3278 169 3340 bomo

160 3361 228 3422 Non
252 3361 291 3421 de
311 3361 482 3441 Evangelio
505 3362 635 3441 scripto,
669 3360 722 3421 sed
745 3359 845 3422 vocali
878 3359 999 3439 loquor,

76 3463 115 3504 ne
138 3443 175 3504 ds
198 3445 304 3523 quavis
317 3446 479 3521 concione,
501 3463 580 3524 quae
602 3445 630 3503 in
644 3442 765 3522 templis
790 3442 828 3503 dc
849 3450 998 3522 suggestu

79 3526 277 3605 declamatur,
301 3526 354 3587 sed
377 3527 415 3588 de
428 3546 575 3608 germano
588 3534 617 3587 et
632 3527 764 3605 genuino
789 3524 892 3601 verbo,
916 3524 998 3604 quod

78 3609 169 3678 fidem
193 3609 302 3673 christi
324 3630 438 3686 veram,
460 3629 522 3672 non
545 3609 703 3672 informem
727 3615 756 3668 et
777 3607 997 3670 Themistioam

81 3693 204 3772 doceat,
237 3692 319 3776 quod
342 3713 396 3776 per
417 3712 529 3775 papam
552 3697 582 3753 et
603 3693 739 3773 papistes
762 3691 999 3772 msbnclumet
