2262 4006
300 192 445 250 Ambrosii
463 192 574 248 (lether.
593 210 615 250 a.
639 192 715 250 1521.
911 190 974 256 321

46 344 124 414 dere
148 365 223 427 ergo
246 349 274 408 in
288 348 439 409 Christum
463 349 597 408 veritatis
620 349 670 408 via
691 355 747 408 est.
791 344 850 421 Qui
872 355 974 408 autem

46 428 324 509 blasphemantes?
347 433 450 510 utique
473 431 573 507 iidem,
596 431 646 510 qui
665 429 828 492 Dominum
851 436 975 508 negant.

44 509 174 589 Nonne,
197 514 248 591 qui
269 520 376 574 autore
398 513 538 574 Romano
555 512 700 593 pontifice
723 531 779 572 sua
793 511 894 572 studia
915 513 975 572 iac·

45 601 126 670 tant,
151 614 224 656 suas
247 601 348 660 sectas
369 595 564 676 praedicant,
592 613 665 658 suos
688 593 818 656 Ordines
840 594 975 668 laudant,

45 686 78 736 ιιι
96 685 237 751 sanctos,
260 688 375 756 rectos,
397 679 560 756 salutares,
583 679 725 740 auferunt
751 679 819 738 viae
840 678 976 738 veritatis

46 778 141 818 suam
166 761 285 822 laudem
309 768 340 822 et
360 761 506 841 gloriam,
541 769 574 822 ut
601 759 734 822 tribuant
760 760 889 822 eandem
912 763 974 820 suis

44 841 240 904 Ordinibus?
270 842 381 905 Nonne
411 846 456 904 sic
477 844 605 904 invaluit
631 844 685 904 illa
706 841 914 923 blasphemia?
943 853 977 904 ut

42 924 136 984 solus
172 925 286 1003 clerus,
325 929 502 1006 praesertim
533 927 683 1006 religiosi,
716 946 772 1006 pro
795 925 975 988 Christiania

44 1006 246 1068 habeantur?
278 1009 329 1069 alii
363 1028 436 1070 vero
469 1011 623 1070 seculares
646 1019 676 1069 et
698 1009 840 1070 mundani
870 1017 976 1089 aperte

43 1091 145 1150 etiarn
167 1092 378 1174 nominentur,
412 1111 469 1152 nec
500 1095 557 1152 nisi
581 1111 635 1172 pro
668 1092 760 1171 vulgo
785 1094 976 1152 extrariam

43 1171 160 1233 salutis
183 1173 360 1236 habeantur.
405 1175 444 1236 itt
465 1175 518 1254 qui
543 1176 723 1254 religionem
750 1175 977 1254 ingreditur,e

44 1255 185 1336 mundo,
216 1257 360 1318 eseculo
386 1259 430 1318 ire
456 1259 586 1318 iactatur
609 1265 639 1318 et
662 1256 810 1332 creditur,
844 1256 976 1336 denique

43 1357 232 1417 persuasum
255 1347 317 1416 eet,
340 1341 493 1403 volentem
522 1341 633 1402 salvari
660 1340 840 1420 religionem
864 1339 976 1402 debere

44 1421 183 1501 ingredi.

135 1505 268 1566 Annon
298 1516 345 1573 est
371 1505 431 1566 hoo
461 1507 541 1566 viam
570 1507 706 1566 veritatis
738 1503 975 1586 blasphemare?

45 1586 203 1667 Nonne¹)
242 1594 289 1647 est
319 1587 379 1650 hoc
411 1587 562 1650 Christum
596 1588 646 1649 hic
678 1597 708 1648 et
742 1588 804 1648 illic
835 1587 974 1650 docere?

45 1669 162 1731 Nonne
187 1670 235 1729 hic
247 1669 317 1730 fidei
340 1672 607 1733 vincentemnitur
628 1678 659 1732 et
682 1670 840 1749 deseritur,
862 1678 893 1731 et
910 1672 975 1730 eius

44 1751 122 1814 loco
145 1761 231 1812 secta
253 1762 283 1814 et
305 1771 431 1833 operum
454 1755 630 1833 superstitio
653 1753 837 1832 suscipitur?
864 1752 975 1815 Nonne

46 1834 99 1894 hic
123 1853 252 1896 necesse
273 1842 321 1898 est
349 1838 447 1916 perire
475 1836 617 1898 fiduciam
641 1837 670 1896 in
696 1836 834 1915 Christo,
862 1841 894 1896 et
921 1835 975 1896 niti

45 1917 130 1978 velle
157 1920 188 1977 in
217 1917 382 1997 operibus?
414 1918 525 1980 Nonne
559 1920 636 1980 tales
670 1919 851 1999 hypocritae
877 1919 922 1978 sic
943 1920 972 1978 in

45 2001 126 2060 orbe
148 2001 265 2080 fulgent
296 2009 326 2062 et
347 2001 488 2062 honorati
510 2011 597 2079 aunt,
624 2010 657 2062 ut
678 2001 832 2080 simplices
862 2002 891 2060 in
914 1999 975 2062 lide

46 2082 215 2144 Christiani
237 2103 316 2164 pene
338 2084 431 2146 lutum
444 2085 613 2166 platearum
632 2084 774 2164 praeillis
786 2083 975 2144 habeantur?

133 2165 194 2226 Sed
216 2167 363 2246 amplius,
396 2169 420 2227 si
450 2169 517 2247 quis
550 2169 720 2247 insurgeret
751 2176 783 2228 et
813 2168 878 2228 vias
899 2167 975 2228 istas

47 2249 210 2310 hominum
222 2250 380 2327 electitias,
398 2270 463 2326 sen,
476 2261 507 2311 ut
516 2251 683 2330 Apostolus
698 2258 799 2323 vocat,
813 2248 933 2311 (tolosa.
947 2252 976 2312 2.

46 2323 342 2415 ἕθελοθρηωιείας,
364 2334 465 2413 idest,
487 2333 661 2394 arbitrariae
677 2333 852 2412 religiones,
875 2351 976 2410 repre·

48 2413 215 2490 henderet,
245 2415 430 2494 doceretque
465 2436 517 2478 eas
551 2435 620 2476 esse
655 2417 719 2476 vias
748 2414 975 2490 scandalorum,

48 2505 80 2557 et
104 2496 143 2558 ad
161 2496 346 2578 perdendam
360 2498 462 2574 iidem,
484 2498 522 2559 ad
536 2498 749 2560 evacuandum
764 2497 976 2577 Evangelium,

49 2579 89 2640 ad
122 2579 316 2641 seducendas
345 2583 462 2642 animas
492 2601 510 2642 a
541 2601 622 2662 papa
655 2580 844 2655 confirmari,
879 2589 909 2640 et
937 2579 976 2640 ab

48 2663 125 2742 ipsis
147 2661 268 2738 iactari,
300 2682 369 2724 esse
399 2683 471 2725 vero
494 2665 591 2726 solam
622 2663 712 2724 fldem
735 2662 975 2725 Christianorum

50 2746 173 2806 unicam
204 2744 310 2806 salutis
349 2748 448 2825 viam,
485 2747 558 2826 quid
593 2757 682 2827 putas
717 2747 787 2806 huic
820 2743 976 2806 lacerent?

51 2825 164 2888 Nonne
192 2827 366 2890 sexcenties
395 2830 599 2907 haereticum,
628 2829 725 2890 milies
755 2829 977 2904 antichristum,

51 2919 202 2990 satanam,
225 2910 397 2995 diabolum,
420 2913 657 2990 schismaticum,
680 2931 841 2973 erroneum
865 2911 976 2972 clama·

52 2991 185 3070 rent²)?
219 2992 355 3054 Breviter
382 3014 439 3056 nec
460 2995 538 3075 odii,
560 3013 618 3056 nec
639 2993 797 3075 supplicii,
819 3013 877 3056 nec
900 2994 976 3056 blas·

52 3076 194 3155 phemiae
216 3077 290 3136 satis
313 3077 366 3137 ulli
388 3078 485 3157 luerit,
507 3080 536 3139 in
559 3078 642 3138 huuc
664 3079 829 3158 pes-simum
854 3077 976 3138 hostem

52 3159 219 3234 ccclesiae,
249 3162 442 3221 temerarium
466 3161 647 3222 violatorem
669 3161 808 3236 Petrum,
835 3160 977 3240 pestilen-

53 3242 202 3302 tissimum
225 3242 419 3312 seductorem
438 3243 554 3325 populi.
599 3245 639 3304 At
661 3243 721 3304 hoo
744 3252 801 3322 est,
823 3242 906 3322 quod
928 3243 978 3302 hic

54 3323 204 3400 Petrus*)
235 3324 323 3386 dicit:
355 3327 412 3387 Per
439 3345 516 3406 quos
540 3327 589 3386 vis
617 3327 754 3388 veritatis
786 3326 976 3406 blasphema·

106 3531 138 3591 1)
159 3527 191 3582 In
216 3529 258 3584 ad.
286 3531 371 3599 orig:
394 3545 459 3582 non.
500 3529 533 3596 2)
554 3528 659 3584 Ibidem
687 3529 778 3584 deest:
808 3527 975 3594 clamoremr

54 3603 200 3670 repetitum
220 3605 263 3655 set
280 3618 315 3664 ex
335 3601 397 3655 edit.
416 3599 481 3656 den.

108 3675 137 3736 ⁸)
156 3673 182 3727 2.
200 3674 257 3729 Pet.
276 3671 304 3730 2.

80 3777 171 3820 nsum
184 3788 235 3830 opp.
250 3778 276 3822 v.
291 3778 319 3818 s.
334 3777 369 3820 su
387 3776 428 3817 sss.
442 3776 492 3822 ua.
506 3777 521 3817 ι.
536 3787 559 3827 ῃ.
571 3776 622 3818 ru.
636 3775 663 3817 v.
768 3744 806 3806 21
