2252 4006
147 147 210 216 212
350 141 483 204 Assertio
502 163 575 204 omn.
599 154 649 202 art.
669 147 699 201 D,
720 141 756 204 ll.
775 146 805 204 1.
824 165 874 218 par

149 304 211 366 flde
233 305 353 366 siuoera
376 301 520 368 alienant.
561 297 639 364 Nar'u
677 309 709 364 et
729 303 839 364 Daniel
859 305 890 369 8.
913 301 1072 384 praedixit,

151 386 360 448 antichristum
383 385 448 445 fore
468 399 572 464 regem
596 385 803 466 impudentem
826 386 914 463 faeie,
938 385 1000 446 hoo
1022 393 1072 464 est,

149 472 227 532 siout
248 469 385 530 Ebraeus
408 465 509 546 habet,
533 478 687 547 potentem
710 469 881 550 speciebus,
900 470 1025 550 pompis
1046 478 1073 528 et

149 553 332 620 oeremoniis
362 559 557 612 externorum
589 570 733 631 operum,
767 554 920 614 exstineto
955 554 1071 612 interim

151 637 260 717 spiritu
282 635 363 696 fidei.
407 632 492 696 Siout
514 635 652 694 videmus
673 635 832 716 impletum
855 645 901 697 tot
922 635 1072 715 religioni·
1118 697 1119 700 ,

148 719 214 795 bus,
238 717 406 790 ordinibus,
429 716 584 796 collegiis,
608 717 730 795 ritibus,
754 717 903 796 vestibus,
926 716 1072 797 gestibus,
1118 731 1119 812 p

146 801 302 880 aedificiis,
326 801 456 876 statutis,
479 801 601 878 regulis,
624 799 837 879 observantiis,
859 809 892 861 ut
914 819 1071 861 numerum
1118 825 1119 868 t

147 883 305 947 nominum
328 901 432 944 eorum
458 885 510 944 vix
530 886 650 962 recites,
672 903 801 962 quorum
826 884 927 944 nuilus
941 903 1069 964 evange
1118 879 1119 958 ξ

146 969 219 1030 lium
243 974 344 1044 aurat,
378 967 477 1029 dorreo
499 968 581 1026 irrito
602 967 683 1027 faeta
715 969 775 1026 sint
796 968 902 1028 omnia
930 968 1072 1027 mandata
1118 969 1119 1006 Τ

147 1052 216 1132 Dei,
239 1051 417 1132 praesertim
441 1052 582 1130 princeps
604 1050 827 1110 iustitiaefldes
841 1051 964 1126 Christi,
987 1069 1072 1130 prop·
1118 1049 1119 1052 ’

146 1143 191 1196 ter
220 1133 398 1194 traditiones
436 1133 489 1192 has
523 1134 679 1193 hominnm
715 1135 887 1214 impiorum.
929 1132 970 1194 Et
998 1133 1071 1194 haee

147 1219 269 1298 quidem
293 1217 404 1276 milites
427 1215 579 1294 leserunt,
618 1227 648 1276 et
676 1217 753 1276 hasa
785 1235 879 1296 regno
902 1217 1071 1278 sntiohristi
1118 1227 1119 1230 ’

145 1300 380 1362 eonveniebant.
1118 1295 1119 1330 ³

396 1462 819 1528 Vicesimusoetavus:

208 1582 240 1644 Si
262 1600 344 1662 papa
367 1599 439 1642 oum
469 1601 582 1662 magna
602 1589 690 1662 parte
713 1580 864 1644 eeclesiae
886 1585 931 1643 sio
955 1582 1005 1642 vel
1026 1585 1069 1643 sic
1118 1657 1119 1664 ἵ

207 1666 341 1744 sentiret,
365 1682 423 1724 nea
444 1665 534 1723 etism
559 1673 682 1744 erraret,
704 1665 805 1725 adhue
815 1684 878 1726 non
895 1673 942 1725 est
965 1683 1075 1746 peaoa³
1118 1673 1119 1684 ¹

207 1758 270 1809 tum
294 1754 348 1807 aut
369 1748 503 1808 haeresis
526 1749 712 1808 eontrarium
734 1749 866 1828 sentire,
890 1749 1069 1829 praesertim

207 1833 295 1893 inre
334 1847 395 1890 non
417 1830 591 1891 necessaria
620 1831 823 1909 adsalutem,
859 1831 961 1892 donee
982 1832 1070 1891 fuerit
1118 1835 1119 1920 t

206 1934 261 1995 per
296 1913 458 1984 consilium
496 1915 667 1975 universale
700 1915 827 1976 alterum
862 1913 1070 1995 reprobatum,
1118 1923 1119 1996 t

205 1998 336 2058 alterum
359 1997 572 2077 approbatum.
1118 2007 1119 2028 ἒ

227 2098 312 2159 Haeo
333 2099 363 2156 in
385 2097 581 2176 indulgentiis
596 2096 625 2174 1)
650 2095 728 2174 dixi,
751 2097 850 2158 minus
874 2101 948 2158 tuno
969 2118 1067 2158 rerum
1118 2117 1119 2142 ³

142 2182 266 2264 peritus.
310 2178 408 2241 Stulte
430 2183 509 2239 enim
533 2181 614 2258 dixi3
647 2199 740 2259 quare
773 2183 930 2242 articulum
955 2181 1067 2241 damno

142 2265 285 2345 ipsemet,
324 2282 391 2323 oum
426 2264 506 2322 enim
539 2266 568 2323 in
602 2282 639 2324 eo
664 2266 802 2343 quaestio
832 2265 870 2324 de
891 2263 983 2326 rebus
1005 2283 1066 2326 non

142 2347 323 2409 necessariis
346 2347 384 2406 ad
408 2347 535 2406 salutem
567 2353 722 2424 versetur,
754 2366 816 2407 non
850 2347 940 2408 debui
964 2367 1063 2428 papae

141 2437 195 2493 aut
216 2430 345 2492 oonsilio
373 2429 504 2490 tribuere
537 2437 652 2490 tantum
685 2431 862 2510 potestatis,
895 2431 967 2490 ule
1006 2450 1066 2492 non

65 2511 67 2515 ’
140 2515 314 2576 necessaria
339 2533 371 2572 re
395 2514 600 2573 neeessariam
622 2514 723 2573 faeere
745 2523 881 2594 possent.
927 2511 989 2574 Sed
1024 2517 1066 2574 sie

144 2598 233 2659 debui
258 2599 367 2671 disere,
389 2597 467 2656 siout
489 2605 519 2656 et
541 2615 622 2656 nuno
645 2597 728 2657 dieo:
752 2597 782 2657 Si
805 2615 887 2678 papa
909 2605 940 2657 et
964 2598 1065 2657 oonoi·

142 2681 215 2740 lium
239 2681 283 2741 sie
306 2680 493 2759 desiperent,
517 2685 551 2740 ut
571 2681 606 2752 in¹
624 2679 716 2740 rebus
739 2699 800 2740 non
823 2680 1007 2740 necessariis
1029 2679 1065 2740 ad

141 2765 270 2826 sulutem
295 2761 531 2823 determinandis
561 2772 681 2844 tempus
696 2772 741 2823 ‘et
763 2763 867 2823 studia
893 2763 1065 2843 perderent,

142 2844 274 2906 habendi
297 2852 327 2907 et
349 2845 564 2906 contemnendi
587 2854 690 2906 essent
711 2865 767 2926 pro
787 2847 876 2907 fatuis
897 2854 928 2906 et·
942 2847 1066 2924 insanis,

142 2947 209 2989 oum
234 2929 374 2990 omnibus
397 2931 459 2990 suis
478 2929 779 3004 determinationibus
802 2929 977 3007 larvalibus,
1000 2949 1065 2990 oum

142 3018 203 3073 tam
228 3013 322 3072 multa
356 3014 415 3072 sint
438 3015 611 3073 necessaria
644 3013 682 3072 ad
714 3013 860 3090 salutem,
899 3031 980 3094 quae
1003 3013 1066 3073 sola

141 3097 264 3156 traotsri
288 3101 438 3175 oporteat.
481 3095 562 3155 Talis
583 3103 683 3156 autem
700 3095 823 3157 fatuitas
845 3102 900 3173 est,
924 3095 1008 3176 quod
1032 3096 1065 3156 de

142 3179 360 3260 indulgentiis,
385 3178 422 3238 de
443 3180 574 3258 primatu
592 3197 701 3260 papae,
737 3179 775 3238 de
800 3179 1063 3241 transsubstantia-

141 3264 224 3323 tione
254 3263 358 3342 panis,
393 3269 422 3320 et
448 3259 572 3321 infinitis
605 3262 671 3322 aliis
694 3263 798 3342 nugis,
831 3262 870 3322 ad
906 3281 971 3323 rem
995 3263 1063 3323 nihil

141 3345 380 3423 pertinentibus,
414 3345 535 3422 saepius
563 3347 592 3404 in
616 3345 753 3405 oonoiiiis
776 3345 1063 3422 determinaverunt,

142 3425 180 3506 de
199 3425 307 3508 quibus
322 3423 441 3486 'Paulus
466 3433 491 3488 i.
508 3426 607 3489 Timo.
632 3430 665 3490 4:
688 3427 801 3489 Stultos
825 3433 927 3488 autern
950 3435 982 3488 et
1005 3429 1062 3488 ani·

142 3505 186 3566 ies
207 3509 325 3570 fabulas
347 3507 460 3568 devita.
819 3510 820 3518 ’

196 3657 228 3726 1)
247 3657 279 3712 ln
297 3659 339 3713 ad.
357 3659 431 3715 lem:
453 3661 487 3714 de
505 3661 695 3732 indulgentiis.
