2252 4006
217 212 326 267 Bullcm
346 211 431 292 Leon.
452 212 483 265 X.
522 209 640 266 damnat.
662 228 687 266 s.
708 211 786 268 15²0·
913 206 976 275 213

71 411 73 420 ,
135 365 241 430 Laudo
264 386 338 450 ergo
358 368 513 450 egregiam
529 368 649 430 B'ullam
663 369 763 443 istam,
786 385 864 447 qua-e
876 377 978 448 papae

54 459 82 512 et
103 451 235 512 concilio
257 452 362 513 tribuit
373 452 531 532 negotium
544 471 644 512 rerum
657 472 717 514 non
730 452 973 520 necessariarum
999 455 1003 460 ’

55 531 263 613 adsalutem,
298 553 398 614 nequa
427 536 507 596 enim
543 534 627 616 digni
655 541 726 596 sunt
752 536 814 596 aiio
840 535 978 616 negotio,

54 637 143 699 qnam
167 625 199 677 ut
221 624 375 696 statuant,
402 618 563 696 deliniant,
585 626 709 680 servent
730 619 848 697 aliena,
864 616 977 699 imper,-

54 702 181 762 tiuentia
202 712 232 760 et
255 721 316 762 non
346 702 520 763 necessaria
549 701 750 764 adsalutem.
795 701 875 777 Quid
897 703 976 763 enim

52 783 110 844 illis
134 793 165 844 et
188 784 301 844 saluti?
324 784 385 847 sed
407 788 438 846 et
460 785 547 846 Bulla
567 787 646 866 ipsa,
668 790 702 846 ut
722 785 825 866 proles
846 787 978 858 imitetur

52 875 195 948 parentes
220 886 303 945 suos,
325 868 389 930 fere
412 888 472 929 non
495 868 625 944 laborat,
648 869 705 928 nisi
728 870 758 928 in
781 869 916 930 articulis
938 865 978 938 ad

51 969 114 1011 rem
137 969 264 1030 prorsus
287 950 360 1012 nihil
382 951 612 1032 pertinentibus.
657 953 733 1013 Oum
773 971 847 1032 ergo
876 971 977 1016 enon

52 1034 237 1094 necessariis
259 1037 433 1095 necessaria
455 1035 584 1116 faciant,
606 1034 735 1097 ethaeo
767 1034 914 1114 neglectis
935 1035 978 1095 in.-

51 1117 135 1178 lerim
159 1115 230 1177 fidei
254 1116 446 1180 documentis
480 1136 536 1198 pro
569 1119 702 1180 articulis
731 1116 896 1179 obtrudant
915 1137 978 1198 pm

49 1199 123 1280 pulo
145 1199 222 1278 Dei,
257 1219 318 1260 non
350 1200 564 1282 intelligimus,
595 1202 697 1263 adhuc
733 1221 803 1278 eos,
832 1207 979 1281 operante

50 1289 177 1362 satana,
220 1282 450 1364 operationibus
484 1286 595 1345 erroris
631 1285 796 1346 ecclesiam
835 1283 979 1356 vastare?

51 1365 131 1442 Quid
155 1367 236 1427 enim
258 1374 450 1447 potestesse
472 1369 529 1429 nisi
551 1387 645 1445 error,
669 1367 762 1446 quod,
783 1387 853 1430 cum
875 1387 979 1428 neces.-

51 1450 166 1510 sarium
189 1469 251 1510 non
274 1452 330 1526 sit,
352 1452 560 1512 necessarium
583 1451 707 1512 arbitrio
736 1451 894 1512 hominurn
918 1449 979 1510 etfl-

50 1533 150 1594 citur?
183 1541 215 1592 ut
237 1533 395 1594 hominurn
420 1552 506 1614 spem
540 1534 702 1596 aedificent
730 1553 823 1615 super
843 1553 978 1610 arenam,

50 1621 83 1674 ut
106 1615 235 1676 credant
257 1617 479 1694 necessarium,
502 1617 584 1696 quod
606 1618 813 1681 necessarium
836 1636 898 1678 non
922 1623 977 1678 est.

50 1697 156 1760 Oros
179 1699 349 1778 impiissimi
371 1701 539 1761 animarum
562 1701 755 1778 seductores,
790 1719 883 1780 quam
911 1719 977 1760 scee

50 1781 145 1842 lerata
166 1781 290 1842 illuditis
312 1783 427 1862 populo
450 1784 517 1847 Dei.
971 1829 975 1838 r

131 1864 228 1945 lgitur
246 1866 310 1924 sive
331 1885 430 1946 papa,
460 1868 525 1926 sive
548 1885 638 1946 pars,
660 1868 726 1926 sive
748 1867 910 1927 concilium
933 1866 979 1926 sic

49 1956 103 2008 aut
126 1948 172 2008 sic
193 1949 315 2022 sentiat,
339 1949 453 2009 nemini
475 1949 644 2010 debetesse
667 1949 897 2030 praeiudicium,
919 1947 977 2010 scd

50 2029 187 2091 abundet
208 2031 338 2110 quisque
359 2033 389 2090 in
412 2052 504 2093 sensu
528 2051 605 2112 suu,
640 2033 669 2091 in
693 2034 736 2093 eis
757 2031 865 2111 rebus,
899 2051 979 2112 quac

49 2115 244 2174 necessariae
260 2133 321 2174 non
336 2122 406 2175 sunt
427 2114 465 2175 ad
480 2115 618 2179 salutern.
663 2115 695 2176 ln
712 2114 882 2176 libertatem
897 2116 978 2176 enim

50 2197 153 2257 vocati
174 2216 296 2272 sumus,
331 2203 364 2258 ut
397 2216 456 2258 non
486 2200 525 2258 sit
546 2217 674 2259 necesse
712 2197 836 2259 credere
865 2217 979 2274 verum,

51 2277 132 2360 quod
177 2279 254 2340 clius
286 2279 379 2340 homo
419 2282 512 2342 sentit
541 2282 590 2341 vel
627 2280 713 2357 dicit,
761 2282 896 2342 contenti
935 2281 979 2342 eis

52 2361 195 2441 credere,
231 2381 310 2442 quae
337 2364 365 2422 in
399 2363 561 2445 Scripturis
594 2363 676 2426 docti
694 2383 808 2428 sumus.
851 2363 883 2426 Bi
906 2383 979 2425 vero

53 2463 132 2526 papa
154 2447 268 2526 poterit
288 2445 351 2506 ullo
375 2447 439 2508 iota
461 2447 609 2527 probare,
640 2467 674 2508 se
702 2446 816 2508 habere
837 2447 885 2507 ius
907 2465 981 2508 con·

52 2527 141 2588 dandi
165 2529 256 2589 etiam
273 2529 429 2590 minimam
452 2531 529 2611 legis
551 2530 680 2608 literam,
705 2528 815 2590 nedum
833 2529 979 2592 articulos

52 2611 119 2672 fidei
143 2610 315 2688 statuendi,
348 2611 477 2674 libenter
508 2613 586 2674 haec
606 2612 771 2674 revocabo.
814 2611 910 2674 Usum
950 2619 980 2674 et

56 2695 354 2775 praesumptionem,
387 2695 495 2775 quibus
527 2695 676 2758 hactenus
698 2695 884 2777 praevaluit,
917 2715 978 2758 non

56 2794 147 2857 curo,
185 2777 357 2859 Scripturas
385 2785 509 2840 sanctas
551 2798 684 2859 quaero,
731 2778 979 2860 quandoquidem

54 2861 172 2937 omnia,
204 2879 285 2940 quae
305 2861 335 2921 in
359 2861 491 2922 ecclesia
512 2861 607 2942 flunt,
641 2882 658 2924 e
681 2862 842 2943 scriptun
865 2862 979 2923 sanctis

54 2944 246 3006 autoritatem
270 2949 302 3004 et
322 2944 498 3025 exemplum
511 2944 624 3006 habere
647 2944 767 3006 debent.
810 2943 895 3006 Sicut
908 2943 980 3005 dicit

55 3027 137 3087 Dent.
152 3027 195 3090 d:
218 3026 289 3087 Non
315 3026 433 3088 addetis
455 3027 495 3088 ad
518 3028 662 3109 verbum,
685 3027 767 3108 quod
790 3027 980 3108 loquorve·

55 3109 108 3185 bis,
130 3129 189 3170 nec
210 3109 354 3170 auleretis
379 3129 419 3172 ex
441 3129 488 3172 eo.
532 3111 572 3173 Et
594 3112 707 3174 Zacba.
732 3113 764 3174 2:
788 3109 904 3192 Legem
922 3109 978 3171 Dei

56 3194 206 3273 requirent
234 3211 274 3252 ex
296 3211 349 3252 ore
380 3194 565 3272 sacerdotis,
599 3196 670 3275 quia
704 3193 831 3275 angelus
854 3193 977 3254 Domini

56 3277 240 3336 exercituum
266 3279 322 3339 est.
913 3309 917 3314 ·

325 3401 542 3464 Vicesimus
564 3422 706 3465 nonus:

113 3536 176 3596 Via
197 3533 286 3597 nobis
309 3537 391 3598 iacta
414 3544 460 3598 est
481 3537 646 3600 enarrandi
660 3538 852 3600 automtatem
875 3540 981 3600 cenci,

116 3619 238 3699 limum,
261 3626 292 3680 et
313 3619 408 3682 libere
430 3620 659 3682 contradicendi
682 3640 787 3682 eorum
808 3620 919 3699 gestis,
947 3625 979 3682 at

114 3700 269 3765 indicandi
302 3722 408 3766 eorum
437 3703 575 3787 decreta,
611 3710 641 3764 et
670 3702 860 3770 mandentes
883 3701 978 3765 confi«
