2258 4002
170 117 293 210 'Bullsm
312 157 376 210 Leo.
396 157 430 213 X.
448 155 570 210 damnet.
591 173 616 214 a.
638 157 717 216 1520.
913 157 976 222 157

141 310 238 370 Iustus
261 331 310 386 es,
339 311 488 386 Domine,
511 317 542 370 et
563 318 678 372 rectum
707 311 851 372 iudicium
882 318 975 374 tuum.

71 395 134 454 Cum
156 412 230 474 ergo
254 393 402 454 hactenus
426 393 520 452 muita
543 398 574 454 et
592 395 762 474 scripserim
786 403 816 455 et
839 395 977 472 dixerim,

68 477 174 536 nescius
197 483 312 536 tantam
336 479 453 536 esseio
477 475 650 556 pastoribus
663 477 753 537 lsrael
785 481 975 556 caecitatem,

67 560 130 619 nihii
152 561 246 620 merui
269 567 383 637 temen,
406 559 463 618 uisi
487 566 519 618 ut
541 559 734 620 detraherent
744 561 827 640 mihi,
849 580 905 640 pro
928 580 977 638 eo,

66 653 93 702 ut
112 663 159 702 me
180 643 355 722 diligerent,
379 649 409 701 ct
430 662 486 722 pro
513 642 594 702 bono
613 643 910 721 redderentmaium,
923 644 975 705 do-

65 745 114 786 nec
136 745 172 786 eo
195 744 291 804 usque
314 727 342 784 in
366 745 451 784 suam
475 726 610 806 ipsorum
642 725 771 786 salutem
799 728 976 806 insanirent,

64 817 91 867 ut
109 808 225 868 libellos
249 827 335 868 meos
357 807 479 886 publice
501 809 681 870 damnarent
694 817 725 868 et
742 818 904 870 exurerent
918 810 974 870 Co·

62 893 153 954 loniae
177 900 207 951 et
227 891 364 974 Lovauii,
386 911 456 951 nam
476 893 496 951 ii
522 911 596 970 prae
611 893 719 950 ceteris
746 891 860 952 habent
877 894 974 954 uelum

62 976 122 1050 Dei,
144 973 198 1034 sed
221 993 283 1034 non
306 975 472 1034 secundum
487 975 656 1036 scientiam.
686 975 719 1034 ln
733 994 792 1054 que
815 983 975 1036 retentum

62 1058 151 1135 abest,
175 1065 207 1117 ut
221 1077 358 1133 movear,
379 1065 412 1117 ut
434 1077 483 1118 me
506 1058 702 1118 vehementer
715 1060 857 1120 misereat
879 1061 975 1120 caeci-

62 1142 124 1200 tatis
147 1149 177 1200 et
200 1140 532 1220 perditionis-iliorum,
556 1142 618 1200 imo
632 1148 663 1200 et
684 1142 806 1220 puerilis
819 1141 974 1204 stultitiae.

62 1223 132 1298 Quid
157 1226 237 1283 enim
261 1223 379 1283 facilius
393 1233 448 1300 est,
471 1241 561 1302 quem
575 1221 678 1300 libros,
703 1243 780 1303 quos
793 1225 976 1304 redarguere

61 1327 113 1368 non
136 1308 253 1386 possis,
279 1305 429 1366 exurere?
464 1305 591 1366 Exussit
623 1308 734 1386 impius
771 1327 823 1366 rex
847 1308 973 1368 loiakim

60 1391 143 1450 libros
164 1389 317 1450 ieremias
336 1389 522 1470 prophetae,
545 1388 599 1449 sed
618 1408 678 1450 uon
703 1391 732 1448 in
755 1389 815 1451 hoc
836 1389 978 1451 iustifica-

60 1474 147 1534 betur.

134 1555 259 1631 Verum,
282 1561 315 1616 ut
343 1553 423 1633 dixi,
458 1555 589 1634 pertinet
619 1562 649 1615 et
685 1555 746 1616 hoc
779 1555 818 1616 ad
853 1576 971 1636 perver-

61 1640 170 1699 sitatem
193 1643 329 1698 nostram
352 1645 382 1696 et
403 1657 526 1698 sensum
549 1637 724 1718 reprobum,
747 1640 776 1698 in
800 1658 889 1717 quem
914 1658 970 1700 nos

61 1722 144 1781 tradit
165 1721 265 1798 Deus,
289 1729 320 1780 ut
342 1720 443 1780 clerici
470 1722 629 1782 veritatem
654 1721 850 1800 damnemus,
883 1740 973 1800 quam

61 1805 120 1864 iaici
143 1802 376 1883 amplectuntur,
399 1810 428 1863 et
451 1801 525 1863 fient
547 1804 735 1883 sacerdotes,
758 1806 809 1884 qui
832 1805 975 1865 sacerdo-

18 1959 19 1962 Ἴ
61 1898 99 1947 tes
120 1907 177 1948 non
202 1883 319 1965 suntl),
342 1887 429 1964 laici,
453 1888 503 1966 qui
526 1885 596 1947 laici
619 1905 680 1951 non
703 1897 783 1950 suut.
806 1886 907 1962 Quare
930 1893 972 1948 vi-

18 1973 20 2034 t
60 1991 118 2030 sum
141 1979 196 2048 est,
219 1967 364 2049 deinceps
387 1968 425 2030 ad
449 1988 504 2030 vos
527 1969 634 2046 laicos,
657 1989 769 2031 novum
793 1991 890 2050 genus
914 1972 972 2032 cle-

18 2047 19 2070 *
60 2055 190 2132 ricorunr,
213 2051 356 2131 scribere,
379 2059 410 2112 et
432 2051 486 2112 sub
501 2053 631 2114 nominis
645 2056 685 2114 tui
703 2053 846 2114 felicitate
873 2054 971 2133 (quod

18 2179 20 2210 ,
59 2137 133 2196 bens
155 2137 250 2210 faxit)
275 2134 404 2196 feliciter
426 2133 528 2212 ordiri,
551 2144 721 2196 asserturus
744 2155 781 2197 sc
804 2139 971 2198 munit-urus

18 2219 20 2298 ξ
61 2222 151 2279 omnia
173 2219 241 2296 ills,
265 2238 344 2299 quae
365 2217 543 2280 incendiarii
571 2218 613 2280 illi
636 2240 691 2299 per
713 2219 830 2280 Builsm
854 2220 911 2280 sibi
934 2223 971 2280 si-

61 2303 206 2362 millimam
230 2302 460 2364 damnaverunt.
494 2301 540 2363 'l‘u
562 2304 665 2382 itaque
688 2304 747 2364 hoc
771 2315 970 2366 monumento

18 2417 19 2432 ι
62 2406 108 2462 me,
128 2387 190 2446 imo
212 2384 414 2446 Christianam
439 2386 608 2446 doctrinam
632 2386 684 2446 tibi
701 2396 731 2446 et
745 2387 970 2448 universoeno·

18 2519 19 2546 ἶ
62 2469 158 2530 biiitati
188 2476 307 2529 vestrae
336 2469 583 2530 commendatam
606 2469 709 2547 tacito,
731 2488 768 2528 ac
790 2470 868 2530 vele.

132 2551 385 2632 Vuittenbergae,
408 2571 489 2614 anno
512 2553 550 2617 M.
574 2553 609 2613 D.
632 2551 697 2613 XX.
721 2553 817 2633 prime
844 2554 971 2614 Decem·

18 2705 19 2708 Ἴ
62 2633 121 2696 bris.

18 3423 20 3476 i

66 2837 241 2900 Assertio
263 2839 422 2899 omnium
450 2839 705 2901 articulorum
729 2840 883 2900 Martini
910 2839 970 2900 Lu·
1018 2815 1023 2824 ι

66 2943 153 3004 theri
192 2963 259 3026 per
292 2944 440 3006 Bullam
474 2945 613 3009 Leonis
644 2945 681 3010 X.
714 2949 968 3008 novissimam

355 3050 668 3133 damnatorum.²)

135 3215 314 3297 Quanquam
338 3215 458 3278 abunde
481 3219 554 3279 setis
576 3219 726 3300 prioribus
756 3218 866 3278 libellis
896 3218 969 3276 meis

63 3299 198 3360 rationem
221 3298 403 3362 reddiderim
427 3299 464 3360 de
488 3301 622 3362 articulis
635 3302 700 3362 istis
717 3302 885 3363 novissima
896 3299 970 3359 Leo·

110 3559 139 3628 1)
159 3560 187 3613 ln
207 3560 249 3614 ed.
272 3563 355 3630 orig.:
375 3562 437 3614 sint.
481 3561 512 3624 2)
535 3561 609 3616 Haec
625 3561 784 3628 inscriptio,
804 3572 874 3625 quac
894 3557 971 3610 deest

66 3631 89 3680 in
106 3631 219 3684 editione
237 3631 373 3713 originali,
394 3633 510 3700 repetite
529 3639 571 3687 est
591 3650 626 3686 cx
645 3631 710 3686 edit.
728 3627 789 3683 Jen
