2262 4006
151 193 215 265 414
255 156 259 164 .
443 193 602 260 cormaco
620 195 785 261 camonia
813 220 816 232 ·

153 353 309 420 damnavit
331 349 509 440 peccatum,
545 369 578 420 ot
600 357 774 422 inatiiicaiio
797 361 873 504 ieffir
892 359 1048 441 impieretur

151 443 181 502 iu
204 439 303 532 oubju.
347 443 404 502 iiio
425 442 526 520 rides,
549 451 581 502 ot
602 446 708 524 opertu
731 454 824 506 crea
859 449 951 524 rmet,
971 443 1049 506 rurae

151 523 213 606 legi
234 525 440 604 impossibiie,
474 533 507 586 ut
529 525 706 608 impleretur
731 527 761 587 in
783 527 872 588 nobie
893 527 1051 587 iocciiicatio

151 605 238 688 legia,
251 609 306 668 nisi
320 607 411 668 ethic
422 608 668 670 iustificationem
682 607 757 690 legio
769 611 966 670 intentionem
977 623 1050 690 prae·

151 689 291 772 cipientiu
321 708 389 752 esee
425 709 529 772 cogas.
586 691 676 768 Quod
713 694 738 752 ai
775 694 834 774 legi
879 691 1052 774 impossibiie

150 770 221 853 suit,
255 788 335 854 qnae
370 776 401 834 iu
434 775 615 835 adiutorium
640 776 711 836 data
733 781 792 851 eet,
831 783 947 856 quanto
968 775 1053 855 magia

151 855 226 918 citra
248 857 431 918 adiutorium
455 857 531 938 legis
546 857 744 938 impossibiie,
766 859 828 920 imo
850 858 930 920 odeo
952 861 1054 938 impoa·

149 935 237 1000 nihile
277 937 348 1018 fuir,
392 947 424 1000 ut
466 941 647 1001 adiutorium
681 942 757 1020 iegia
796 943 893 1022 magia
927 939 1054 1002 obfuerit.

150 1022 231 1083 Dicit
253 1025 331 1084 enim
355 1025 385 1082 in
419 1041 456 1084 eo
477 1023 657 1104 impossibili
686 1021 783 1104 legem
806 1025 1005 1103 infirmatam,
1029 1024 1054 1083 ii

149 1109 205 1182 eni,
227 1122 289 1166 non
310 1106 484 1186 impletam,
508 1115 632 1187 propter
654 1123 777 1168 cornero
800 1109 937 1188 peccati,
961 1115 1052 1166 antei

151 1189 201 1248 hio
224 1203 284 1250 non
299 1189 455 1270 impletam
468 1188 570 1250 dicent
584 1190 752 1250 secundum
764 1192 966 1250 intentionem
979 1204 1055 1269 pree-

150 1269 290 1352 cipientiu
330 1282 361 1332 ut
383 1281 445 1332 tum
470 1287 529 1332 non
554 1270 643 1353 colpe
666 1275 780 1348 carnia,
802 1289 857 1354 per
878 1284 972 1352 qoam
993 1272 1056 1331 dicit

148 1370 209 1418 oon
232 1319 388 1435 impietam
412 1355 527 1436 tegern,
558 1357 611 1416 aeti
635 1353 690 1416 Dei
712 1355 896 1417 intendentis
918 1365 983 1433 eet,
1013 1356 1056 1432 qui

148 1453 208 1498 nou
231 1443 393 1498 contentae
415 1437 570 1518 impletam
593 1453 661 1500 ease
685 1437 780 1519 exigit
802 1441 944 1519 gretiam,
966 1446 997 1498 et
1016 1440 1056 1496 air

146 1531 345 1602 peromnem
370 1521 418 1580 iex
442 1523 520 1581 bene
541 1519 687 1599 firmatur,
710 1522 763 1582 aed
786 1537 841 1602 per
860 1521 1056 1582 intentionem

146 1603 363 1686 praecipientia
384 1601 560 1664 infirmatur.

228 1685 255 1748 Ο
278 1685 473 1768 blasphemae
496 1700 589 1749 vouea
610 1693 640 1748 et
662 1687 793 1747 rabidae.
836 1685 907 1761 Sed,
931 1693 968 1746 ot
989 1685 1056 1760 dixi,

145 1769 225 1831 hauc
247 1766 380 1830 divinam
404 1786 512 1831 vocem
536 1769 619 1830 Penii
642 1771 777 1850 oportuit
798 1771 876 1830 iuter
898 1769 1011 1830 blattae
1029 1775 1056 1828 et

147 1855 258 1914 cariem
274 1855 492 1930 conticescere,
514 1871 552 1913 ne
575 1868 637 1914 non
657 1859 797 1932 regnaret
809 1853 974 1913 Decretum
987 1852 1054 1912 iiim

90 1947 93 1958 ’
147 1934 327 2018 principium
350 1932 432 1999 fidei,
473 1936 525 1998 sto
546 1937 614 1998 Aet
641 1935 740 2013 13¹i:
773 1936 830 1996 Per
863 1936 945 1996 irnnc
975 1933 1054 1996 voitu

144 2020 283 2080 remissio
299 2028 496 2100 peccatorum
514 2019 928 2095 annunciaturabomniboa
952 2018 1055 2098 quibua

144 2122 204 2164 non
228 2103 370 2183 potuistis
391 2103 421 2162 in
444 2101 601 2184 iege-Moci
624 2100 790 2181 iuttiflcari,
813 2103 843 2162 in
867 2102 927 2162 hoc
950 2102 1054 2176 omniu,

142 2186 193 2266 qui
209 2184 313 2263 credit,
336 2183 524 2246 iustificetur.
554 2183 623 2247 Non
640 2179 744 2245 imbuit
755 2183 915 2266 aportoiur
928 2201 1053 2264 graecae

145 2267 268 2349 linguae
290 2269 429 2350 peritiam
451 2273 578 2346 tantam,
602 2278 635 2330 ut
657 2267 780 2347 diceret,
804 2269 914 2348 quibos
935 2267 1053 2328 diiiioiia

143 2352 200 2412 init
220 2351 387 2430 iustificari,
409 2361 441 2412 ut
462 2351 651 2434 impossibiie
673 2365 812 2414 auserem
833 2359 1006 2432 cogeretur.

225 2435 299 2496 itam
330 2436 419 2498 Aeto.
444 2437 481 2500 io
511 2435 617 2496 Petrus·
658 2433 744 2495 dieite
778 2435 847 2496 Huc
881 2441 928 2495 eat
970 2448 1051 2512 onor,

142 2519 224 2600 qood
249 2535 306 2580 neu
327 2533 384 2580 noa
406 2532 464 2579 nec
485 2517 590 2578 Patres
612 2518 706 2579 nostri
738 2527 860 2598 portare
885 2524 1051 2598 potueruut.

142 2601 220 2678 Quid
246 2603 331 2681 dicia,
354 2600 465 2662 Petro?
495 2600 563 2664 Non
588 2609 754 2682 potnerunt
775 2600 919 2681 portare?
948 2599 1052 2660 Nonne

140 2693 341 2766 portaverunt
374 2683 540 2747 secundum
579 2685 779 2746 substantiam
808 2684 905 2746 fecti?
948 2683 1052 2743 Nouoe

130 2769 312 2830 'circumcisi
335 2775 414 2846 aunt,
437 2767 694 2844 sacrificaverunt,
716 2771 749 2828 ci
771 2767 937 2828 omuiaiiia
958 2784 1050 2826 aerra·

142 2849 273 2912 rerunt?
294 2852 350 2930 Tu,
373 2849 474 2931 video,
496 2853 620 2931 ignoras
643 2851 792 2932 principia
810 2851 879 2911 ficei
903 2859 934 2910 et
956 2850 1051 2910 moitis

141 2935 241 2995 modia
273 2933 383 3015 delirae
416 2953 435 2996 a
472 2931 655 2996 Loranienai
694 2934 858 3015 theologie.
903 2935 947 2994 Ac
978 2933 1050 2993 dicet

140 3015 190 3079 itio
211 3015 370 3079 Latomoa:
400 3016 446 3078 De
469 3019 700 3079 circumcisione
724 3019 856 3097 loquitur
878 3019 1000 3094 Patrue,
1022 3024 1049 3076 ot

140 3116 179 3164 ex
201 3102 310 3184 capitit
333 3103 482 3183 principio
505 3104 599 3182 patet.
643 3101 684 3162 At
710 3115 770 3161 non
800 3109 967 3181 potueruut
988 3115 1046 3180 por·

139 3193 203 3247 tare
231 3184 517 3247 circumcisionem?
547 3184 613 3246 Into
644 3185 683 3244 de
712 3185 781 3264 tage
807 3185 885 3244 Moci
915 3184 1047 3263 loquitur.

140 3269 192 3332 Sic
213 3272 292 3332 enim
315 3268 408 3350 panio
436 3277 507 3328 ante
529 3267 682 3328 scribitur:
719 3266 922 3328 Surrenernnt
955 3275 1047 3326 eutem

140 3354 263 3431 quidam
287 3351 326 3412 de
347 3353 465 3412 haeresi
490 3350 740 3430 Pherieaeorrtrn,
770 3351 821 3429 qui
853 3342 1046 3424 crediderant,

139 3433 291 3495 cicentem
315 3435 446 3516 Oportet
468 3433 642 3493 eircumcidi
666 3447 730 3510 eoa,
755 3434 920 3513 praecipue
932 3443 1047 3511 quoque

141 3604 557 3628 Q·w-u

194 3717 225 3784 i)
245 3717 275 3770 In
295 3721 338 3774 ed.
357 3723 440 3793 origo
460 3723 502 3780 15.
