2250 4008
309 185 434 240 Rationis
455 185 636 242 Latomtanna
656 178 707 244 ato.
910 139 974 249 4d9

47 360 116 402 uno
151 341 273 420 quidem
302 340 371 402 loeo
404 339 580 420 Soripturae
619 341 772 404 roborata
816 341 894 402 Nam
933 339 971 400 de

48 425 187 505 septimo
211 425 321 504 eapite,
343 423 425 503 quod
448 432 544 484 totum
563 425 622 486 huo
634 426 775 508 pertinet
798 426 829 484 in
842 442 973 503 sequen·

48 506 134 568 tibus
155 506 344 567 videbimus.-

139 589 217 666 Quid
241 589 338 670 ergo?
369 598 549 686 peccatores
578 590 740 652 ιιιωιιε9
732 608 795 650 imo
817 587 971 650 iustificati

47 692 179 750 sumus,
202 671 255 732 sed
277 692 332 752 per
354 674 494 752 gratiam.
537 673 657 735 Iustitia
690 680 822 734 nonest
854 672 912 732 sita
940 675 970 732 in

44 755 158 816 formis
179 755 238 816 iilis
261 756 450 852 qualitatum,
472 755 556 815 sed
547 777 577 817 m
592 755 891 822 misericordiaDei
914 755 971 817 Re·
992 760 994 766 ’

46 858 128 898 vera
151 839 242 916 enim,
264 840 289 897 si
312 858 331 898 a
352 839 409 919 piis
433 841 599 900 remoraris
621 838 878 914 misericordiam,
899 857 971 936 pep-

45 927 176 984 oatores
199 929 269 982 sunt
291 929 321 981 et
343 940 447 982 verum
470 931 631 1002 peceatum
660 923 790 1000 habeut,
822 885 878 982 sed
899 923 972 1002 quia

46 1003 184 1065 eredunt
205 1012 236 1065 et
257 1004 313 1065 sub
337 1005 564 1067 misericordiae
586 1025 682 1086 regno
695 968 818 1087 degudt,
842 1013 873 1066 et
890 1004 970 1066 dam·

46 1094 159 1148 uatum
189 1095 236 1148 est
257 1096 287 1148 et
316 1086 446 1148 assidue
461 1087 688 1149 mortificatur
680 1109 710 1148 rn
734 1091 778 1149 eis
799 1094 971 1169 peooatum,

45 1169 125 1231 ideo
147 1189 209 1231 non
232 1169 397 1250 imputatur
419 1172 472 1234 eis
517 1174 576 1232 ista
598 1179 646 1233 est
666 1173 806 1234 remissio
829 1171 972 1252 baptismi

44 1253 294 1332 gloriosissima,
326 1262 356 1313 et
379 1262 477 1330 uerte,
506 1257 530 1314 si
561 1258 682 1335 speotes
715 1275 779 1316 rem
802 1254 972 1336 diligenter,

44 1337 114 1396 fere
138 1337 236 1396 maius
258 1343 320 1412 est,
354 1355 426 1398 eum
456 1357 510 1417 pro
538 1339 619 1399 iusto
642 1338 765 1415 haberi,
797 1337 850 1417 qui
872 1336 991 1406 adhue,

45 1420 189 1499 pennatis
212 1419 339 1479 insectus
361 1428 422 1497 eat,
455 1439 545 1499 quam
579 1421 629 1500 qui
653 1421 779 1481 omnino
800 1440 894 1501 purus
917 1427 972 1482 est.

45 1502 122 1564 Nou
151 1521 226 1582 ergo
259 1501 436 1579 dicendum,
473 1504 554 1581 quod
584 1503 753 1583 baptismus
789 1521 852 1564 aon
886 1503 974 1563 tollat

47 1586 159 1646 omnia
181 1585 331 1665 peeoata?
362 1603 432 1646 vere
466 1588 569 1646 omnia
604 1585 682 1647 tollit
710 1605 774 1648 non
803 1584 971 1646 seeundum

51 1667 275 1744 substantiam,
308 1669 363 1728 sed
386 1669 546 1747 plurimum
570 1668 737 1730 secundum
760 1667 972 1744 substantiam,

49 1757 82 1811 et
106 1757 206 1812 totum
223 1751 390 1811 seeundum
415 1753 493 1812 vires
517 1755 592 1829 eius,
615 1752 704 1813 simui
721 1750 859 1831 quotidie
880 1751 971 1812 etiam

46 1833 166 1894 tollens
189 1834 355 1894 seeundum
385 1835 607 1914 substantiam,
636 1843 668 1896 ut
690 1840 864 1898 evacuetur.
909 1833 975 1894 Neo

47 1934 112 1996 ego
136 1917 222 1977 sotus
246 1926 297 1976 eut
320 1918 433 1997 primus
456 1936 495 1977 ex
518 1918 691 1978 hominibus
719 1925 790 1998 post
811 1917 973 1998 apostolos

46 2000 130 2060 haee
153 2000 233 2076 diaO,
257 2000 418 2080 Augustini
441 1999 533 2060 verba
555 2008 639 2063 sunt:
663 2000 836 2061 Remittitur
857 2001 888 2060 in
902 2000 972 2079 bap·

48 2084 145 2142 tisino
170 2083 343 2143 uuiversum
366 2091 541 2164 peaostum,
564 2102 626 2146 non
649 2091 764 2144 utnon
787 2084 841 2158 sit,
864 2081 973 2142 sedat

50 2184 116 2226 non
138 2166 312 2245 imputetur.
356 2165 474 2226 Audis?
517 2165 572 2226 Est
599 2177 759 2246 peecatum
789 2167 881 2226 etiam
903 2172 974 2246 post

48 2248 283 2323 remissionem,
312 2248 365 2308 sed
394 2267 455 2309 nou
478 2249 653 2329 imputatur.
696 2249 764 2310 Non
788 2247 900 2309 suffieit
920 2247 974 2307 tibi

50 2330 132 2392 haee
153 2329 315 2391 ineffabilis
337 2331 395 2392 Dei
423 2332 647 2410 misericordia,
683 2331 765 2412 quod
796 2339 826 2392 te
853 2331 973 2412 penitus

17 2465 20 2473 .
50 2413 201 2475 iustifioat
221 2413 259 2474 ab
272 2415 355 2474 omui
371 2421 512 2494 peooato,
534 2414 650 2476 habens
666 2421 705 2490 te,
726 2433 764 2475 ao
779 2415 804 2474 si
827 2413 974 2510 sinapeo-

53 2504 127 2558 oato
152 2499 203 2573 sis,
227 2504 342 2557 tantum
366 2504 522 2577 utpergas
547 2497 731 2559 mortifloare
753 2497 794 2574 id,
817 2494 973 2576 quodiam

52 2580 233 2641 damnatum
247 2585 278 2640 et
286 2597 384 2661 prope
394 2588 524 2641 mortem
534 2582 666 2661 positum
678 2581 737 2641 ab
730 2597 799 2660 ipso
813 2579 879 2640 est?
890 2578 974 2638 bion·

52 2671 131 2724 stret
152 2664 256 2742 itaque
278 2661 514 2740 absurditatem,
543 2671 574 2724 et
595 2673 687 2744 nogat
708 2663 870 2739 Latomus,
892 2661 975 2758 Apo·

52 2745 169 2806 stolum
192 2763 254 2806 nou
277 2745 506 2842 intelligendum
538 2745 576 2806 da
606 2765 678 2806 vero
702 2753 831 2826 peceato
853 2744 976 2824 proprie

53 2827 150 2888 dioto
195 2830 235 2888 At
257 2827 356 2904 diaes,
388 2828 475 2889 hoo
467 2847 527 2890 ram
550 2848 611 2888 non
635 2836 795 2909 peceatum
819 2835 879 2908 est,
914 2845 975 2889 non

53 2913 210 3008 imputari
253 2910 321 2971 Hoo
342 2919 388 2971 est
410 2912 492 2990 quod
515 2912 597 2988 volo,
620 2919 735 2972 utnon
757 2916 885 2972 naturae
904 2928 975 2990 ope-

55 2995 109 3070 ris,
134 2993 187 3054 sed
211 2992 438 3056 misericordiae
459 3013 519 3054 uon
532 2995 694 3075 imputanti
711 2993 867 3055 tribuatur.
891 2993 977 3053 Lato·

57 3097 126 3137 mus
141 3081 242 3137 autern
264 3075 491 3138 miserioordiae
508 3077 700 3157 ignoscentia
720 3076 893 3157 postposita
911 3073 978 3134 vult

55 3181 97 3220 ex
110 3168 218 3220 natura
229 3169 554 3240 nonessapaoaatum·
567 3160 707 3220 hoavero
720 3158 976 3237 estsaorilegium.

143 3241 230 3302 Ex'
212 3260 248 3301 ris
269 3249 343 3322 puto
366 3243 522 3304 defensum
545 3261 636 3321 nuno,
659 3261 750 3303 omne
774 3260 851 3320 opus
863 3240 976 3300 bonum

60 3344 131 3386 esse
145 3332 316 3406 peceatum,
339 3326 395 3386 nisi
415 3323 786 3406 ignosoatmiserioordia.
815 3321 978 3384 Namusa

58 3409 118 3490 ipsi
140 3418 271 3488 possunt
294 3426 421 3504 negare,
452 3407 535 3487 quod
556 3409 670 3468 fruetus
699 3406 809 3468 referat
838 3412 976 3466 naturam

62 3491 190 3552 arboris.
233 3492 275 3550 At
297 3490 470 3551 arborium
493 3490 625 3572 probata
647 3495 709 3568 est,
736 3508 799 3550 non
822 3489 888 3549 sine
908 3505 977 3569 peo-

62 3581 133 3635 aato
155 3592 234 3650 esse,
256 3572 327 3633 lioet
350 3573 494 3635 damnato
517 3579 547 3634 et
561 3571 689 3649 indulto,
712 3591 807 3652 quare
820 3588 877 3630 neo
899 3587 977 3649 opus

62 3659 126 3722 eius
150 3663 196 3718 est
218 3656 284 3718 sine
305 3663 446 3740 peaoato,
468 3656 540 3720 lieet
553 3655 698 3720 damnato
720 3660 750 3716 et
770 3652 898 3723 indulto
920 3651 977 3715 Hio
