2250 4008
107 151 172 225 ξω
401 153 743 214 Conttrtatiolrutlreriana

109 311 302 376 venundetur
325 311 388 372 snb·
404 319 554 393 peuoeto,
578 313 656 374 einut
678 312 765 374 dieit:
799 312 902 376 Mente
934 311 1042 372 servio

108 395 170 474 legi
182 395 249 472 Dei,
272 414 364 456 oarna
386 406 494 456 autem
517 395 580 475 legi
602 397 729 478 peceati.
773 395 842 458 Non
857 403 887 454 te
908 395 965 456 hie
988 393 1041 454 fnl-

112 477 156 543 tat
184 479 346 554 Lutomua,
383 477 458 540 duaa
488 480 605 541 laniena
640 480 822 541 voluntates.
866 479 956 540 Unus
995 483 1042 538 eet

111 561 206 624 bomo
229 561 357 638 Paulus,
380 564 615 642 quintrnmque
649 563 688 624 de
709 583 743 623 ee
766 563 951 639 confitetur,
977 561 1038 622 olio

106 651 137 706 el
159 645 219 706 alio
241 652 399 725 respectu,
421 644 477 716 sub
497 647 597 726 gratia
618 654 665 706 eat
686 646 867 726 spiritualis,
893 645 951 706 aed
979 644 1036 704 snb

108 728 190 808 Lege
235 729 382 806 earnalie;
434 729 515 790 idem
569 728 650 791 idem
704 729 816 790 Paulus
870 727 1040 807 utrobique

108 811 224 875 donum
246 812 332 886 feeit,
376 818 409 873 ut
440 813 480 872 eit
506 813 671 893 spiritualis
706 820 738 873 et
759 812 814 874 sub
851 813 970 892 gratia,
1008 813 1038 870 in

108 897 208 976 gretia
236 897 325 958 uuiua
363 896 495 960 hominia
528 895 597 959 leen
631 895 749 958 Christi.
793 895 961 956 Peooaturn
998 895 1040 954 fa-

108 979 165 1056 eit,
200 987 233 1040 ut
263 980 302 1038 eit
324 979 470 1056 earnalis,
500 977 554 1039 aed
577 999 639 1041 non
662 979 719 1040 rub
741 980 802 1058 ira,
840 978 913 1058 quio
933 976 1040 1058 gratia

108 1068 140 1122 at
174 1063 218 1122 ira
252 1081 314 1124 non
348 1064 553 1142 eonveniunt,
591 1081 649 1124 neo
681 1082 750 1123 rere
783 1071 890 1123 mutuo
910 1063 1039 1142 impug-

108 1151 199 1221 nant,
222 1165 280 1206 neo
301 1145 428 1220 alterum
452 1145 576 1212 alteriue
598 1137 786 1225 dominatur,
814 1146 894 1206 aient
916 1144 1037 1206 donum

108 1235 140 1288 et
160 1236 320 1309 peoontum
344 1229 467 1292 laeiunt.
509 1229 570 1304 lte,
599 1229 690 1306 Quod
718 1230 797 1290 enim
820 1247 949 1310 operor,
976 1247 1038 1309 ego

107 1311 238 1372 oarnelio
260 1330 323 1372 non
345 1313 499 1392 intelligo,
529 1311 666 1394 intelligo
696 1319 797 1374 autem
829 1330 887 1393 ego
911 1312 1037 1394 spiritn-

107 1393 181 1473 alie,
216 1394 329 1474 nlioqui
360 1395 517 1474 quomodo
546 1403 653 1478 posset·
683 1396 723 1458 de
756 1415 790 1456 se
816 1396 1038 1476 pronunciare,

108 1496 143 1538 ee
165 1496 236 1538 oeae
258 1496 319 1540 non
343 1478 578 1560 intelligentem,
610 1479 681 1560 qnid
705 1479 868 1559 operetur?
911 1478 1037 1540 Deinde

106 1561 136 1622 in
162 1560 361 1639 sequentibus
383 1561 495 1622 malum
518 1562 662 1642 appellnt,
685 1562 768 1643 qnod
781 1569 934 1642 operetur,
957 1581 1036 1642 ergo

107 1642 253 1724 intelligit
274 1643 386 1705 malum
410 1645 493 1722 quod
515 1653 675 1724 operetur,
712 1646 765 1706 ead
788 1663 881 1706 earne
903 1661 967 1704 non
994 1646 1035 1702 in-

110 1725 228 1806 telligit,
250 1726 333 1806 quod
352 1734 454 1790 mente
475 1727 626 1806 intelligit.
670 1730 749 1788 Vere
766 1729 845 1788 enim
869 1736 1034 1808 pennatum

108 1810 139 1871 in
164 1827 259 1872 earne
280 1812 381 1870 iurene
403 1817 491 1890 putat
510 1809 625 1872 bonnm
649 1830 733 1889 eene,
763 1810 845 1890 quod
868 1809 1032 1890 eoncupis-

108 1893 159 1967 oit,
182 1899 212 1953 et
233 1893 276 1954 it'o
297 1893 369 1953 feeit
383 1892 631 1974 hominiqnoque
644 1913 803 1974 apparere,
826 1912 888 1954 non
913 1893 1032 1964 uidene,

106 1994 197 2054 quem
223 1976 335 2038 malum
358 1978 405 2038 eit.
449 1977 517 2038 Non
541 1978 622 2036 enim
636 1977 718 2056 quod
735 1977 806 2037 volo
819 1975 947 2053 bonum,
968 1976 1030 2037 hoe

106 2077 178 2139 ugo,
201 2059 256 2119 aed
279 2059 361 2138 quod
387 2059 459 2120 odio
483 2059 613 2138 malum,
641 2060 701 2120 hoo
723 2078 794 2139 ago.
837 2059 921 2120 Eone
943 2059 1030 2120 iutel-

104 2141 172 2222 ligit
203 2141 317 2204 bonum
341 2148 372 2202 et
406 2143 538 2219 molum,
573 2141 627 2202 eod
649 2142 760 2203 Paulus
791 2141 957 2222 spiritualia
984 2142 1030 2202 aio

103 2225 246 2306 iutelligit
276 2232 306 2286 et
327 2224 391 2285 vult
413 2233 444 2285 et
467 2225 540 2286 odit.
584 2225 722 2286 Garnelia
752 2242 826 2286 vero
855 2245 917 2287 non
943 2225 1029 2286 intel·

105 2307 170 2386 ligit
191 2307 307 2370 bonum
332 2315 362 2368 at
383 2309 448 2388 agit
469 2312 500 2370 et
522 2315 605 2368 amat
627 2308 739 2368 malum
761 2327 818 2388 pro
842 2305 935 2369 bono.

189 2391 328 2452 Prolerat
349 2409 432 2452 nunu
452 2391 622 2472 Scripturas
644 2391 800 2466 Latomus,
823 2391 934 2470 quibua
956 2411 1025 2471 pro-

104 2472 207 2551 betur,
235 2473 317 2552 quod
351 2473 481 2534 earnalis
510 2472 663 2554 significet
689 2473 738 2534 hie
770 2473 852 2534 aliud
881 2493 973 2554 quarn
996 2475 1026 2534 in

105 2556 171 2618 aliie
194 2556 287 2626 loeis,
328 2563 470 2636 olquam
494 2557 590 2636 exigit
612 2555 819 2617 Grammatico
841 2563 871 2616 et
893 2557 1027 2636 simplex

105 2639 300 2718 nignifiontio.
343 2639 474 2715 Probet,
508 2638 590 2719 quod
615 2639 725 2702 malum
757 2647 787 2699 et
808 2639 922 2700 bonurn
943 2638 1026 2700 eliud

103 2722 163 2783 boo
185 2722 254 2784 loeo
269 2741 359 2802 quam
374 2723 404 2783 in
419 2722 487 2782 aliis
503 2722 685 2802 significent,
702 2721 815 2866 probet
838 2723 920 2802 quod
938 2723 1026 2797 velle,

103 2804 201 2880 nolle,
237 2806 359 2882 odisee,
393 2825 493 2886 agere
516 2804 599 2866 aliud
621 2806 699 2886 signi
724 2813 772 2867 eet
805 2804 854 2866 hie
877 2825 969 2886 quam
991 2808 1021 2866 in

103 2887 171 2948 aliis
195 2888 280 2949 lonis.
324 2888 414 2964 Quod
437 2908 506 2950 oum
529 2907 590 2949 non
613 2889 728 2968 pospit,
750 2894 780 2948 et
802 2907 907 2949 eorum
931 2890 1025 2970 sigui·

103 2970 217 3035 flioelio
240 2971 346 3051 pietati
367 2973 428 3032 hoe
450 2972 520 3032 looo
545 2990 606 3033 non
629 2972 739 3048 obstet,
763 2971 835 3051 quid
858 2983 920 3047 een,
942 2973 1023 3052 quod

104 3055 261 3116 bominum
285 3054 396 3134 gloaaia
418 3054 618 3116 moveamur?
640 3053 748 3134 Neque
770 3054 848 3115 enirn
873 3074 935 3116 non
959 3075 1024 3136 pro·

104 3139 169 3217 prie
191 3137 322 3198 earnalis
345 3137 463 3214 dieitur,
485 3138 536 3216 qui
560 3158 599 3198 ex
620 3146 707 3218 parte
729 3136 859 3197 earnalis
882 3146 948 3215 eat,
971 3140 1023 3198 eie·

81 3227 136 3281 ut
166 3219 245 3301 dixi,
285 3220 366 3299 quod
399 3240 460 3282 non
483 3220 553 3280 ideo
580 3239 641 3281 non
665 3229 710 3280 est
732 3221 840 3296 homo,
870 3219 959 3300 qui¹l
980 3222 1021 3280 in·

102 3302 206 3364 firmus
228 3310 281 3363 aut
301 3322 412 3382 pervus
436 3303 531 3364 homo
554 3310 609 3376 eat.
654 3303 851 3364 Vulneratum
865 3313 912 3362 est
934 3312 1021 3384 eaput

103 3385 244 3460 hominis,
267 3392 297 3444 el
321 3404 391 3444 vere
407 3385 545 3462 dicimus,
570 3385 663 3446 bomo
687 3385 862 3447 vulneratur
885 3392 941 3448 eet.
985 3387 1021 3446 ut

103 3465 154 3540 qui
188 3466 318 3542 pereutit
346 3466 454 3544 pedem
488 3470 590 3546 oanis,
626 3469 782 3532 verissime
818 3485 926 3528 oanem
958 3489 1020 3550 per·

105 3597 310 3607 mmm..
316 3603 321 3606 .
330 3603 333 3607 .
356 3601 476 3610 ..q-⁶...-

174 3645 208 3710 1)
227 3645 259 3700 ln
278 3649 321 3703 etl.¹
339 3648 412 3706 dem:
434 3604 540 3721 qui-es·
628 3679 629 3684 κ
