2252 4006
131 165 193 234 216
322 167 448 226 Assertio
468 185 541 224 omn.
563 171 639 230 artie,
657 167 693 226 D.
712 167 745 224 li.
764 168 792 226 la
810 184 861 239 per

129 324 214 388 iilum
238 325 426 400 exusserint,
458 343 526 386 enm
562 343 621 406 ego
650 343 701 388 ms
720 324 817 386 intem
838 323 1052 398 Christianum,

131 407 287 488 nolimque
308 426 413 470 eorum
427 406 653 470 damnationem
667 426 846 490 agnoseere.
888 407 951 468 Nisi
974 405 1053 468 forte
1115 427 1116 444 ¹

129 491 199 554 ideo
222 492 387 572 permissus
424 497 470 552 est
492 493 594 569 exuri,
629 493 783 572 quianon
818 511 924 572 parum
946 488 1055 550 detulit
1115 511 1116 526 2

131 575 272 638 Romano
293 573 379 636 idolo
408 581 439 636 et
471 576 533 634 suis
557 576 701 636 satanicis
729 576 849 636 statutis
871 573 1054 654 operationi·

132 657 248 738 busque
272 658 392 718 erroris.
436 656 572 718 (innatus
595 659 673 718 enim
697 659 753 720 fuit
772 660 818 718 vir
838 657 906 735 ilie,
935 664 965 716 ei
987 655 1055 736 pina

130 750 161 804 et
182 741 306 818 doetus,
327 740 358 801 id
381 740 464 820 quod
487 750 517 802 et
538 760 598 822 ego
620 743 650 802 in
673 743 823 822 prinsipio
848 739 1001 816 sonabat,
1023 746 1056 798 ui

130 825 260 887 decretis
286 824 447 906 papalibus
479 826 613 886 veritatis
642 826 747 906 opinio
786 825 873 886 saiva
907 830 1056 896 maneret,

131 915 163 970 at
183 909 220 968 iis
249 907 342 968 salvis
382 909 481 987 ipsum
510 910 610 988 perire
636 927 767 970 neeesse
799 915 866 970 erat
896 927 959 968 una
985 925 1054 966 eum

132 990 252 1054 Christo
275 997 305 1050 et
325 990 385 1051 fide
407 998 437 1050 et
457 993 595 1052 veritate.
1115 1061 1116 1072 χ

212 1074 308 1154 Igitur
333 1073 486 1135 Iohannes
508 1074 589 1137 Huss
622 1094 683 1135 non
720 1094 891 1156 repugnare
927 1073 1057 1148 videtur,
1115 1093 1116 1146 j

134 1177 195 1238 qun
219 1159 317 1218 minus
341 1159 381 1217 sit
404 1159 581 1218 monarchia
604 1177 720 1240 papae,
756 1157 815 1218 hon
842 1164 961 1219 tantum
984 1158 1057 1236 agii,

134 1243 261 1321 impium
289 1239 465 1321 pontificem
505 1260 566 1302 non
597 1259 665 1302 esse
698 1241 865 1302 membrum
896 1240 1057 1314 ecelesiae,

132 1325 351 1385 multominus
374 1342 503 1404 papam,
526 1325 682 1386 serendum
706 1331 825 1403 tamen,
853 1325 933 1385 sient
956 1342 1057 1402 quem-

132 1410 177 1466 vis
210 1407 302 1468 alium
347 1413 519 1488 tyrannum.
562 1407 631 1486 Ego
675 1427 746 1468 vero
780 1409 899 1468 etiamsi
936 1419 1058 1466 sanetus

132 1491 239 1551 Petrus
262 1489 354 1551 hodie
376 1489 565 1570 praesideret
584 1488 718 1566 Romae,
742 1489 862 1571 negabo
885 1491 976 1554 Rom.
998 1490 1059 1570 epi·

131 1591 261 1654 scopum
298 1592 366 1633 esse
394 1592 516 1654 papam.
561 1573 645 1654 Papa
670 1576 749 1634 enim
773 1593 821 1634 res
845 1572 917 1634 fieta
950 1581 997 1634 est
1027 1574 1057 1632 in

132 1656 264 1733 mundo,
286 1673 387 1736 neque
410 1657 481 1734 fnit,
503 1675 603 1736 neque
626 1663 688 1735 est,
711 1675 809 1736 neque
833 1657 906 1734 erit,
930 1655 985 1716 sed
1006 1654 1058 1714 iin-

130 1742 211 1820 gitnr
231 1758 309 1802 esse.
352 1738 455 1816 Quare
477 1740 575 1820 ipsam
599 1739 702 1800 sedem
728 1740 849 1800 Bestiae
870 1759 965 1819 nego,
988 1738 1056 1798 nihii

132 1829 279 1900 moratas,
302 1823 381 1883 sitne
404 1822 503 1883 bonus
526 1823 688 1902 ananelus,
711 1825 761 1902 qui
784 1824 814 1883 in
837 1841 874 1882 ea
887 1823 985 1883 sedet.
1007 1821 1058 1882 Se·

134 1906 198 1985 des,
219 1907 355 1986 inquam,
376 1924 456 1985 quse
478 1907 518 1965 sit
538 1925 630 1985 super
651 1925 758 1966 omnes
781 1905 887 1982 sedes,
908 1905 994 1965 nulia
1014 1911 1060 1964 esi

133 1990 165 2050 in
187 1988 318 2050 enclesis
339 1995 583 2069 superterram,
615 1991 679 2050 iure
714 1988 833 2065 divino,
865 1990 919 2050 sed
954 2007 1058 2048 omnes

133 2081 204 2134 sunt
235 2071 389 2150 aequales.
435 2071 514 2147 Quia
551 2092 611 2132 una
644 2071 735 2149 fides,
773 2091 866 2132 unum
898 2071 1059 2152 baptisma,

22 2205 30 2212 .
134 2174 211 2216 unus
234 2154 388 2232 Christus,
422 2175 500 2214 unus
522 2154 632 2231 Pater,
666 2157 717 2234 qui
741 2163 885 2234 operatur
907 2155 1061 2216 omninin

135 2237 294 2316 omnibus,
329 2239 445 2316 quiesi
466 2257 560 2318 snper
593 2239 711 2317 omnia,
748 2238 945 2318 peremnia,
979 2245 1010 2298 et
1029 2238 1058 2296 in

135 2319 293 2397 omnibus,
320 2319 417 2400 Ephe.
446 2322 475 2384 4.
519 2321 637 2381 Deinde
659 2321 966 2400 Decretales-papae
999 2337 1057 2380 non

135 2405 204 2465 dieo
235 2403 447 2485 apocryphas,
485 2406 563 2464 sient
586 2403 755 2484 Viglephus
791 2411 823 2466 et
848 2403 930 2464 Huss
960 2403 1058 2463 disere
1115 2397 1116 2404 '

133 2489 303 2564 iactentur,
341 2486 395 2547 sed
416 2487 526 2566 impias
559 2495 589 2548 et
611 2486 731 2548 Christo
754 2487 963 2563 adversarias,
992 2485 1057 2546 snln

134 2571 240 2652 spiritu
261 2577 388 2632 satanae
420 2569 554 2648 efflatas,
589 2589 649 2648 qua
678 2589 772 2632 eausa
808 2578 839 2630 et
874 2589 927 2630 eas
957 2569 1057 2630 exussi
1115 2609 1116 2658 p

134 2673 203 2716 eum
225 2651 346 2717 fiducia.
1115 2659 1116 2664 ’

217 2735 371 2800 Fortassis
385 2742 415 2796 st
430 2737 460 2797 in
476 2736 536 2796 hoe
546 2738 689 2817 pensavit
699 2734 851 2796 Iohannes
862 2735 955 2814 Huss,
978 2733 1057 2815 qnod

135 2819 295 2880 duodecim
320 2819 447 2879 consilia
469 2819 647 2899 evangeliea
668 2817 757 2896 feeit,
781 2837 849 2878 sum
872 2837 934 2882 non
958 2818 997 2879 sit
1017 2818 1058 2878 ni·

135 2903 160 2963 si
184 2903 306 2964 aninum
326 2903 506 2981 virginitatis
530 2904 593 2962 sive
618 2900 796 2964 eneiibatus.
823 2902 857 2962 In
880 2919 942 2981 qua
958 2907 1056 2960 tamen

135 3005 167 3045 re
189 2985 336 3065 deeeptus
359 2984 405 3046 est
426 3005 480 3065 per
493 2986 617 3066 impiam
629 2985 768 3046 Thomas
790 2993 819 3044 et
832 2983 1056 3046 Themistarum

136 3067 333 3150 theologiam.
376 3068 422 3128 Ita
444 3068 518 3144 bpni
539 3069 588 3128 isti
612 3069 665 3128 viri
688 3086 740 3145 ea,
770 3087 848 3146 quae
869 3067 901 3129 in
922 3067 1057 3128 iohanne

134 3151 214 3212 Huss
229 3152 345 3232 optima
357 3158 437 3227 sunt,
459 3150 688 3226 damnaverunt,
711 3169 790 3230 quae
805 3168 954 3211 veronen
969 3149 1056 3228 bons,

135 3233 349 3315 probaverunt.
394 3233 548 3295 Articulos
571 3253 645 3314 ergo
668 3233 811 3294 Iohannis
833 3233 913 3295 Huss
936 3233 1057 3294 damna·

135 3325 184 3378 tos
206 3335 314 3392 omnes
328 3317 474 3396 suseipio,
495 3323 619 3396 paratus
633 3315 796 3378 defendere
808 3335 862 3377 eos
885 3336 940 3397 per
949 3315 1055 3378 Christi

136 3400 276 3478 gratiam,
297 3397 394 3458 invito
417 3398 469 3458 ilio
492 3417 599 3459 rerum
614 3405 757 3479 portento
780 3406 810 3459 et
820 3398 1055 3475 abominatione,

137 3497 215 3556 quae
237 3479 322 3540 sedet
342 3481 373 3539 in
395 3479 466 3540 loeo
489 3486 609 3542 saneto.
655 3482 768 3542 Verum
792 3482 895 3542 omnia
915 3481 1055 3543 Iohannis

137 3559 233 3638 Huss,
256 3562 311 3620 etsi
335 3560 453 3621 abillis
476 3561 620 3642 probata,
642 3583 704 3623 nnn
727 3564 865 3642 admitto,
888 3571 921 3624 ut
936 3557 1017 3626 nixi.
