2262 4006
308 135 448 218 Ambrosii
467 159 579 218 cium.
596 177 619 216 s.
639 160 716 218 tort.
920 156 982 224 349

139 315 236 397 Igitur
258 323 288 378 et
308 315 397 378 huius
420 317 499 397 regis
522 314 669 394 efficacia,
693 333 762 374 cum
785 333 844 375 non
869 313 908 373 sit
929 309 982 394 po-

51 395 111 456 site
136 399 172 458 in
195 401 286 460 ermis
310 418 409 479 neque
431 400 460 462 in
485 397 654 478 Evangelio
678 397 803 474 Christi,
834 404 982 477 superest,

51 487 84 539 ut
107 481 325 563 inhidoth1),
347 482 462 562 idest,
491 481 635 556 doctrinis
658 483 720 540 suis
748 480 907 542 roboretur
929 499 983 560 per

50 561 188 624 aliorum
221 567 442 646 operationem.
485 565 526 624 Et
552 565 699 644 pucbrum
735 564 871 624 ordinem
902 563 982 642 vide,

50 647 178 726 priores
201 647 386 726 suntfacies,
408 645 675 720 deindehidoth1)
700 647 862 726 moleges,
885 651 982 706 utrae·

50 747 112 806 que
137 729 231 792 fictae
254 739 283 792 et
307 732 426 792 alienae
448 751 465 789 a
490 733 625 806 veritate,
647 731 778 790 tandem·
793 741 823 790 et
845 728 983 790 efficacia

49 831 126 891 sue,
150 833 215 874 non
238 833 294 874 sua
316 814 370 874 sed
392 815 494 874 aliena
515 813 653 882 efficacia
675 814 845 874 roboratur.
875 811 982 891 Neque

51 897 137 956 enim
164 897 357 958 mendacium
393 899 456 958 suis
484 895 597 956 viribus
625 895 772 962 subsistit.
821 895 872 956 Sic
901 897 980 956 enim

41 978 188 1059 ,profecit
219 999 343 1060 regnum
375 979 542 1040 antichristi
577 979 721 1056 Romani,
753 977 834 1059 quod
869 979 980 1055 stetim,

51 1063 271 1142 apostolorum
304 1065 394 1123 etiam
428 1071 567 1142 tempore
597 1073 739 1142 coeptum
770 1070 816 1120 est
839 1062 981 1140 operibus

50 1146 118 1221 niti,
145 1145 259 1206 deinde
280 1146 460 1224 quibusdem
484 1147 665 1206 ceremoniis
689 1155 796 1204 ornata
819 1155 866 1204 est
887 1145 983 1204 eccle-

52 1230 99 1301 sia
135 1229 246 1306 (sicuti
276 1232 424 1308 vocant),
453 1228 576 1288 tandem
613 1247 665 1288 ees
689 1246 795 1288 omnes
827 1227 982 1287 Romanus

51 1311 198 1390 pontifex
237 1312 479 1390 consarcinavit,
513 1319 543 1370 et
576 1329 725 1392 oppressa
758 1309 897 1370 libertate
929 1328 982 1370 eas

52 1395 212 1455 convertit
233 1395 261 1454 in
286 1395 486 1475 rigidissimas
508 1393 602 1473 leges,
627 1402 659 1454 ut
678 1396 738 1453 iem
761 1393 982 1472 incomparabi·

53 1477 123 1538 liter
148 1479 247 1538 maius
270 1479 385 1538 crimen
407 1479 461 1556 sit,
485 1479 514 1537 in
538 1479 728 1538 ceremonias
751 1484 782 1536 et
804 1495 874 1536 suas
898 1476 982 1556 leges

52 1578 221 1639 peccasse,
248 1579 339 1640 quam
360 1563 391 1620 in
414 1560 471 1621 Dei
494 1568 668 1640 praecepte.
711 1559 757 1620 ita
785 1579 825 1619 ex
847 1559 1001 1620 faciebus¹

54 1652 143 1702 ortae
173 1650 244 1704 eunt
272 1643 429 1722 hidoth¹),
458 1661 498 1704 ex
525 1641 670 1720 hidotblj
696 1642 803 1718 robur,
834 1642 983 1703 erobore

54 1727 199 1804 vastitas,
222 1733 255 1788 ut
275 1737 428 1805 sequetur.
473 1725 551 1802 Quia
573 1728 652 1786 sicut
674 1744 773 1787 mores
797 1725 912 1805 legem,
940 1726 984 1793 ita

55 1808 107 1868 lex
130 1809 226 1870 robur
248 1810 392 1888 moribus,
415 1809 508 1870 robur
530 1811 703 1870 vastitatem
722 1810 830 1889 gignit.
874 1807 984 1867 Videa-

56 1911 123 2034 ppus
153 1910 246 1972 ergo,
282 1911 342 1972 qua
370 1891 508 1954 efficacia
531 1891 641 1954 efficax
676 1895 714 1952 sit
743 1912 799 1953 rex
827 1892 884 1952 iste
918 1910 983 1972 per·

77 1975 194 2037 itionis.

141 2059 310 2139 Apostolus
351 2061 380 2122 2.
407 2057 514 2121 Thess.
543 2059 573 2120 2.
606 2056 710 2118 tribuit
741 2076 808 2119 eam
845 2063 984 2136 satanae,

57 2139 185 2201 dicens:
218 2141 312 2204 Cuius
341 2142 489 2202 adventus
512 2149 559 2201 est
581 2141 748 2202 secundum
772 2142 982 2220 operationem

58 2234 188 2285 satanae
217 2226 246 2283 in
275 2225 371 2305 signis
406 2231 436 2284 et
463 2224 610 2304 prodigiis
638 2224 847 2286 mendacibus.
900 2223 984 2284 Sicut

59 2309 138 2366 enim
164 2307 301 2369 Christus
325 2326 396 2368 vere
426 2305 517 2368 fldem
540 2316 571 2366 et
600 2307 724 2367 verbum
746 2308 841 2386 signis
864 2315 894 2366 ct
915 2324 984 2385 pro·

60 2389 149 2471 digiis
174 2390 328 2454 roboravit
347 2391 470 2471 proprie
492 2392 601 2452 virtute
623 2397 654 2450 et
675 2389 821 2470 efficacia,
844 2391 886 2449 ita
908 2389 984 2449 haec

59 2473 148 2534 simia
180 2473 291 2536 Christi
321 2474 511 2553 adversarie,
544 2493 615 2534 sues
648 2474 804 2534 fecisset
838 2471 982 2550 hidothlj

61 2556 243 2618 roboreture
264 2556 319 2618 tuit
347 2558 442 2637 signis
464 2557 676 2637 mendacibus,
706 2556 806 2617 aliena
835 2555 984 2616 efficacia.

62 2638 162 2700 Prima
175 2658 249 2720 ergo
268 2643 406 2722 operatio
427 2649 554 2701 satanae
569 2639 624 2700 fuit
646 2641 674 2700 in
691 2641 786 2720 signis
809 2637 879 2718 inis,
901 2636 983 2718 quod

63 2721 202 2784 Romana
231 2723 363 2786 ecclesia
392 2743 460 2784 cum
490 2721 611 2784 Graeca
639 2733 788 2803 perpetuo
817 2723 985 2798 contendit,

64 2814 92 2866 et
114 2805 185 2866 licet
208 2805 311 2886 iniqua
333 2815 363 2870 et
384 2807 494 2868 iniusta
515 2808 583 2887 ipsa
607 2815 668 2867 tum
691 2807 775 2867 falsis
799 2815 828 2866 et
852 2806 984 2885 Scripta·
1010 2821 1012 2826 ’

64 2890 102 2948 ris
122 2897 153 2952 et
175 2891 275 2950 causis
295 2909 365 2951 sese
387 2892 536 2970 muniens,
559 2898 659 2950 tamen
683 2890 853 2970 praevaluit
875 2896 905 2949 et
916 2907 984 2950 sese

64 2972 93 3031 in
117 2975 293 3053 magistram
315 2972 386 3034 fldei
409 2981 439 3034 et
461 2981 588 3034 matrem
617 2975 813 3036 ecclesiarum
836 2974 934 3032 erexit
957 2979 986 3030 et

66 3055 263 3119 confirmavit.
307 3057 461 3138 Deinceps
491 3058 642 3118 neminem
675 3077 735 3118 non
766 3057 918 3140 oppressit
939 3055 984 3112 in-

68 3138 199 3218 credibili
227 3159 390 3219 auccessu,
417 3142 589 3220 quicunque
618 3141 682 3201 eius
705 3139 829 3220 hidoth,
858 3137 986 3217 legibus,

68 3225 199 3304 statutis,
234 3226 387 3302 censuris,
416 3226 568 3303 merisque
596 3223 769 3286 libidinibus
792 3229 985 3304 repugnaret,

69 3305 285 3383 quantumlibet
307 3327 447 3388 magnus,
470 3308 578 3368 doctus
592 3317 622 3368 et
645 3315 779 3370 sauctus.
822 3306 896 3383 Quis
909 3303 985 3362 haec

70 3389 250 3451 uoniudicet
270 3409 338 3452 esse
360 3393 451 3472 signa
461 3399 492 3454 et
509 3390 650 3472 prodigia
662 3393 883 3473 potentissima,
906 3404 987 3467 quae

78 3545 488 3557 *m-

123 3636 151 3714 t)
172 3633 203 3689 ln
222 3634 265 3692 ed.
286 3637 371 3708 orig:
392 3631 495 3716 nitito.
