<?xml version="1.0" encoding="UTF-8"?>
<!DOCTYPE html PUBLIC "-//W3C//DTD XHTML 1.0 Transitional//EN"
    "http://www.w3.org/TR/xhtml1/DTD/xhtml1-transitional.dtd">
<html xmlns="http://www.w3.org/1999/xhtml" xml:lang="en" lang="en">
 <head>
  <title>
</title>
<meta http-equiv="Content-Type" content="text/html;charset=utf-8" />
  <meta name='ocr-system' content='tesseract 3.04.00' />
  <meta name='ocr-capabilities' content='ocr_page ocr_carea ocr_par ocr_line ocrx_word'/>
</head>
<body>
  <div class='ocr_page' id='page_1' title='image "./operalatinavari03schmgoog_0160.png"; bbox 0 0 2258 4002; ppageno 0'>
   <div class='ocr_carea' id='block_1_1' title="bbox 310 137 992 258">
    <p class='ocr_par' dir='ltr' id='par_1_1' title="bbox 310 137 992 258">
     <span class='ocr_line' id='line_1_1' title="bbox 310 137 992 258; baseline 0.04 -34"><span class='ocrx_word' id='word_1_1' title='bbox 310 171 469 230; x_wconf 70' lang='lat' dir='ltr'>antichristi</span> <span class='ocrx_word' id='word_1_2' title='bbox 488 173 523 234; x_wconf 90' lang='lat' dir='ltr'>D.</span> <span class='ocrx_word' id='word_1_3' title='bbox 541 177 575 232; x_wconf 81' lang='lat' dir='ltr'>bi.</span> <span class='ocrx_word' id='word_1_4' title='bbox 593 137 741 240; x_wconf 80' lang='lat' dir='ltr'>Lutbems.</span> <span class='ocrx_word' id='word_1_5' title='bbox 930 189 992 258; x_wconf 85' lang='grc'>149</span> 
     </span>
    </p>
   </div>
   <div class='ocr_carea' id='block_1_2' title="bbox 64 321 991 988">
    <p class='ocr_par' dir='ltr' id='par_1_2' title="bbox 64 321 991 988">
     <span class='ocr_line' id='line_1_2' title="bbox 73 321 991 424; baseline 0.035 -48"><span class='ocrx_word' id='word_1_6' title='bbox 73 337 107 377; x_wconf 88' lang='lat' dir='ltr'>na</span> <span class='ocrx_word' id='word_1_7' title='bbox 135 321 174 380; x_wconf 85' lang='lat' dir='ltr'>ait</span> <span class='ocrx_word' id='word_1_8' title='bbox 204 343 243 382; x_wconf 91' lang='lat' dir='ltr'>an</span> <span class='ocrx_word' id='word_1_9' title='bbox 273 345 434 406; x_wconf 86' lang='lat' dir='ltr'>erroneus,</span> <span class='ocrx_word' id='word_1_10' title='bbox 469 334 591 412; x_wconf 91' lang='lat' dir='ltr'>etquid</span> <span class='ocrx_word' id='word_1_11' title='bbox 615 338 749 424; x_wconf 65' lang='lat' dir='ltr'>mirumt</span> <span class='ocrx_word' id='word_1_12' title='bbox 779 361 848 402; x_wconf 90' lang='lat' dir='ltr'>oum</span> <span class='ocrx_word' id='word_1_13' title='bbox 874 364 940 406; x_wconf 86' lang='lat' dir='ltr'>neo</span> <span class='ocrx_word' id='word_1_14' title='bbox 960 347 991 408; x_wconf 92' lang='lat' dir='ltr'>id</span> 
     </span>
     <span class='ocr_line' id='line_1_3' title="bbox 72 400 991 502; baseline 0.035 -44"><span class='ocrx_word' id='word_1_15' title='bbox 72 400 262 468; x_wconf 81' lang='lat' dir='ltr'>damnatores</span> <span class='ocrx_word' id='word_1_16' title='bbox 285 411 350 470; x_wconf 89' lang='lat' dir='ltr'>eins</span> <span class='ocrx_word' id='word_1_17' title='bbox 372 415 478 476; x_wconf 88' lang='lat' dir='ltr'>soiant.</span> <span class='ocrx_word' id='word_1_18' title='bbox 522 419 636 479; x_wconf 87' lang='lat' dir='ltr'>Assero</span> <span class='ocrx_word' id='word_1_19' title='bbox 667 442 740 502; x_wconf 83' lang='lat' dir='ltr'>ergo</span> <span class='ocrx_word' id='word_1_20' title='bbox 768 432 799 485; x_wconf 89' lang='lat' dir='ltr'>et</span> <span class='ocrx_word' id='word_1_21' title='bbox 820 427 901 488; x_wconf 92' lang='lat' dir='ltr'>buno</span> <span class='ocrx_word' id='word_1_22' title='bbox 923 431 991 489; x_wconf 89' lang='lat' dir='ltr'>arti·</span> 
     </span>
     <span class='ocr_line' id='line_1_4' title="bbox 70 484 990 589; baseline 0.036 -48"><span class='ocrx_word' id='word_1_23' title='bbox 70 484 166 546; x_wconf 87' lang='lat' dir='ltr'>ouium</span> <span class='ocrx_word' id='word_1_24' title='bbox 202 510 257 568; x_wconf 88' lang='lat' dir='ltr'>per</span> <span class='ocrx_word' id='word_1_25' title='bbox 290 496 462 574; x_wconf 85' lang='lat' dir='ltr'>apostolum</span> <span class='ocrx_word' id='word_1_26' title='bbox 499 497 588 562; x_wconf 84' lang='lat' dir='ltr'>Rom.</span> <span class='ocrx_word' id='word_1_27' title='bbox 622 507 657 566; x_wconf 84' lang='lat'>7:</span> <span class='ocrx_word' id='word_1_28' title='bbox 697 505 764 585; x_wconf 82' lang='lat' dir='ltr'>Ego</span> <span class='ocrx_word' id='word_1_29' title='bbox 793 509 860 589; x_wconf 89' lang='lat' dir='ltr'>ipse</span> <span class='ocrx_word' id='word_1_30' title='bbox 889 520 990 574; x_wconf 87' lang='lat' dir='ltr'>mente</span> 
     </span>
     <span class='ocr_line' id='line_1_5' title="bbox 68 571 989 674; baseline 0.034 -49"><span class='ocrx_word' id='word_1_31' title='bbox 68 571 164 630; x_wconf 87' lang='lat' dir='ltr'>servio</span> <span class='ocrx_word' id='word_1_32' title='bbox 188 573 249 652; x_wconf 85' lang='lat' dir='ltr'>tegi</span> <span class='ocrx_word' id='word_1_33' title='bbox 273 575 343 655; x_wconf 88' lang='lat' dir='ltr'>Dei,</span> <span class='ocrx_word' id='word_1_34' title='bbox 373 588 403 638; x_wconf 91' lang='lat' dir='ltr'>et</span> <span class='ocrx_word' id='word_1_35' title='bbox 425 599 516 642; x_wconf 89' lang='lat' dir='ltr'>oarne</span> <span class='ocrx_word' id='word_1_36' title='bbox 539 582 598 663; x_wconf 82' lang='lat' dir='ltr'>legi</span> <span class='ocrx_word' id='word_1_37' title='bbox 624 590 752 666; x_wconf 88' lang='lat' dir='ltr'>peooati.</span> <span class='ocrx_word' id='word_1_38' title='bbox 796 591 854 652; x_wconf 87' lang='lat' dir='ltr'>Hie</span> <span class='ocrx_word' id='word_1_39' title='bbox 884 604 989 674; x_wconf 90' lang='lat' dir='ltr'>aperte</span> 
     </span>
     <span class='ocr_line' id='line_1_6' title="bbox 67 655 988 750; baseline 0.035 -42"><span class='ocrx_word' id='word_1_40' title='bbox 67 655 225 729; x_wconf 85' lang='lat' dir='ltr'>apostotus</span> <span class='ocrx_word' id='word_1_41' title='bbox 248 660 377 736; x_wconf 83' lang='lat' dir='ltr'><strong>ipsemet</strong></span> <span class='ocrx_word' id='word_1_42' title='bbox 400 661 437 722; x_wconf 89' lang='lat' dir='ltr'>de</span> <span class='ocrx_word' id='word_1_43' title='bbox 459 665 676 746; x_wconf 85' lang='lat' dir='ltr'>seeonfitetur,</span> <span class='ocrx_word' id='word_1_44' title='bbox 698 691 828 750; x_wconf 89' lang='lat' dir='ltr'>peooare</span> <span class='ocrx_word' id='word_1_45' title='bbox 849 677 879 735; x_wconf 92' lang='lat' dir='ltr'>in</span> <span class='ocrx_word' id='word_1_46' title='bbox 895 696 988 740; x_wconf 86' lang='lat' dir='ltr'>earne</span> 
     </span>
     <span class='ocr_line' id='line_1_7' title="bbox 66 745 987 822; baseline 0.034 -31"><span class='ocrx_word' id='word_1_47' title='bbox 66 752 116 793; x_wconf 86' lang='lat' dir='ltr'>seu</span> <span class='ocrx_word' id='word_1_48' title='bbox 147 745 279 816; x_wconf 88' lang='lat' dir='ltr'>peaoato</span> <span class='ocrx_word' id='word_1_49' title='bbox 308 746 436 821; x_wconf 71' lang='lat' dir='ltr'>servire,</span> <span class='ocrx_word' id='word_1_50' title='bbox 465 756 494 806; x_wconf 91' lang='lat' dir='ltr'>et</span> <span class='ocrx_word' id='word_1_51' title='bbox 523 749 544 808; x_wconf 88' lang='grc' dir='ltr'>Ι.</span> <span class='ocrx_word' id='word_1_52' title='bbox 568 750 637 813; x_wconf 85' lang='lat' dir='ltr'>Cor.</span> <span class='ocrx_word' id='word_1_53' title='bbox 663 756 694 815; x_wconf 87' lang='lat'>1:</span> <span class='ocrx_word' id='word_1_54' title='bbox 724 755 859 817; x_wconf 80' lang='lat' dir='ltr'>Christus</span> <span class='ocrx_word' id='word_1_55' title='bbox 889 765 987 822; x_wconf 89' lang='lat' dir='ltr'>t&#39;aotus</span> 
     </span>
     <span class='ocr_line' id='line_1_8' title="bbox 65 819 989 912; baseline 0.035 -38"><span class='ocrx_word' id='word_1_56' title='bbox 65 825 108 875; x_wconf 87' lang='lat' dir='ltr'>est</span> <span class='ocrx_word' id='word_1_57' title='bbox 133 819 222 880; x_wconf 87' lang='lat' dir='ltr'>nobis</span> <span class='ocrx_word' id='word_1_58' title='bbox 247 844 264 883; x_wconf 93' lang='lat' dir='ltr'>a</span> <span class='ocrx_word' id='word_1_59' title='bbox 287 825 353 886; x_wconf 88' lang='lat' dir='ltr'>Deo</span> <span class='ocrx_word' id='word_1_60' title='bbox 375 829 504 910; x_wconf 85' lang='lat' dir='ltr'>iustitia,</span> <span class='ocrx_word' id='word_1_61' title='bbox 537 835 704 912; x_wconf 82' lang='lat' dir='ltr'>sapientia,</span> <span class='ocrx_word' id='word_1_62' title='bbox 727 839 929 904; x_wconf 79' lang='lat' dir='ltr'>sanctificatio</span> <span class='ocrx_word' id='word_1_63' title='bbox 958 851 989 906; x_wconf 91' lang='lat' dir='ltr'>et</span> 
     </span>
     <span class='ocr_line' id='line_1_9' title="bbox 64 899 986 988; baseline 0.035 -32"><span class='ocrx_word' id='word_1_64' title='bbox 64 899 242 978; x_wconf 82' lang='lat' dir='ltr'>redemptio.</span> <span class='ocrx_word' id='word_1_65' title='bbox 278 907 442 982; x_wconf 81' lang='lat' dir='ltr'>Quomodo</span> <span class='ocrx_word' id='word_1_66' title='bbox 458 919 559 974; x_wconf 90' lang='lat' dir='ltr'>autem</span> <span class='ocrx_word' id='word_1_67' title='bbox 572 918 744 980; x_wconf 86' lang='lat' dir='ltr'>sanotifioat</span> <span class='ocrx_word' id='word_1_68' title='bbox 757 924 986 988; x_wconf 84' lang='lat' dir='ltr'>sanetifioatos?</span> 
     </span>
    </p>
   </div>
   <div class='ocr_carea' id='block_1_3' title="bbox 63 984 986 1164">
    <p class='ocr_par' dir='ltr' id='par_1_3' title="bbox 63 984 986 1164">
     <span class='ocr_line' id='line_1_10' title="bbox 63 984 986 1079; baseline 0.034 -39"><span class='ocrx_word' id='word_1_69' title='bbox 63 984 117 1042; x_wconf 86' lang='lat' dir='ltr'>nisi</span> <span class='ocrx_word' id='word_1_70' title='bbox 141 986 224 1064; x_wconf 91' lang='lat' dir='ltr'>quod</span> <span class='ocrx_word' id='word_1_71' title='bbox 247 989 488 1074; x_wconf 86' lang='lat' dir='ltr'>iuxtaApooal.:</span> <span class='ocrx_word' id='word_1_72' title='bbox 512 995 569 1072; x_wconf 81' lang='lat' dir='ltr'>Qui</span> <span class='ocrx_word' id='word_1_73' title='bbox 592 1011 715 1060; x_wconf 85' lang='lat' dir='ltr'>sanetus</span> <span class='ocrx_word' id='word_1_74' title='bbox 738 1013 794 1079; x_wconf 88' lang='lat' dir='ltr'>est,</span> <span class='ocrx_word' id='word_1_75' title='bbox 817 1008 986 1071; x_wconf 86' lang='lat' dir='ltr'>sanotifioe-</span> 
     </span>
     <span class='ocr_line' id='line_1_11' title="bbox 64 1067 984 1164; baseline 0.038 -41"><span class='ocrx_word' id='word_1_76' title='bbox 64 1071 108 1124; x_wconf 92' lang='lat' dir='ltr'>tur</span> <span class='ocrx_word' id='word_1_77' title='bbox 130 1067 241 1134; x_wconf 85' lang='lat' dir='ltr'>adhue.</span> <span class='ocrx_word' id='word_1_78' title='bbox 286 1075 326 1134; x_wconf 86' lang='lat' dir='ltr'>At</span> <span class='ocrx_word' id='word_1_79' title='bbox 354 1077 536 1138; x_wconf 86' lang='lat' dir='ltr'>sanetifioari</span> <span class='ocrx_word' id='word_1_80' title='bbox 566 1090 613 1141; x_wconf 89' lang='lat' dir='ltr'>est</span> <span class='ocrx_word' id='word_1_81' title='bbox 635 1103 653 1144; x_wconf 91' lang='lat' dir='ltr'>a</span> <span class='ocrx_word' id='word_1_82' title='bbox 675 1090 809 1164; x_wconf 86' lang='lat' dir='ltr'>peooatis</span> <span class='ocrx_word' id='word_1_83' title='bbox 835 1093 984 1158; x_wconf 84' lang='lat' dir='ltr'>mundari.</span> 
     </span>
    </p>
   </div>
   <div class='ocr_carea' id='block_1_4' title="bbox 59 1149 984 1579">
    <p class='ocr_par' dir='ltr' id='par_1_4' title="bbox 59 1149 984 1579">
     <span class='ocr_line' id='line_1_12' title="bbox 61 1149 984 1256; baseline 0.035 -50"><span class='ocrx_word' id='word_1_84' title='bbox 61 1149 190 1230; x_wconf 88' lang='lat' dir='ltr'>Verum,</span> <span class='ocrx_word' id='word_1_85' title='bbox 217 1155 290 1234; x_wconf 89' lang='lat' dir='ltr'>quid</span> <span class='ocrx_word' id='word_1_86' title='bbox 318 1162 535 1240; x_wconf 88' lang='lat' dir='ltr'>respeotivistis</span> <span class='ocrx_word' id='word_1_87' title='bbox 564 1163 690 1227; x_wconf 88' lang='lat' dir='ltr'>Bullatis</span> <span class='ocrx_word' id='word_1_88' title='bbox 730 1178 761 1230; x_wconf 89' lang='lat' dir='ltr'>et</span> <span class='ocrx_word' id='word_1_89' title='bbox 782 1171 876 1234; x_wconf 87' lang='lat' dir='ltr'>Paulo</span> <span class='ocrx_word' id='word_1_90' title='bbox 911 1196 984 1256; x_wconf 88' lang='lat' dir='ltr'>apo·</span> 
     </span>
     <span class='ocr_line' id='line_1_13' title="bbox 61 1233 983 1336; baseline 0.031 -46"><span class='ocrx_word' id='word_1_91' title='bbox 61 1233 163 1295; x_wconf 85' lang='lat' dir='ltr'>stolo?</span> <span class='ocrx_word' id='word_1_92' title='bbox 200 1235 260 1316; x_wconf 88' lang='lat' dir='ltr'>ipsi</span> <span class='ocrx_word' id='word_1_93' title='bbox 289 1250 359 1301; x_wconf 86' lang='lat' dir='ltr'>eunt</span> <span class='ocrx_word' id='word_1_94' title='bbox 387 1251 451 1305; x_wconf 88' lang='lat' dir='ltr'>tota</span> <span class='ocrx_word' id='word_1_95' title='bbox 473 1246 604 1308; x_wconf 84' lang='lat' dir='ltr'>ecelesia</span> <span class='ocrx_word' id='word_1_96' title='bbox 626 1251 831 1334; x_wconf 77' lang='lat' dir='ltr'>universalis,</span> <span class='ocrx_word' id='word_1_97' title='bbox 854 1275 983 1336; x_wconf 88' lang='lat' dir='ltr'>quorum</span> 
     </span>
     <span class='ocr_line' id='line_1_14' title="bbox 60 1318 983 1412; baseline 0.035 -40"><span class='ocrx_word' id='word_1_98' title='bbox 60 1318 220 1379; x_wconf 80' lang='lat' dir='ltr'>autoritate</span> <span class='ocrx_word' id='word_1_99' title='bbox 243 1321 355 1384; x_wconf 90' lang='lat' dir='ltr'>Paulus</span> <span class='ocrx_word' id='word_1_100' title='bbox 378 1333 430 1386; x_wconf 91' lang='lat' dir='ltr'>aut</span> <span class='ocrx_word' id='word_1_101' title='bbox 451 1335 511 1387; x_wconf 83' lang='lat' dir='ltr'>stat</span> <span class='ocrx_word' id='word_1_102' title='bbox 533 1337 584 1388; x_wconf 90' lang='lat' dir='ltr'>aut</span> <span class='ocrx_word' id='word_1_103' title='bbox 607 1333 703 1412; x_wconf 85' lang='lat' dir='ltr'>eadit,</span> <span class='ocrx_word' id='word_1_104' title='bbox 733 1353 802 1396; x_wconf 88' lang='lat' dir='ltr'>eum</span> <span class='ocrx_word' id='word_1_105' title='bbox 831 1339 869 1398; x_wconf 86' lang='lat' dir='ltr'>ait</span> <span class='ocrx_word' id='word_1_106' title='bbox 891 1360 983 1404; x_wconf 89' lang='lat' dir='ltr'>mem·</span> 
     </span>
     <span class='ocr_line' id='line_1_15' title="bbox 60 1396 981 1504; baseline 0.034 -49"><span class='ocrx_word' id='word_1_107' title='bbox 60 1396 143 1458; x_wconf 86' lang='lat' dir='ltr'>brom</span> <span class='ocrx_word' id='word_1_108' title='bbox 174 1411 205 1460; x_wconf 88' lang='lat' dir='ltr'>et</span> <span class='ocrx_word' id='word_1_109' title='bbox 236 1424 306 1483; x_wconf 87' lang='lat' dir='ltr'>pers</span> <span class='ocrx_word' id='word_1_110' title='bbox 341 1411 501 1473; x_wconf 82' lang='lat' dir='ltr'>ecelesiae.</span> <span class='ocrx_word' id='word_1_111' title='bbox 546 1411 684 1495; x_wconf 84' lang='lat' dir='ltr'>Increpet</span> <span class='ocrx_word' id='word_1_112' title='bbox 706 1417 858 1481; x_wconf 84' lang='lat' dir='ltr'>Dominus</span> <span class='ocrx_word' id='word_1_113' title='bbox 887 1424 918 1484; x_wconf 92' lang='lat' dir='ltr'>in</span> <span class='ocrx_word' id='word_1_114' title='bbox 941 1431 981 1504; x_wconf 89' lang='lat' dir='ltr'>te,</span> 
     </span>
     <span class='ocr_line' id='line_1_16' title="bbox 59 1487 793 1579; baseline 0.037 -41"><span class='ocrx_word' id='word_1_115' title='bbox 59 1488 154 1560; x_wconf 88' lang='lat' dir='ltr'>satan,</span> <span class='ocrx_word' id='word_1_116' title='bbox 177 1491 207 1545; x_wconf 90' lang='lat' dir='ltr'>et</span> <span class='ocrx_word' id='word_1_117' title='bbox 229 1487 258 1546; x_wconf 91' lang='lat' dir='ltr'>in</span> <span class='ocrx_word' id='word_1_118' title='bbox 280 1494 434 1556; x_wconf 85' lang='lat' dir='ltr'>satanioos</span> <span class='ocrx_word' id='word_1_119' title='bbox 457 1496 532 1556; x_wconf 87' lang='lat' dir='ltr'>istos</span> <span class='ocrx_word' id='word_1_120' title='bbox 555 1501 624 1558; x_wconf 84' lang='lat' dir='ltr'>tuos</span> <span class='ocrx_word' id='word_1_121' title='bbox 646 1501 793 1579; x_wconf 83' lang='lat' dir='ltr'>papistas.</span> 
     </span>
    </p>
   </div>
   <div class='ocr_carea' id='block_1_5' title="bbox 436 1659 602 1724">
    <p class='ocr_par' dir='ltr' id='par_1_5' title="bbox 436 1659 602 1724">
     <span class='ocr_line' id='line_1_17' title="bbox 436 1659 602 1724; baseline 0.036 -6"><span class='ocrx_word' id='word_1_122' title='bbox 436 1659 602 1724; x_wconf 85' lang='lat' dir='ltr'>Tertius:</span> 
     </span>
    </p>
   </div>
   <div class='ocr_carea' id='block_1_6' title="bbox 116 1780 977 2033">
    <p class='ocr_par' dir='ltr' id='par_1_6' title="bbox 116 1780 977 2033">
     <span class='ocr_line' id='line_1_18' title="bbox 117 1780 977 1895; baseline 0.024 -56"><span class='ocrx_word' id='word_1_123' title='bbox 117 1780 225 1841; x_wconf 79' lang='lat' dir='ltr'>Fames</span> <span class='ocrx_word' id='word_1_124' title='bbox 248 1788 376 1863; x_wconf 86' lang='lat' dir='ltr'>peoeati,</span> <span class='ocrx_word' id='word_1_125' title='bbox 400 1789 518 1850; x_wconf 84' lang='lat' dir='ltr'>etiamsi</span> <span class='ocrx_word' id='word_1_126' title='bbox 541 1792 656 1854; x_wconf 85' lang='lat' dir='ltr'>nulium</span> <span class='ocrx_word' id='word_1_127' title='bbox 671 1793 750 1854; x_wconf 83' lang='lat' dir='ltr'>adsit</span> <span class='ocrx_word' id='word_1_128' title='bbox 774 1797 893 1895; x_wconf 77' lang='lat' dir='ltr'>actuale</span> <span class='ocrx_word' id='word_1_129' title='bbox 908 1818 977 1878; x_wconf 89' lang='lat' dir='ltr'>peo-</span> 
     </span>
     <span class='ocr_line' id='line_1_19' title="bbox 116 1871 975 1958; baseline 0.023 -36"><span class='ocrx_word' id='word_1_130' title='bbox 116 1871 231 1946; x_wconf 86' lang='lat' dir='ltr'>oatum,</span> <span class='ocrx_word' id='word_1_131' title='bbox 265 1879 402 1929; x_wconf 89' lang='lat' dir='ltr'>moratur</span> <span class='ocrx_word' id='word_1_132' title='bbox 432 1880 595 1934; x_wconf 84' lang='lat' dir='ltr'>exeuntem</span> <span class='ocrx_word' id='word_1_133' title='bbox 626 1896 644 1938; x_wconf 93' lang='lat' dir='ltr'>a</span> <span class='ocrx_word' id='word_1_134' title='bbox 672 1895 802 1958; x_wconf 79' lang='lat' dir='ltr'>corpore</span> <span class='ocrx_word' id='word_1_135' title='bbox 842 1901 975 1942; x_wconf 86' lang='lat' dir='ltr'>ammam</span> 
     </span>
     <span class='ocr_line' id='line_1_20' title="bbox 116 1945 428 2033; baseline 0.029 -21"><span class='ocrx_word' id='word_1_136' title='bbox 116 1945 153 2012; x_wconf 80' lang='lat' dir='ltr'>ab</span> <span class='ocrx_word' id='word_1_137' title='bbox 174 1949 316 2033; x_wconf 79' lang='lat' dir='ltr'>ingressu</span> <span class='ocrx_word' id='word_1_138' title='bbox 339 1953 428 2020; x_wconf 85' lang='lat' dir='ltr'>ooeli.</span> 
     </span>
    </p>
   </div>
   <div class='ocr_carea' id='block_1_7' title="bbox 56 2070 978 3323">
    <p class='ocr_par' dir='ltr' id='par_1_7' title="bbox 56 2070 978 3323">
     <span class='ocr_line' id='line_1_21' title="bbox 133 2070 976 2177; baseline 0.007 -43"><span class='ocrx_word' id='word_1_139' title='bbox 133 2070 179 2134; x_wconf 87' lang='lat' dir='ltr'>De</span> <span class='ocrx_word' id='word_1_140' title='bbox 201 2072 261 2134; x_wconf 88' lang='lat' dir='ltr'>bae</span> <span class='ocrx_word' id='word_1_141' title='bbox 282 2075 401 2156; x_wconf 90' lang='lat' dir='ltr'>quidem</span> <span class='ocrx_word' id='word_1_142' title='bbox 427 2099 458 2138; x_wconf 91' lang='lat' dir='ltr'>re</span> <span class='ocrx_word' id='word_1_143' title='bbox 486 2079 558 2140; x_wconf 87' lang='lat' dir='ltr'>nibil</span> <span class='ocrx_word' id='word_1_144' title='bbox 580 2079 728 2142; x_wconf 83' lang='lat' dir='ltr'>haetenus</span> <span class='ocrx_word' id='word_1_145' title='bbox 751 2078 891 2158; x_wconf 86' lang='lat' dir='ltr'>definivi,</span> <span class='ocrx_word' id='word_1_146' title='bbox 922 2080 976 2177; x_wconf 76' lang='lat' dir='ltr'>aad</span> 
     </span>
     <span class='ocr_line' id='line_1_22' title="bbox 56 2152 978 2245; baseline 0.011 -33"><span class='ocrx_word' id='word_1_147' title='bbox 56 2152 175 2234; x_wconf 81' lang='lat' dir='ltr'>copiose</span> <span class='ocrx_word' id='word_1_148' title='bbox 198 2155 273 2219; x_wconf 85' lang='lat' dir='ltr'>satia</span> <span class='ocrx_word' id='word_1_149' title='bbox 301 2167 330 2222; x_wconf 90' lang='lat' dir='ltr'>et</span> <span class='ocrx_word' id='word_1_150' title='bbox 360 2161 559 2241; x_wconf 81' lang='lat' dir='ltr'>probabiliter</span> <span class='ocrx_word' id='word_1_151' title='bbox 592 2163 761 2245; x_wconf 74' lang='lat' dir='ltr'>disputavi,</span> <span class='ocrx_word' id='word_1_152' title='bbox 795 2181 852 2222; x_wconf 89' lang='lat' dir='ltr'>neo</span> <span class='ocrx_word' id='word_1_153' title='bbox 884 2162 978 2223; x_wconf 86' lang='lat' dir='ltr'>bodre</span> 
     </span>
     <span class='ocr_line' id='line_1_23' title="bbox 56 2240 976 2341; baseline 0.011 -45"><span class='ocrx_word' id='word_1_154' title='bbox 56 2245 148 2299; x_wconf 82' lang='lat' dir='ltr'>certus</span> <span class='ocrx_word' id='word_1_155' title='bbox 171 2260 248 2322; x_wconf 87' lang='lat' dir='ltr'>sum,</span> <span class='ocrx_word' id='word_1_156' title='bbox 271 2240 343 2323; x_wconf 90' lang='lat' dir='ltr'>quid</span> <span class='ocrx_word' id='word_1_157' title='bbox 366 2261 433 2306; x_wconf 87' lang='lat' dir='ltr'>oum</span> <span class='ocrx_word' id='word_1_158' title='bbox 458 2245 510 2305; x_wconf 86' lang='lat' dir='ltr'>tati</span> <span class='ocrx_word' id='word_1_159' title='bbox 532 2247 635 2307; x_wconf 88' lang='lat' dir='ltr'>anima</span> <span class='ocrx_word' id='word_1_160' title='bbox 657 2253 774 2328; x_wconf 82' lang='lat' dir='ltr'>agatur.</span> <span class='ocrx_word' id='word_1_161' title='bbox 820 2247 861 2304; x_wconf 90' lang='lat' dir='ltr'>At</span> <span class='ocrx_word' id='word_1_162' title='bbox 874 2245 976 2341; x_wconf 86' lang='lat' dir='ltr'>talpae</span> 
     </span>
     <span class='ocr_line' id='line_1_24' title="bbox 57 2327 976 2407; baseline 0.007 -23"><span class='ocrx_word' id='word_1_163' title='bbox 57 2329 172 2386; x_wconf 85' lang='lat' dir='ltr'>nostrae</span> <span class='ocrx_word' id='word_1_164' title='bbox 195 2327 332 2407; x_wconf 84' lang='lat' dir='ltr'>papales,</span> <span class='ocrx_word' id='word_1_165' title='bbox 355 2348 423 2389; x_wconf 89' lang='lat' dir='ltr'>oum</span> <span class='ocrx_word' id='word_1_166' title='bbox 448 2327 577 2392; x_wconf 83' lang='lat' dir='ltr'>necdum</span> <span class='ocrx_word' id='word_1_167' title='bbox 602 2329 742 2406; x_wconf 91' lang='lat' dir='ltr'>videant,</span> <span class='ocrx_word' id='word_1_168' title='bbox 765 2346 826 2407; x_wconf 91' lang='lat' dir='ltr'>quo</span> <span class='ocrx_word' id='word_1_169' title='bbox 850 2347 976 2390; x_wconf 89' lang='lat' dir='ltr'>nomme</span> 
     </span>
     <span class='ocr_line' id='line_1_25' title="bbox 56 2400 976 2508; baseline 0.005 -42"><span class='ocrx_word' id='word_1_170' title='bbox 56 2400 100 2467; x_wconf 89' lang='lat' dir='ltr'>bio</span> <span class='ocrx_word' id='word_1_171' title='bbox 120 2407 264 2471; x_wconf 77' lang='lat' dir='ltr'>articulus</span> <span class='ocrx_word' id='word_1_172' title='bbox 288 2414 331 2471; x_wconf 85' lang='lat' dir='ltr'>ais</span> <span class='ocrx_word' id='word_1_173' title='bbox 354 2414 392 2472; x_wconf 90' lang='lat' dir='ltr'>sit</span> <span class='ocrx_word' id='word_1_174' title='bbox 420 2413 529 2492; x_wconf 85' lang='lat' dir='ltr'>dignus</span> <span class='ocrx_word' id='word_1_175' title='bbox 559 2413 705 2474; x_wconf 82' lang='lat' dir='ltr'>damnato</span> <span class='ocrx_word' id='word_1_176' title='bbox 734 2410 976 2508; x_wconf 34' lang='lat' dir='ltr'>visus,·audent</span> 
     </span>
     <span class='ocr_line' id='line_1_26' title="bbox 58 2492 975 2574; baseline 0.008 -26"><span class='ocrx_word' id='word_1_177' title='bbox 58 2492 139 2551; x_wconf 88' lang='lat' dir='ltr'>etiam</span> <span class='ocrx_word' id='word_1_178' title='bbox 162 2511 315 2572; x_wconf 78' lang='lat' dir='ltr'>asserere,</span> <span class='ocrx_word' id='word_1_179' title='bbox 338 2496 419 2574; x_wconf 90' lang='lat' dir='ltr'>qnod</span> <span class='ocrx_word' id='word_1_180' title='bbox 443 2503 507 2556; x_wconf 85' lang='lat' dir='ltr'>tota</span> <span class='ocrx_word' id='word_1_181' title='bbox 530 2497 663 2556; x_wconf 82' lang='lat' dir='ltr'>eeclesia</span> <span class='ocrx_word' id='word_1_182' title='bbox 686 2493 866 2556; x_wconf 78' lang='lat' dir='ltr'>universalis</span> <span class='ocrx_word' id='word_1_183' title='bbox 888 2513 975 2571; x_wconf 79' lang='lat' dir='ltr'>igno·</span> 
     </span>
     <span class='ocr_line' id='line_1_27' title="bbox 59 2575 976 2674; baseline 0.002 -39"><span class='ocrx_word' id='word_1_184' title='bbox 59 2579 104 2640; x_wconf 84' lang='lat' dir='ltr'>rat.</span> <span class='ocrx_word' id='word_1_185' title='bbox 147 2575 217 2660; x_wconf 77' lang='lat' dir='ltr'>Ego</span> <span class='ocrx_word' id='word_1_186' title='bbox 247 2583 347 2639; x_wconf 90' lang='lat' dir='ltr'>tamen</span> <span class='ocrx_word' id='word_1_187' title='bbox 371 2577 471 2640; x_wconf 84' lang='lat' dir='ltr'>adhue</span> <span class='ocrx_word' id='word_1_188' title='bbox 491 2581 550 2640; x_wconf 85' lang='lat' dir='ltr'>ieta</span> <span class='ocrx_word' id='word_1_189' title='bbox 579 2579 654 2640; x_wconf 85' lang='lat' dir='ltr'>futili</span> <span class='ocrx_word' id='word_1_190' title='bbox 684 2585 714 2639; x_wconf 87' lang='lat' dir='ltr'>et</span> <span class='ocrx_word' id='word_1_191' title='bbox 736 2578 831 2674; x_wconf 73' lang='lat' dir='ltr'>stulta</span> <span class='ocrx_word' id='word_1_192' title='bbox 852 2576 976 2637; x_wconf 84' lang='lat' dir='ltr'>damna·</span> 
     </span>
     <span class='ocr_line' id='line_1_28' title="bbox 60 2657 977 2746; baseline -0.002 -25"><span class='ocrx_word' id='word_1_193' title='bbox 60 2657 133 2723; x_wconf 88' lang='lat' dir='ltr'>tione</span> <span class='ocrx_word' id='word_1_194' title='bbox 163 2669 340 2746; x_wconf 81' lang='lat' dir='ltr'>contempta</span> <span class='ocrx_word' id='word_1_195' title='bbox 373 2669 463 2726; x_wconf 89' lang='lat' dir='ltr'>teneo</span> <span class='ocrx_word' id='word_1_196' title='bbox 493 2662 652 2724; x_wconf 87' lang='lat' dir='ltr'>artioulum</span> <span class='ocrx_word' id='word_1_197' title='bbox 682 2661 881 2743; x_wconf 77' lang='lat' dir='ltr'>probabiliter</span> <span class='ocrx_word' id='word_1_198' title='bbox 908 2678 977 2719; x_wconf 86' lang='lat' dir='ltr'>ease</span> 
     </span>
     <span class='ocr_line' id='line_1_29' title="bbox 58 2748 976 2838; baseline -0.005 -32"><span class='ocrx_word' id='word_1_199' title='bbox 58 2765 160 2811; x_wconf 79' lang='lat' dir='ltr'>vemm,</span> <span class='ocrx_word' id='word_1_200' title='bbox 207 2749 282 2810; x_wconf 74' lang='lat' dir='ltr'>(ium</span> <span class='ocrx_word' id='word_1_201' title='bbox 306 2751 386 2809; x_wconf 91' lang='lat' dir='ltr'>enim</span> <span class='ocrx_word' id='word_1_202' title='bbox 409 2749 506 2808; x_wconf 80' lang='lat' dir='ltr'>ioman</span> <span class='ocrx_word' id='word_1_203' title='bbox 529 2749 567 2807; x_wconf 86' lang='lat' dir='ltr'>ait</span> <span class='ocrx_word' id='word_1_204' title='bbox 588 2752 748 2827; x_wconf 86' lang='lat' dir='ltr'>peooatum</span> <span class='ocrx_word' id='word_1_205' title='bbox 771 2763 858 2822; x_wconf 82' lang='lat' dir='ltr'>vere,</span> <span class='ocrx_word' id='word_1_206' title='bbox 881 2748 920 2838; x_wconf 36' lang='lat' dir='ltr'>ut.</span> <span class='ocrx_word' id='word_1_207' title='bbox 935 2760 976 2802; x_wconf 84' lang='lat' dir='ltr'>ex</span> 
     </span>
     <span class='ocr_line' id='line_1_30' title="bbox 60 2829 977 2924; baseline -0.007 -34"><span class='ocrx_word' id='word_1_208' title='bbox 60 2829 137 2896; x_wconf 87' lang='lat' dir='ltr'>Rom.</span> <span class='ocrx_word' id='word_1_209' title='bbox 161 2835 190 2896; x_wconf 89' lang='grc'>7.</span> <span class='ocrx_word' id='word_1_210' title='bbox 213 2839 244 2892; x_wconf 88' lang='lat' dir='ltr'>et</span> <span class='ocrx_word' id='word_1_211' title='bbox 266 2831 333 2896; x_wconf 80' lang='lat' dir='ltr'>Gal.</span> <span class='ocrx_word' id='word_1_212' title='bbox 357 2837 385 2897; x_wconf 84' lang='lat'>5.</span> <span class='ocrx_word' id='word_1_213' title='bbox 408 2830 552 2912; x_wconf 82' lang='lat' dir='ltr'>probavi,</span> <span class='ocrx_word' id='word_1_214' title='bbox 576 2837 605 2889; x_wconf 95' lang='lat' dir='ltr'>et</span> <span class='ocrx_word' id='word_1_215' title='bbox 627 2835 791 2924; x_wconf 40' lang='lat' dir='ltr'>pennatum·</span> <span class='ocrx_word' id='word_1_216' title='bbox 811 2844 872 2921; x_wconf 85' lang='lat' dir='ltr'>nop</span> <span class='ocrx_word' id='word_1_217' title='bbox 897 2835 977 2884; x_wconf 84' lang='lat' dir='ltr'>eruat</span> 
     </span>
     <span class='ocr_line' id='line_1_31' title="bbox 59 2910 974 3006; baseline -0.004 -34"><span class='ocrx_word' id='word_1_218' title='bbox 59 2915 161 2976; x_wconf 90' lang='lat' dir='ltr'>intrare</span> <span class='ocrx_word' id='word_1_219' title='bbox 185 2916 317 2992; x_wconf 82' lang='lat' dir='ltr'>eoelum,</span> <span class='ocrx_word' id='word_1_220' title='bbox 340 2917 417 2975; x_wconf 88' lang='lat' dir='ltr'>siout</span> <span class='ocrx_word' id='word_1_221' title='bbox 439 2915 583 2994; x_wconf 87' lang='lat' dir='ltr'>seriptum</span> <span class='ocrx_word' id='word_1_222' title='bbox 607 2919 666 2971; x_wconf 85' lang='lat' dir='ltr'>est:</span> <span class='ocrx_word' id='word_1_223' title='bbox 689 2910 974 3006; x_wconf 69' lang='lat' dir='ltr'>thrlrnqurnatum</span> 
     </span>
     <span class='ocr_line' id='line_1_32' title="bbox 58 2996 974 3088; baseline -0.009 -31"><span class='ocrx_word' id='word_1_224' title='bbox 58 2997 182 3076; x_wconf 87' lang='lat' dir='ltr'>intrabit,</span> <span class='ocrx_word' id='word_1_225' title='bbox 204 2999 334 3059; x_wconf 85' lang='lat' dir='ltr'>arbitror</span> <span class='ocrx_word' id='word_1_226' title='bbox 356 2998 491 3058; x_wconf 83' lang='lat' dir='ltr'>fomitem</span> <span class='ocrx_word' id='word_1_227' title='bbox 501 2996 621 3076; x_wconf 87' lang='lat' dir='ltr'>peooati</span> <span class='ocrx_word' id='word_1_228' title='bbox 644 3009 974 3088; x_wconf 66' lang='lat' dir='ltr'>remoranpngressum</span> 
     </span>
     <span class='ocr_line' id='line_1_33' title="bbox 60 3077 975 3160; baseline -0.011 -19"><span class='ocrx_word' id='word_1_229' title='bbox 60 3083 140 3144; x_wconf 85' lang='lat' dir='ltr'>obeli.</span> <span class='ocrx_word' id='word_1_230' title='bbox 193 3081 302 3160; x_wconf 86' lang='lat' dir='ltr'>Neque</span> <span class='ocrx_word' id='word_1_231' title='bbox 332 3083 411 3140; x_wconf 92' lang='lat' dir='ltr'>enim</span> <span class='ocrx_word' id='word_1_232' title='bbox 443 3080 492 3139; x_wconf 88' lang='lat' dir='ltr'>bio</span> <span class='ocrx_word' id='word_1_233' title='bbox 513 3078 566 3158; x_wconf 87' lang='lat' dir='ltr'>piii</span> <span class='ocrx_word' id='word_1_234' title='bbox 597 3077 676 3137; x_wconf 81' lang='lat' dir='ltr'>taoio</span> <span class='ocrx_word' id='word_1_235' title='bbox 705 3093 826 3136; x_wconf 88' lang='lat' dir='ltr'>somma</span> <span class='ocrx_word' id='word_1_236' title='bbox 859 3091 975 3150; x_wconf 89' lang='lat' dir='ltr'>eorum,</span> 
     </span>
     <span class='ocr_line' id='line_1_34' title="bbox 61 3164 976 3254; baseline -0.011 -30"><span class='ocrx_word' id='word_1_237' title='bbox 61 3165 159 3248; x_wconf 87' lang='lat' dir='ltr'>quibus</span> <span class='ocrx_word' id='word_1_238' title='bbox 182 3171 341 3246; x_wconf 83' lang='lat' dir='ltr'>peecatum</span> <span class='ocrx_word' id='word_1_239' title='bbox 370 3164 483 3223; x_wconf 83' lang='lat' dir='ltr'>fomitis</span> <span class='ocrx_word' id='word_1_240' title='bbox 516 3168 718 3221; x_wconf 82' lang='lat' dir='ltr'>extenuantes</span> <span class='ocrx_word' id='word_1_241' title='bbox 752 3177 884 3254; x_wconf 74' lang='lat' dir='ltr'>poenam</span> <span class='ocrx_word' id='word_1_242' title='bbox 908 3173 976 3235; x_wconf 88' lang='lat' dir='ltr'>peo-</span> 
     </span>
     <span class='ocr_line' id='line_1_35' title="bbox 63 3240 976 3323; baseline -0.011 -18"><span class='ocrx_word' id='word_1_243' title='bbox 63 3249 112 3306; x_wconf 86' lang='lat' dir='ltr'>nati</span> <span class='ocrx_word' id='word_1_244' title='bbox 134 3258 163 3307; x_wconf 90' lang='lat' dir='ltr'>et</span> <span class='ocrx_word' id='word_1_245' title='bbox 185 3247 358 3307; x_wconf 78' lang='lat' dir='ltr'>defectuum</span> <span class='ocrx_word' id='word_1_246' title='bbox 383 3255 504 3323; x_wconf 85' lang='lat' dir='ltr'>vooant,</span> <span class='ocrx_word' id='word_1_247' title='bbox 528 3253 634 3304; x_wconf 87' lang='lat' dir='ltr'>eontra</span> <span class='ocrx_word' id='word_1_248' title='bbox 655 3250 775 3322; x_wconf 85' lang='lat' dir='ltr'>apertas</span> <span class='ocrx_word' id='word_1_249' title='bbox 794 3240 976 3320; x_wconf 79' lang='lat' dir='ltr'>Sonpturaa,</span> 
     </span>
    </p>
   </div>
   <div class='ocr_carea' id='block_1_8' title="bbox 64 3325 976 3494">
    <p class='ocr_par' dir='ltr' id='par_1_8' title="bbox 64 3325 976 3494">
     <span class='ocr_line' id='line_1_36' title="bbox 64 3325 976 3423; baseline -0.014 -33"><span class='ocrx_word' id='word_1_250' title='bbox 64 3347 132 3408; x_wconf 89' lang='lat' dir='ltr'>quae</span> <span class='ocrx_word' id='word_1_251' title='bbox 153 3339 312 3410; x_wconf 78' lang='lat' dir='ltr'>peecatum</span> <span class='ocrx_word' id='word_1_252' title='bbox 337 3329 493 3410; x_wconf 88' lang='lat' dir='ltr'>appellant</span> <span class='ocrx_word' id='word_1_253' title='bbox 515 3335 548 3423; x_wconf 80' lang='lat' dir='ltr'>et</span> <span class='ocrx_word' id='word_1_254' title='bbox 565 3326 760 3406; x_wconf 86' lang='lat' dir='ltr'>pergratiam</span> <span class='ocrx_word' id='word_1_255' title='bbox 787 3325 884 3419; x_wconf 73' lang='lat' dir='ltr'>(quae</span> <span class='ocrx_word' id='word_1_256' title='bbox 906 3338 976 3400; x_wconf 75' lang='lat' dir='ltr'>pao</span> 
     </span>
     <span class='ocr_line' id='line_1_37' title="bbox 65 3404 948 3494; baseline -0.015 -20"><span class='ocrx_word' id='word_1_257' title='bbox 65 3415 114 3494; x_wconf 80' lang='lat' dir='ltr'>bati</span> <span class='ocrx_word' id='word_1_258' title='bbox 136 3415 197 3490; x_wconf 67' lang='lat' dir='ltr'>ueri</span> <span class='ocrx_word' id='word_1_259' title='bbox 220 3420 250 3472; x_wconf 88' lang='lat' dir='ltr'>et</span> <span class='ocrx_word' id='word_1_260' title='bbox 271 3432 333 3473; x_wconf 90' lang='lat' dir='ltr'>non</span> <span class='ocrx_word' id='word_1_261' title='bbox 357 3411 418 3471; x_wconf 84' lang='lat' dir='ltr'>fieti</span> <span class='ocrx_word' id='word_1_262' title='bbox 440 3411 590 3470; x_wconf 82' lang='lat' dir='ltr'>medimna</span> <span class='ocrx_word' id='word_1_263' title='bbox 614 3417 676 3478; x_wconf 85' lang='lat' dir='ltr'>est)</span> <span class='ocrx_word' id='word_1_264' title='bbox 703 3425 805 3466; x_wconf 82' lang='lat' dir='ltr'>sanan</span> <span class='ocrx_word' id='word_1_265' title='bbox 827 3404 948 3464; x_wconf 90' lang='lat' dir='ltr'>dooent.</span> 
     </span>
    </p>
   </div>
   <div class='ocr_carea' id='block_1_9' title="bbox 120 3550 974 3736">
    <p class='ocr_par' dir='ltr' id='par_1_9' title="bbox 120 3550 974 3736">
     <span class='ocr_line' id='line_1_38' title="bbox 462 3557 601 3612; baseline -0.014 0"><span class='ocrx_word' id='word_1_266' title='bbox 462 3557 601 3612; x_wconf 83' lang='lat' dir='ltr'>uartus.</span> 
     </span>
     <span class='ocr_line' id='line_1_39' title="bbox 120 3550 974 3736; baseline -0.006 -21"><span class='ocrx_word' id='word_1_267' title='bbox 120 3656 298 3736; x_wconf 79' lang='lat' dir='ltr'>tmperieeta</span> <span class='ocrx_word' id='word_1_268' title='bbox 319 3550 581 3715; x_wconf 56' lang='lat' dir='ltr'>earitastorituri</span> <span class='ocrx_word' id='word_1_269' title='bbox 594 3653 778 3713; x_wconf 42' lang='lat' dir='ltr'>fortunatum·</span> <span class='ocrx_word' id='word_1_270' title='bbox 800 3645 974 3710; x_wconf 66' lang='lat' dir='ltr'>meamne</span> 
     </span>
    </p>
   </div>
   <div class='ocr_carea' id='block_1_10' title="bbox 0 0 1134 4002">
    <p class='ocr_par' dir='ltr' id='par_1_10' title="bbox 0 0 1134 4002">
     <span class='ocr_line' id='line_1_40' title="bbox 0 0 1134 4002; baseline 0 2"><span class='ocrx_word' id='word_1_271' title='bbox 0 0 1134 4002; x_wconf 95' lang='lat' dir='ltr'> </span> 
     </span>
    </p>
   </div>
  </div>
 </body>
</html>
