2258 4002
246 177 361 237 Bellum
375 177 459 232 Leeu.
479 177 511 230 X.
532 176 654 232 demunt.
672 193 699 231 e.
721 177 797 234 1520.
920 175 960 240 17
964 171 983 240 9
1002 183 1005 200 “

52 345 144 404 uum,
176 337 205 390 et
226 331 376 412 meliguue
400 349 460 391 nou
483 337 590 412 tanget
612 350 692 391 eum.
737 333 776 395 At
801 331 910 410 omnis,
932 331 983 408 qui

51 412 173 492 eredit,
194 416 339 492 quonium
370 414 452 474 iesus
482 423 530 474 est
552 413 705 490 Christus,
737 433 777 473 ex
799 413 866 488 Deo
895 419 984 474 uetus

48 501 114 569 est,
151 507 185 556 ut
214 497 327 558 ibidem
349 497 441 572 dioit3
474 500 515 558 itu
537 497 625 557 sirum
648 515 753 556 uerum
775 503 838 578 eet,
870 499 982 556 iuetum

48 595 113 640 uou
139 598 282 663 peecare,
306 587 449 652 ettamen
473 588 633 660 peeeetum
649 579 770 658 hebete,
794 598 849 640 eeu
869 580 981 645 melum
1103 603 1109 612 ·

47 659 167 721 faeere.

132 743 364 809 eoueluuuuus
388 764 463 825 ergo
485 763 554 806 eum
578 745 781 826 puioherrimo
807 745 899 806 verbo
922 746 983 804 Au-

48 827 182 904 gustini,
205 827 380 907 Peooatum,
401 829 506 907 iuquit,
529 829 689 889 remittitur
701 829 731 888 iu
746 829 907 908 baptismo,
919 845 982 887 uon

49 913 82 976 ut
106 927 173 976 uou
195 911 250 988 eit,
271 910 325 974 sed
348 919 379 971 ut
400 931 463 972 uon
483 913 659 992 imputetur.
703 911 784 972 moe
812 919 859 971 eet
885 918 918 969 st
939 929 983 970 rs·

51 999 164 1052 monet
184 1003 356 1072 peceatum,
378 994 431 1056 sed
454 1012 516 1057 uon
538 996 713 1073 imputetur.
757 992 860 1068 Quare
883 1011 983 1072 perse-

50 1074 224 1144 verantium
245 1083 294 1138 est
320 1077 350 1137 iu
379 1097 435 1138 usu
457 1077 633 1157 Seripturae
654 1082 685 1137 et
713 1077 922 1155 antiquorum,
954 1081 984 1135 et

51 1174 117 1218 uun
155 1157 323 1237 defectum,
363 1159 418 1221 sed
454 1180 525 1221 vere
559 1167 720 1240 peeeuium
754 1157 983 1239 eppeiieudum,

50 1238 215 1306 libidinem
237 1249 267 1302 et
288 1243 363 1303 eiies
391 1243 552 1324 passiones
580 1243 711 1321 reliquus
740 1241 902 1322 baptismo.
947 1239 985 1300 iit

51 1321 139 1384 uliud
163 1343 233 1386 esee
254 1327 357 1386 omniu
378 1333 507 1406 peeeete
529 1325 653 1403 remitti,
677 1324 758 1384 eliud
780 1327 885 1386 omnio
904 1323 983 1400 tulii,

51 1404 227 1484 buptiemus
250 1409 353 1468 omuie
373 1408 513 1484 remittit,
536 1407 590 1468 eed
614 1407 729 1486 nullum
751 1409 871 1488 penitus
895 1405 982 1482 tollit,

51 1488 105 1548 sed
131 1490 240 1568 iueipii
260 1490 377 1552 toliere.
419 1491 453 1551 id
475 1490 558 1570 quod
580 1490 649 1550 illos
666 1489 782 1569 fefellit,
803 1492 856 1570 uui
877 1491 980 1549 usmis-

53 1573 426 1645 siopeminteliexeruut
469 1572 677 1634 omnimodam
716 1573 982 1653 expurgationem,

55 1672 92 1713 eo
116 1655 164 1714 sie
189 1655 339 1716 defectum
362 1675 417 1736 pro
440 1661 570 1736 peeeete
595 1657 736 1735 seeipeue
754 1657 893 1736 seipsos
916 1673 984 1714 eoe-

54 1743 185 1816 geruut,
211 1757 253 1800 ex
276 1740 357 1800 meio
380 1739 535 1804 inteileetu
557 1740 587 1799 in
608 1740 747 1818 peiorem
775 1739 860 1819 iepsi.
904 1737 981 1799 Nam

55 1819 114 1879 heo
137 1823 291 1882 sententie
311 1841 416 1882 eorum
432 1821 572 1882 homiues
584 1823 614 1881 iu
628 1823 821 1882 securitatem
835 1828 866 1898 pt
880 1840 982 1900 super·

55 1901 126 1964 bum
151 1907 432 1985 praesumptionem
455 1905 620 1985 dueuntur,
648 1905 720 1978 rium
743 1905 880 1986 peeeetis
901 1903 984 1977 shis-

56 1987 92 2046 ιιι
114 1986 176 2046 eibi
199 1989 267 2066 puri
289 1989 344 2048 uisi
368 1989 511 2050 omittunt
525 1987 624 2048 studia
647 1987 838 2068 expurgandi
852 1987 984 2068 pseusti,
1086 2003 1088 2008 ’

56 2075 88 2128 ut
112 2069 200 2129 ouius
224 2071 339 2132 eouseii
360 2072 421 2132 iem
443 2091 505 2132 nou
527 2077 613 2145 eunt,
637 2089 697 2150 que
717 2071 812 2151 impie
834 2071 980 2150 opiuious

55 2150 179 2230 plurimi
200 2160 328 2235 pereunt
350 2173 478 2222 neeesse
499 2162 563 2231 eet,
585 2154 640 2214 sed
662 2163 691 2214 et
713 2173 751 2214 eo
775 2159 981 2234 pervenerunt

57 2236 212 2316 insaniae,
241 2245 273 2298 ιιι
291 2239 386 2298 etiem
409 2237 564 2298 libidinem
585 2237 791 2298 inevitabilem
820 2243 979 2316 pereutum

58 2326 251 2397 seuaorum,
285 2319 354 2380 dum
383 2329 547 2400 gesemnt,
579 2320 772 2398 quantumuis
802 2319 980 2396 indomitum

58 2408 87 2460 et
114 2420 238 2462 summo
265 2403 440 2482 iuuietoque
460 2403 563 2464 iuuere
592 2411 698 2464 eontro
717 2404 819 2482 legem
832 2402 887 2462 Dei
911 2420 981 2462 eom

57 2486 276 2563 uupisueuten,
297 2485 449 2556 defeetum
474 2505 584 2548 uoeere
604 2487 666 2546 ¹siut
692 2487 801 2548 oouoti.
845 2485 914 2546 iioo
934 2493 982 2544 eit

59 2585 128 2627 uere
147 2569 237 2628 nimis
260 2577 426 2630 euteuuere
448 2578 618 2650 peooetuur,
641 2569 742 2642 dioere
764 2577 825 2644 tem
841 2575 979 2628 etrooeru

59 2649 189 2712 lihidinis
210 2652 356 2732 iurpetum
374 2671 446 2716 esse
463 2652 628 2714 desuetum.
668 2652 731 2724 Sed
754 2651 793 2712 de
811 2651 875 2713 tuoe
892 2652 980 2726 ruetis.

435 2817 605 2879 Tertius:

122 2942 232 3003 Fomes
255 2946 384 3026 peceati,
407 2947 525 3006 etiarnsi
539 2947 652 3015 uuiium
678 2946 757 3006 adsit
771 2948 891 3008 eotueie
912 2965 982 3028 peo-

121 3033 242 3170 ppgrim,
272 3035 408 3089 moretur
429 3048 448 3089 s
470 3047 599 3109 empore
623 3032 755 3090 animum
778 3030 816 3091 eb
843 3032 983 3110 ingressu

143 3225 289 3301 Quemvis
322 3225 402 3288 haue
436 3227 665 3302 eopoiusiouem
698 3233 821 3330 seepiup
855 3236 982 3308 teptetue

66 3309 117 3368 sim
139 3328 200 3369 non
224 3317 381 3386 assertam,
403 3311 456 3372 sed
479 3308 679 3392 disputatum,
708 3323 810 3375 tumen
837 3316 897 3374 iem
921 3331 981 3372 nou

69 3389 195 3471 disputo,
212 3393 272 3460 ¹sed
283 3412 387 3458 essem
402 3413 479 3471 sem,
503 3403 665 3474 postquem
678 3397 749 3458 nihii
763 3397 853 3456 uideo
871 3400 983 3456 uentre

65 3492 129 3544 uum
148 3475 277 3555 moduni
297 3477 336 3542 ab
350 3476 411 3542 uie
429 3477 615 3540 aduersario.
655 3479 786 3553 iiieuim
804 3497 881 3538 uere
902 3484 982 3556 suut,

69 3575 140 3634 utne
162 3560 303 3638 proximu
325 3561 453 3632 surculo
466 3561 548 3626 dioto
568 3569 650 3639 suut,
672 3561 888 3622 fomitemesse
910 3578 982 3620 uere

67 3649 236 3720 peremtum,
261 3661 318 3722 peu
338 3643 471 3722 grutem
493 3644 550 3707 Dei
577 3663 681 3706 venum
704 3645 860 3790 megr'pippe
878 3643 979 3721 ,magis
