2262 4006
109 184 113 190 ’
138 150 203 244 360
369 175 526 250 Responsio
544 179 578 235 D.
593 167 628 234 ll.
644 176 672 234 L.
691 176 727 233 ad
744 151 845 234 llbrbm

70 355 78 368 ¹
108 391 111 400 ,
141 325 267 396 niantas'.
310 331 418 414 licque
442 335 521 395 enim
544 313 930 416 pdpstns'fmsiestatis⁴et
951 315 1056 415 glutias

140 417 290 480 vocabulo
320 427 471 480 censetur.
521 415 629 500 Neque
657 421 680 480 si
704 410 901 496 censeretur,
933 435 1056 498 nuquam

139 502 213 564 tolia
234 521 341 582 possus
364 511 425 574 est,
460 519 528 561 com
552 503 634 562 nulla
656 501 854 562 maiestas‘in
879 521 950 561 enm
965 501 1057 561 bacte-

139 601 195 644 nns
217 585 431 664 praevaluerit,
452 586 518 664 ipse
531 603 604 645 vero
617 586 646 644 in
671 586 847 647 maiestates
860 585 923 646 hoc
945 587 1058 664 saepius

140 669 345 750 praevaluerit
367 678 397 728 et
417 669 537 751 fecerit,
567 675 600 728 ut
626 668 685 728 iarn
712 687 772 728 non
797 667 955 727 salumin
978 668 1059 728 rebus
1103 728 1108 746 ,

140 749 315 829 bominum,
352 753 404 812 sed
438 753 467 811 in
500 751 708 812 maiestatibus
741 761 782 832 et,
804 749 1060 812 dominationibus

140 831 263 914 quoqne
283 835 342 916 pro
365 833 489 894 libidine
512 834 596 894 ludat
618 831 847 908 transferendo,
875 833 1060 912 evacuando,

140 915 297 995 mutando,
342 919 440 977 octies
466 919 563 977 visum
588 914 647 979 est}
688 917 797 977 Nonne
819 917 900 976 haec
921 915 1061 977 historias

142 999 180 1060 dc
202 1020 297 1082 regno
320 937 476 1076 lranciae
500 999 661 1078 Graeciae,
684 997 886 1069 Germaniae,
910 999 1062 1078 Neapolis,

140 1079 264 1144 Siciliae
288 1092 317 1144 ct
339 1078 596 1144 aliis‘testantur?
621 1083 731 1143 Nonne
759 1083 851 1142 etiam
873 1082 925 1142 bic
947 1081 1010 1142 Leo
1022 1083 1062 1158 X,

140 1161 252 1250 alioqui
265 1167 364 1226 bonus
375 1169 429 1244 vir,
452 1185 575 1226 suorum
598 1165 691 1226 lalsus
704 1166 840 1226 consiliis
863 1171 894 1225 et
918 1166 1062 1244 exemplis

139 1245 266 1310 dttcatus
288 1249 392 1310 ltaliae
414 1257 510 1310 tentat
533 1251 590 1310 hac
612 1247 783 1330 tyrannide,
805 1244 940 1309 Urbinas
965 1249 1063 1330 expul-

139 1348 201 1412 sus,
221 1331 423 1393 Ferrariensis
445 1351 538 1412 saepe
561 1333 696 1412 petitus?
718 1331 756 1390 Et
778 1331 976 1392 aemulantur
999 1351 1062 1392 enm

141 1413 319 1476 cardinales
343 1427 373 1474 et
394 1417 531 1499 episcopi
555 1422 687 1491 strenue,
709 1413 752 1474 illi
775 1415 911 1495 regibus,
934 1414 966 1473 bi
989 1415 1063 1474 Prin·

139 1497 258 1577 cipibus
280 1496 454 1577 superiores
476 1497 810 1576 iacti,'ignavissimum
833 1497 997 1558 hominum
1019 1517 1064 1577 ge·

140 1601 206 1656 nus,
229 1583 281 1641 vix
304 1583 405 1661 porcis
429 1580 545 1641 alendis
567 1581 719 1640 idoneum.
765 1579 815 1639 Sic
832 1579 993 1640 honorant
1015 1581 1062 1640 do·

140 1664 338 1736 initiationes,
362 1665 407 1724 sic
428 1663 612 1723 benedicunt
636 1662 896 1736 maiestatemne
919 1665 1065 1741 quaerunt

140 1766 218 1825 quac
247 1737 375 1808 aliorum
405 1757 474 1806 sunt
494 1747 549 1806 sibi
572 1745 784 1824 displicentes,
816 1746 988 1830 sicposita
1017 1765 1063 1806 au-

140 1830 227 1892 dacia
248 1830 394 1889 incedunt
415 1831 444 1889 in
468 1831 576 1890 timore
600 1827 667 1889 Dei.
709 1829 776 1888 Vae
797 1827 866 1889 illis.

195 1911 267 1973 'De
301 1912 410 1993 quibus
445 1916 475 1972 et
503 1911 594 1994 ludas
619 1911 738 1972 Petru'm
773 1911 1063 1972 aemulatusdicit:

140 1988 283 2056 Similiter
304 2001 334 2054 et
355 1995 386 2054 hi
409 1995 612 2055 somniatores
638 1995 684 2060 (id
708 2006 769 2070 est,
797 1995 926 2053 somniis
949 1994 1061 2064 delusi)

141 2081 193 2158 qni
216 2094 338 2140 carnem
363 2079 484 2158 quidem
508 2075 673 2154 maculant,
697 2076 938 2158 dominationem
965 2085 1063 2137 autem

140 2166 296 2240 spernunt,
320 2163 495 2220 maiestates
518 2168 619 2221 autern
644 2157 866 2239 blasphemant.
903 2159 952 2220 'Et
974 2159 1062 2240 paulo

140 2240 562 2324 superiusz'S'ubintroieiunt
585 2243 664 2302 enim
687 2242 810 2322 quidam
833 2242 999 2316 homines,¹
1016 2245 1062 2322 qui

141 2327 212 2386 olim
236 2328 368 2405 praescri
394 2327 414 2388 ti
438 2336 507 2386 eunt
528 2327 557 2385 ln
582 2325 641 2385 boc
663 2325 762 2404 ipsum
784 2321 947 2398 iudicium,
972 2326 1062 2406 impii,

141 2401 263 2471 Domini
286 2419 355 2470 nost
405 2411 533 2490 gratiam
556 2408 773 2468 transferentes
794 2409 825 2467 in
848 2407 1013 2484 luxuriam,
1036 2418 1063 2468 et

140 2493 240 2552 solum
271 2492 494 2553 dominatorem
529 2501 559 2551 et
586 2491 757 2550 dominum
790 2499 942 2550 nostrum¹
967 2494 1060 2551 lesum

142 2577 292 2636 Christum
314 2583 479 2654 negantes,
502 2573 643 2643 honest,
668 2574 750 2657 quod
771 2571 877 2632 Petrds
900 2571 969 2648 aits
979 2571 1061 2633 iuxta

141 2649 249 2718 Christi
272 2657 473 2738 Evangelinm
497 2657 588 2718 etiarn
618 2677 675 2716 suc
696 2655 842 2734 dogmata
865 2655 1060 2734 subinferant,

140 2742 301 2820 sectasque
324 2733 502 2820 perditionis
523 2735 970 2821 iuxta'int'rcduccnt,dnibus
993 2757 1062 2800 vcra

141 2821 217 2882 tides
246 2825 471 2903 exstinguetur,
503 2831 533 2884 et
554 2823 691 2882 Christus
720 2823 995 2883 retentc'nomine
1021 2841 1062 2882 re-

139 2906 213 2966 'v‘era
236 2907 396 2986 negabitur
416 2905 500 2966 scius
523 2925 590 2966 esse
612 2906 786 2965 dominator
807 2917 837 2966 et
851 2923 906 2964 rex
928 2907 960 2964 in
984 2907 1062 2965 iusti·

142 2983 184 3049 tis
206 2999 235 3049 et
264 2991 399 3050 veritste.
447 2989 569 3050 interim
597 2989 652 3047 sub
681 2991 804 3048 nomine
833 2989 897 3047 eius
924 2984 1063 3050 'luxuriae

141 3067 174 3133 et'
207 3073 346 3133 omnibus
386 3073 558 3133 libidinibus
592 3072 859 3136 suis'servientes.
916 3070 1061 3138 Breviter,

142 3156 273 3237 epistola
295 3154 409 3215 'ludae'
434 3154 504 3214 mihi
531 3155 693 3234 quondam
726 3153 838 3212 inutilis
867 3155 950 3230 visa,
985 3173 1063 3213 nunc

142 3239 247 3320 agnita
267 3246 315 3298 est
341 3257 357 3298 u
378 3237 460 3299 Petri
483 3239 613 3318 epistola
641 3235 780 3315 sumpta,
805 3239 938 3316 'propter¹
963 3237 1060 3312 solum

143 3329 253 3400 pa'pam
277 3331 345 3380 es'se
373 3321 494 3400 scripta.
540 3319 673 3398 Uterque
704 3321 784 3378 enim
814 3317 948 3393 indicat,
981 3321 1059 3399 quod

143 3404 369 3479 subintrabunt,
406 3404 437 3462 id
471 3414 534 3478 est,
571 3405 657 3462 iuxta
692 3401 892 3480 Evangelinm
930 3422 989 3464 sna
1021 3405 1060 3462 in·

143 3485 253 3562 terent,
288 3495 331 3555 et,
363 3485 411 3544 ut'
429 3487 472 3545 ait
499 3484 621 3562 Petrus,
653 3484 919 3560 subintroducent,
953 3485 984 3544 id
1007 3494 1058 3560 est,

144 3567 230 3622 iuxta
261 3567 455 3627 introducent
492 3576 607 3636 sectas,
647 3568 954 3640 manifeste‚‚eorum
994 3566 1060 3628 insi·

147 3643 249 3704 diosas
282 3655 312 3707 st
343 3648 469 3722 fallaces
502 3649 676 3727 illusiones,
713 3647 822 3727 quibus
853 3657 974 3710 retento
1007 3669 1058 3710 no·
