2262 4006
305 189 448 250 Ambrosii
467 191 573 249 eman
591 210 618 250 n.
636 192 715 250 1621.
912 187 981 258 ε389

49 348 181 409 veritati
205 347 370 410 uitandum.
413 347 580 410 mannam
599 347 689 428 Huss,
702 345 983 430 Hieronymum),

52 439 94 490 st
110 449 192 510 quos
211 431 288 493 ulios
310 430 433 506 oeoidit,
454 433 570 504 neseio,
592 449 631 492 au
649 433 833 494 huoreierre
841 431 983 508 debeam,

51 523 85 572 ut
109 533 192 594 quos
215 533 353 595 corpore,
375 533 437 575 non
456 517 562 595 spiritu
578 516 719 592 vastavit,
743 521 817 596 puto
841 516 922 579 enim
945 514 983 576 de

50 597 208 676 spirituali
242 618 310 658 eum
346 599 518 658 uastatious
542 598 644 678 ioqui.
695 597 859 676 Quomodo
891 599 984 678 igitur

51 699 117 739 non
145 689 376 761 prosperaretur
394 683 425 740 ia
449 701 541 742 mauu
564 684 628 742 eius
656 701 719 744 non
749 683 863 744 veritas
883 681 983 744 uvan-

50 762 141 841 geiii,
165 763 219 824 sed
234 764 337 841 ineas,
358 765 465 841 iacias,
485 765 606 845 speeies
628 771 659 826 et
680 765 803 828 fallacia
817 766 918 848 inopis
933 771 984 840 (ut

50 846 171 908 Paulus
204 847 376 928 appellat),
409 846 582 928 hypoerisis
611 867 733 910 suarum
765 849 983 928 doetriaauum,

49 930 184 1007 quando
207 932 359 991 exstineto
381 930 492 991 robore
515 930 690 1011 scripturae
717 939 747 994 st
773 933 918 999 omnium»
932 944 983 996 au·

49 1021 157 1072 torum
182 1014 247 1074 sius
270 1014 451 1077 Senatorum
474 1015 648 1095 exemplos
670 1016 870 1076 testantium
893 1015 983 1077 robo-

49 1095 164 1155 ratur?
189 1091 267 1172 Quid
291 1093 373 1157 enim·
394 1115 455 1156 non
470 1102 617 1177 prospere
639 1097 761 1172 efficiat,
785 1097 982 1178 quaudoiam

50 1197 118 1239 non
142 1179 245 1240 solum
265 1180 360 1241 iaeies
380 1187 411 1240 et
436 1181 679 1260 propositiones,
702 1180 732 1242 id
755 1190 802 1242 est
811 1227 826 1258 ,.
841 1182 888 1242 sui
911 1181 983 1257 doli,

50 1261 108 1322 sed
134 1269 167 1322 et
187 1263 218 1337 ii,
241 1281 318 1342 quos
341 1281 412 1323 vere
424 1269 548 1324 senotos
560 1265 693 1340 noveris,
714 1283 771 1345 pro
791 1283 829 1328 eo
848 1264 984 1326 fatiunt?

51 1344 133 1419 Quis
156 1345 207 1405 hio
227 1346 277 1406 vsi
301 1347 409 1406 mutire
428 1354 536 1406 eontra
558 1346 686 1425 audeat,
715 1347 767 1409 ubi
789 1347 982 1410 mendesium

52 1430 203 1504 veritate,
226 1429 396 1510 hypocrisis
419 1431 639 1508 sanotinronia,
666 1431 757 1492 dolus
778 1431 983 1513 simplieitate,

50 1511 337 1592 iniquitas‘pietate
357 1511 499 1572 iuraturi
519 1513 701 1594 Otempora
714 1533 787 1576 vere
798 1514 983 1595 periouiosa,

52 1601 85 1654 et
105 1596 286 1655 novissimis
309 1595 415 1656 diebus
438 1593 546 1676 digna,
573 1597 696 1676 quando
710 1597 863 1679 ‚reprobis
879 1599 983 1662 omnia

53 1685 267 1757 oooperaatur
287 1680 318 1738 in
347 1678 479 1756 maium,
512 1681 616 1740 etiarn⁴
636 1679 734 1757 bona,
760 1683 847 1742 -siout
876 1681 982 1742 elsatia

53 1761 163 1820 omnia
183 1761 352 1837 iubenum,
375 1762 465 1822 etiam
488 1763 579 1842 mala,
600 1763 661 1824 hoo
682 1783 738 1844 per
759 1765 898 1844 spiritum
915 1764 983 1842 Dei,

52 1843 130 1904 iliud
153 1845 368 1925 perspiritum
389 1849 526 1921 satanae,
548 1847 627 1907 siout
638 1847 794 1929 praedixit
804 1847 983 1928 Apostolus.

139 1925 200 1986 Est
227 1945 310 1987 nune
337 1928 388 2007 qui
411 1927 539 2005 audeat,
575 1935 606 1990 et
626 1949 752 1991 seaurus
775 1931 873 2008 vivat,
891 1937 927 1991 et
953 1931 983 1990 in

53 2010 182 2069 Petrum
204 2009 292 2070 dietis
320 2029 358 2070 ae
378 2009 465 2070 saetis
493 2011 636 2076 aonfldat.
679 2013 774 2075 Plane
802 2015 854 2075 hio
873 2013 1004 2074 Daniel·

58 2099 203 2154 satanam
223 2093 355 2166 indioat,
378 2093 429 2172 qui
452 2093 557 2155 dolum
577 2097 753 2177 prosperari
774 2097 806 2157 in
826 2111 917 2158 manu
931 2097 984 2158 hu-

57 2176 102 2235 ius
132 2176 216 2255 regis
237 2176 326 2255 dioit,
350 2195 418 2236 uon
446 2179 526 2238 enim
549 2197 606 2240 sua
635 2179 772 2240 effieeeia
794 2179 905 2242 effloax
925 2188 983 2258 est,

57 2277 119 2320 neo
142 2277 201 2318 sua
222 2279 330 2320 menas
353 2259 464 2340 diriget
485 2261 608 2342 dolum3
635 2263 689 2324 sed
712 2269 836 2326 sannas
858 2283 982 2324 manum

57 2343 123 2402 eius
160 2342 267 2418 duest,
299 2341 330 2402 st
361 2344 407 2402 sio
435 2342 582 2424 dirigetur
610 2345 700 2407 dolus
727 2348 758 2406 in
786 2365 878 2408 manu
907 2348 982 2408 eius.

58 2423 226 2500 Quomodo
248 2426 349 2506 potuit
368 2443 497 2506 regnum
519 2436 550 2490 et
571 2447 667 2510 opera
688 2448 788 2510 papas
810 2430 917 2490 melius
933 2427 984 2490 de·

57 2507 215 2570 seribere?
250 2508 333 2588 quod
361 2527 424 2570 non
454 2517 501 2570 est
530 2513 589 2572 uisi
617 2514 691 2574 meri
714 2511 982 2589 d01i‚·ettsmsn

58 2591 186 2651 ielixest
207 2609 407 2672 prosperum,
431 2592 525 2670 adeo,
554 2602 588 2655 ut
609 2597 700 2656 etism
723 2597 836 2676 apertis
860 2595 983 2658 menda·

58 2675 112 2735 uiis
137 2684 169 2735 ot
189 2674 313 2735 ludieris
334 2674 425 2736 rebus
447 2676 577 2738 infatuet
597 2677 755 2758 mundum,
778 2687 811 2741 ut
826 2685 912 2760 patet
933 2679 983 2739 rel

59 2759 87 2816 iu
122 2757 198 2818 solis
226 2757 432 2838 indulgentiis.
475 2759 553 2820 Nam
583 2760 730 2841 quidquid
757 2762 851 2823 sudet
888 2781 983 2842 quau-

60 2841 172 2900 tumvis
192 2842 354 2921 impurum*
367 2841 557 2903 mendesium
586 2863 678 2925 pape,
701 2851 811 2906 tamen
827 2863 985 2926 prospera·

60 2930 115 2986 tur.
137 2924 234 3002 Igitur
255 2923 344 2984 dolus
359 2925 389 2983 in
403 2943 494 2986 mauu
505 2928 571 2988 eius
589 2929 711 3009 proprie
722 2928 762 2988 ad
772 2927 985 3009 depravandos

62 3005 399 3088 Scripturaspsrtinst,
423 3007 474 3068 hie
492 3010 572 3072 enim
595 3010 706 3071 deieait
727 3011 831 3072 stellas
854 3011 934 3072 ooeli
955 3019 986 3071 et

63 3090 254 3153 ooaoutoavit
276 3107 337 3150 eas.
382 3089 484 3170 Atque
505 3093 534 3152 in
558 3093 703 3155 hoedoio
726 3113 817 3174 quam
839 3093 985 3157 ielixiue·
1014 3147 1015 3150 ,

63 3174 107 3245 rit,
130 3173 265 3233 omniurn
288 3175 478 3254 experientia
500 3176 657 3237 evidenter
676 3183 818 3255 testatur3
839 3178 986 3257 quidquid

64 3257 141 3316 enim
163 3256 275 3334 rolriit,
298 3257 358 3317 hoo
380 3256 687 3339 dixiusxponeroo,
709 3260 855 3340 quidquid
882 3267 983 3321 autem

61 3338 136 3398 dixit
158 3338 354 3419 enpduendo,
376 3340 436 3400 hoo
454 3360 513 3422 pro
536 3342 592 3403 Dei
615 3343 741 3404 ordoulo
763 3342 899 3406 habitum
924 3351 982 3418 est,

63 3429 93 3480 et
111 3421 347 3502 habeturusque
369 3422 470 3500 bodie,
493 3425 789 3504 macerationibus,
813 3425 982 3516 naaflorip·
1046 3479 1048 3483 .

80 3702 83 3719 ·
111 3671 353 3762 ·i)·1n¹se=.ten.2
374 3677 661 3766 etflieronymum.'³
743 3698 746 3719 ¹
784 3700 788 3722 ’
