2258 4002
270 141 442 232 *eunomus
457 168 492 228 Β,
511 168 547 230 lt.
564 169 711 228 Lutherus.
904 166 966 234 143

48 322 344 400 cosqueDscretsles
366 343 467 404 pepce
490 343 552 386 uon
567 323 717 386 exuritis?
738 323 807 399 Gur,
829 324 966 402 inquam,

48 405 119 464 haec
140 423 203 466 non
226 406 418 484 facitis,„nisi
438 407 520 486 quod
543 426 603 472 ucu
629 408 701 470 estis
723 408 785 468 ulie
798 424 891 467 causa
911 424 966 486 pos

48 489 90 548 siti
111 487 140 547 in
164 487 271 550 locum
291 491 381 555 istum
404 499 560 564 sunctum,
589 508 684 570 quem
710 499 742 552 ut
764 491 828 549 sitis
852 488 966 552 abomie

46 571 123 631 natio
145 591 167 638 a
189 571 317 634 Daniele
344 573 517 652 praedicta,
544 592 623 652 quae
653 572 777 640 damnet
799 573 967 650 veritatem,

45 659 153 712 statuat
176 673 250 716 vero
272 655 466 720 mendesium¹
486 665 517 722 et
538 658 747 735 operationem
760 656 881 734 erroris,
903 673 967 718 nou

46 737 119 798 euin
142 736 206 796 clia
229 737 339 806 decent
359 738 462 798 sedem
487 739 661 800 antichristi.

120 817 281 899 Teigitur,
302 821 365 886 Leo
378 821 426 899 X,
449 839 505 882 vos
528 821 646 884 domiui
655 820 824 885 cardinales
838 820 968 896 Romae,

45 902 267 981 etquicunque
290 904 407 968 Romae
435 904 550 983 eliquid
578 904 670 980 estis,
700 902 854 982 compello
883 905 970 966 etin

44 985 148 1047 faciem
174 986 269 1052 vohis
285 986 380 1050 libere
404 986 489 1064 dico,
518 990 543 1046 si
565 995 668 1048 vestro
691 989 830 1062 nomine,
853 993 968 1048 uestra·

44 1084 97 1144 que
119 1067 252 1128 scientie
272 1069 350 1130 hsce
373 1069 454 1130 bulls
476 1071 584 1144 exivit,
607 1089 736 1148 eamque
759 1075 890 1132 uestram
914 1087 967 1148 ag·

43 1149 186 1228 noscitis,
210 1161 278 1212 utar
301 1161 332 1212 et
353 1171 413 1232 ego
435 1161 588 1232 potestate
612 1173 696 1228 mest,
719 1171 779 1229 uus
802 1154 830 1210 in
856 1151 967 1230 baptis·

44 1249 89 1290 mn
112 1251 169 1311 per
193 1233 250 1294 Dei
274 1236 511 1298 misericordiam
535 1237 632 1298 iactus
655 1253 721 1296 sum
743 1233 822 1295 filius
846 1235 914 1311 Dei,
937 1241 968 1297 et

43 1313 190 1376 cohaeres
220 1316 347 1396 Christi,
382 1317 526 1382 fundatus
558 1337 654 1398 supra
682 1315 800 1382 firmam
838 1325 967 1396 petram,

43 1417 116 1475 quae
140 1417 203 1459 nee
225 1408 330 1479 portas
352 1401 449 1479 inferi,
472 1419 531 1462 nec
551 1401 682 1478 coelum,
705 1419 764 1460 nec
781 1410 891 1460 terrem
908 1400 967 1463 lur-

44 1480 148 1558 midat,
177 1489 206 1540 et
230 1482 314 1561 dico,
346 1503 476 1562 moneo,
504 1484 609 1545 hortor
630 1501 685 1548 uus
708 1484 739 1542 in
762 1483 912 1560 Domino,
935 1491 968 1544 ut

43 1563 76 1622 ad
98 1581 153 1627 cor
179 1564 327 1643 redeatis,
356 1568 422 1632 istis
446 1567 605 1628 diabolicis
628 1566 825 1646 blasphemiis
846 1577 875 1626 et
899 1566 966 1646 plus

43 1645 127 1706 valde
151 1643 250 1708 nimio
273 1649 441 1711 audacibus
462 1651 670 1729 impietatibus
691 1649 814 1713 modum
834 1650 966 1730 ponatis,

43 1734 130 1806 alque
153 1729 187 1788 id
210 1731 281 1795 cito.
325 1730 416 1806 Quod
438 1734 496 1793 nisi
518 1733 659 1810 feceritis,
681 1733 802 1809 scitote,
824 1751 872 1792 me
895 1749 964 1794 cum

43 1810 199 1893 omnibus,
228 1814 279 1892 qui
302 1813 455 1876 Christum
482 1815 601 1890 colunt,
636 1824 767 1876 vestram
797 1814 918 1892 sedem,
948 1835 967 1874 u

42 1902 147 1956 satana
171 1896 241 1974 ipso
256 1915 432 1977 possessam
455 1905 686 1979 etoppressnm,
709 1916 765 1977 pro
787 1897 860 1959 sede
882 1897 965 1958 dam·

42 1986 110 2038 nata
130 1979 303 2040 antichristi
314 1980 438 2060 hebere,
460 1982 582 2042 coinon
596 1981 689 2042 modu
701 1999 763 2042 nou
776 1979 970 2059 obediamus,

42 2067 89 2120 aut
110 2061 229 2123 subditi
251 2069 282 2122 et
302 2066 518 2144 concorporati
541 2083 610 2124 esse
631 2063 777 2141 uelimus,
808 2063 861 2122 sed
886 2063 968 2124 dete·

43 2150 156 2208 stamur
190 2151 221 2208 et
242 2164 440 2210 exsecramur
465 2147 545 2207 sicut
573 2148 740 2228 principem
764 2153 796 2206 et
816 2165 971 2208 summum

43 2225 162 2286 hostem
196 2227 322 2305 Christi,
355 2231 456 2310 parati
500 2249 556 2311 pro
589 2230 648 2292 huo
680 2230 832 2290 sententia
864 2237 972 2292 nostru

43 2309 147 2370 stultas
174 2317 291 2376 vestras
304 2329 448 2374 censuros
468 2331 530 2374 non
548 2313 642 2374 modo
665 2331 734 2376 cum
746 2311 859 2392 gaudio
880 2311 971 2390 serre,

44 2391 93 2450 sed
116 2393 214 2455 etiam
235 2412 363 2473 rogere,
397 2415 436 2456 ne
459 2415 593 2476 uuquem
623 2415 679 2456 nos
702 2395 886 2475 absolvatis,
916 2403 970 2460 unt

43 2475 116 2534 inter
139 2484 262 2536 vestros
283 2479 466 2555 numeretis,
495 2480 567 2558 quin
596 2486 630 2538 ut
650 2487 806 2538 cruentam
836 2487 969 2539 vestrcm

44 2558 234 2636 tyrannidem
258 2560 424 2640 expleatis,
453 2562 491 2624 ed
520 2569 648 2624 mortem
679 2580 736 2622 nos
765 2562 843 2622 ultro
871 2559 970 2621 offeri·

46 2659 117 2706 mus.
165 2639 256 2716 Quod
279 2645 304 2702 si
326 2642 398 2722 quid
421 2645 543 2724 spiritus
562 2644 671 2706 Christi
693 2650 726 2704 et
744 2645 875 2724 impetus
896 2642 969 2704 fidei

46 2731 167 2788 nuslree
190 2724 282 2805 valet,
302 2725 350 2790 his
373 2729 507 2807 seriptis,
536 2729 561 2788 si
583 2729 850 2808 perseveraveritis
872 2729 902 2788 in
925 2728 970 2786 f·

45 2825 108 2869 rore
130 2807 210 2887 isto,
237 2826 293 2870 vos
323 2809 521 2891 damnemus,
551 2817 584 2870 et
611 2831 671 2870 une
700 2829 767 2870 cum
798 2810 880 2872 bulla
910 2812 969 2872 istu

46 2889 246 2970 omnibusque
269 2890 472 2956 decretalibus
494 2901 623 2956 setance
640 2893 795 2971 tradimus,
816 2895 846 2955 iu
869 2895 969 2954 interi·

46 2980 105 3038 lum
128 2975 246 3051 carnis,
274 2981 307 3034 ut
328 2977 450 3055 spiritus
472 2985 573 3037 vester
594 2977 624 3036 in
648 2975 697 3036 die
720 2975 842 3036 Domini
866 2976 966 3039 uobis
1029 3011 1035 3020 ·

46 3074 111 3121 cunr
134 3056 296 3134 liberetur,
322 3059 519 3137 innomine,
549 3077 639 3138 quem
663 3077 718 3120 vos
740 3059 967 3138 persequimini,

46 3138 110 3203 lesu
133 3139 245 3202 christi
267 3140 394 3203 Domini
416 3143 522 3220 nostri,
545 3143 654 3204 Amen.

125 3223 210 3286 Viuit
230 3225 310 3290 euim
334 3224 435 3286 edhuc
457 3232 487 3284 et
507 3231 618 3304 regnet
637 3223 747 3302 adhuc,
769 3224 798 3284 in
822 3243 890 3302 quo.
906 3243 967 3284 nou

48 3303 170 3384 dubito,
200 3305 353 3372 Dominus
383 3314 487 3368 noster
514 3307 600 3370 lesus
631 3306 785 3385 Christus,
815 3326 904 3386 quem
937 3312 969 3368 et

48 3406 200 3465 speremus
235 3389 413 3469 propediem
445 3389 645 3452 adventurum
679 3395 710 3453 et
740 3390 972 3450 interfecturum.

49 3471 153 3548 spiritu
172 3474 236 3534 oris
256 3473 313 3549 sui,
336 3480 366 3532 et
389 3472 611 3534 destructurum
632 3472 833 3534 illustratione
855 3471 967 3532 adveu-

50 3557 97 3610 tus
117 3553 163 3616 sui
188 3553 271 3617 hunc
292 3554 446 3616 hominem
470 3557 589 3635 peceati
611 3554 755 3617 etlilium
778 3552 967 3633 perditionis,

50 3635 293 3716 quondoquidem
315 3656 433 3718 negare·
449 3656 519 3702 non.
534 3655 719 3718 possumus,
743 3637 769 3700 si
790 3653 871 3714 pape
892 3636 964 3698 tate
