2250 4008
347 175 474 230 Rationis
489 159 668 228 ¹hatandans·
686 176 736 226 eie
947 160 1009 230 tlt
1058 227 1059 232 ,

89 330 294 410 servandum,
322 337 355 392 ut
382 337 542 411 utramque
569 335 709 392 usturam
732 328 770 390 de
791 335 857 390 tota
877 342 1010 407 persona

90 417 250 492 enunciet,
272 433 340 476 oum
363 414 504 476 omnibus
529 415 591 479 suis
612 415 759 495 propriis,
786 420 817 474 et
838 420 940 475 temen
962 430 1010 472 ca·

92 507 181 575 seat,
210 517 268 575 nc,
289 497 372 578 quod
397 497 574 578 simpliciter
594 498 662 560 Deo
684 505 737 558 sut
759 497 937 577 simpliciter
958 495 1010 556 ho-

87 583 167 643 miui
191 583 344 658 convenit,
366 583 394 642 ei
417 582 539 646 tribnat.
584 581 674 643 Aliud
709 581 788 642 euim
811 587 859 641 est
880 580 919 641 de
940 578 1010 641 Deo

90 667 252 726 incarnato
278 664 327 726 rel
360 665 483 726 homine
512 663 654 726 deificato
686 665 788 743 loqui,
818 671 848 724 ct
868 661 950 724 aliud
973 661 1012 722 de

93 750 163 810 Deo
185 752 231 810 vel
256 748 378 809 homine
396 748 579 829 simpliciter.
613 748 658 809 lta
680 747 762 808 aliud
784 753 831 807 eat
851 752 1010 826 peccatum
1122 789 1123 796 ι

93 822 183 894 eitra
198 832 350 913 gratiam,
373 831 454 892 alind
478 833 507 892 in
531 832 647 913 gratia,
674 839 706 892 ut
729 833 830 911 possis
851 829 1020 909 imaginari·
1054 863 1057 876 ·
1084 828 1085 832 ’

93 917 226 997 gretiam
248 934 301 976 sen
323 915 436 976 donum
460 915 518 975 Dei
550 934 618 976 esse
644 913 948 995 impeccatiflcatum,
982 918 1013 973 et

93 1005 258 1080 peecatum
301 997 520 1079 gratificatum,
557 997 701 1078 quamdiu
738 997 788 1058 hic
818 1016 938 1074 sumus,
980 1003 1013 1055 ut

93 1089 221 1163 propter
238 1081 350 1143 donnnr
374 1090 404 1142 ct
425 1083 553 1162 gratiam
576 1088 737 1163 peccatum
767 1083 826 1142 iam
856 1099 918 1142 nou
940 1098 1012 1160 pec·

93 1173 197 1226 catum
220 1166 267 1228 sit.

180 1247 242 1310 Sed
263 1248 341 1310 haec
364 1257 410 1308 est
432 1248 590 1311 meditatio
625 1251 689 1309 otio
714 1249 820 1309 maiori
843 1245 1013 1309 mactanda.

96 1331 199 1409 Quare
221 1332 270 1392 hic
293 1333 419 1410 sistam,
441 1330 541 1392 donee
563 1333 626 1393 otio
649 1331 765 1393 maiore
786 1331 880 1392 fretus
902 1336 933 1391 et
954 1329 1014 1390 alia

95 1416 251 1477 damnem.
293 1415 371 1476 Nam
394 1433 474 1495 qnae
497 1414 535 1475 de
557 1415 747 1497 poenitentia
767 1423 798 1476 et
818 1411 1015 1493 indulgentiis
1101 1470 1103 1474 .

96 1499 233 1574 disserit,
262 1517 330 1558 cum
360 1499 464 1558 omnia
497 1517 536 1558 ex
568 1499 708 1560 humanis
742 1499 863 1578 scriptis
895 1496 1015 1576 probet,

95 1581 172 1644 nihil
198 1581 323 1644 iaciunt.
377 1581 447 1641 Non
476 1583 555 1642 enirn
584 1581 632 1642 vel
657 1579 824 1662 Gregorius
857 1578 908 1641 vel
937 1578 1015 1640 nllus

96 1665 226 1745 angelus
248 1664 353 1725 hahuit
375 1664 490 1744 aliquid
512 1671 645 1726 statuere
667 1666 696 1726 in
720 1665 866 1740 ecclesia,
889 1668 942 1724 ant
963 1661 1015 1723 do·

97 1767 178 1824 cere,
203 1747 284 1826 quod
307 1768 324 1808 e
347 1747 503 1826 Scriptura
523 1747 648 1829 probari
674 1767 737 1809 nou
764 1749 871 1829 possit.
919 1745 960 1806 [tt
980 1745 1017 1806 si·

97 1831 160 1892 mul
185 1849 223 1890 ex
247 1831 283 1890 iis
308 1838 382 1909 puto
396 1831 471 1892 satis
487 1838 699 1908 monstratum,
721 1831 906 1910 theologiam
929 1827 1017 1889 scho-

54 1919 56 1927 ’
96 1914 237 1976 lasticam
259 1931 328 1974 esse
349 1913 430 1974 alind
453 1913 527 1973 nihil
550 1933 640 1994 quam
654 1915 860 1994 ignorantiam
881 1911 1016 1973 veritatis

96 2007 129 2058 et
150 1995 329 2058 scandalum
350 1998 437 2058 iuxta
449 1995 621 2078 Scripturas
642 1997 785 2077 positum.
817 1997 883 2058 Nec
904 2001 1017 2072 movet,

98 2080 183 2160 quod
205 2078 351 2141 Latomns
374 2099 424 2140 me
444 2080 672 2160 ingratitudinis
694 2088 725 2142 et
746 2081 873 2142 iniuriae
893 2079 1016 2139 insimu-

98 2163 144 2225 lat
163 2164 193 2223 in
206 2160 409 2240 S.Thomam‚
433 2162 642 2224 Alexandrum
665 2169 696 2224 et
717 2164 804 2228 alios.
833 2161 914 2223 Male
936 2161 1016 2221 euim

99 2246 138 2307 de
165 2264 213 2306 me
242 2247 341 2306 meriti
371 2253 450 2306 sunt.
494 2245 601 2326 Neque
637 2247 717 2307 enirn
753 2246 826 2307 mihi
861 2243 1016 2325 ingenium

100 2329 210 2390 deesse
233 2327 337 2406 credo,
358 2327 501 2389 fatebitur
522 2331 589 2409 ipse
602 2328 758 2405 hammus,
780 2328 914 2390 studium
936 2333 1019 2388 certe

98 2431 161 2472 nou
184 2410 347 2472 obscurum
371 2419 427 2475 est.
471 2413 571 2474 Meum
595 2431 667 2473 vero
690 2412 850 2473 consilium
874 2410 952 2488 dixi,
985 2417 1017 2468 ut

98 2493 282 2557 adolescens
303 2496 378 2555 vitet
400 2494 626 2575 philosophiam
655 2503 687 2556 et
713 2494 903 2576 theologiam
927 2493 1016 2553 scho-

100 2579 241 2640 lasticam
264 2587 297 2638 ut
318 2584 448 2638 mortem
471 2578 593 2639 animae
614 2596 699 2640 suae.

183 2660 252 2721 lion
275 2667 345 2721 sunt
367 2660 538 2741 Evangelia
559 2663 622 2722 tam
645 2661 785 2736 obscura,
807 2665 839 2719 nt
857 2659 959 2740 pneris
981 2674 1019 2717 ea

100 2762 162 2804 nou
185 2745 305 2823 possint
327 2750 442 2823 patere.
492 2742 656 2819 Quomodo
687 2751 757 2805 snut
785 2742 913 2803 instituti
936 2740 1018 2800 Chri·

99 2827 191 2888 stiani
214 2835 352 2906 tempore
372 2833 554 2908 martyrum,
590 2826 712 2906 quando
741 2827 801 2890 istc
822 2823 1018 2905 philosophia

100 2917 132 2970 ct
153 2908 311 2989 theologia
333 2928 393 2988 non
417 2909 524 2972 erant?
547 2909 703 2989 quomodo
727 2909 831 2971 docuit
851 2909 919 2989 ipse
934 2906 1016 2966 Chri·

100 2991 185 3054 stus?
207 2991 353 3072 &Agnes
367 2991 398 3074 ¹)
415 2995 461 3056 13.
484 3011 634 3054 annornm
656 2992 803 3073 theologe
826 2991 892 3068 init,
912 2988 1016 3050 itidem

100 3075 194 3136 Lucia
217 3083 248 3135 et
270 3076 450 3151 Anastasia,
484 3074 564 3135 uude
592 3075 663 3136 illae
686 3073 878 3136 didicerunt?
911 3071 1018 3151 Neque

100 3160 181 3218 cuim
196 3157 433 3219 Universitatum
456 3157 556 3218 studia
575 3157 676 3219 adhuc
696 3158 829 3238 aliquem
852 3161 1017 3236 martyrem

101 3249 154 3302 ant
176 3240 341 3319 Sanctum,
364 3242 394 3301 iu
418 3247 464 3303 tot
486 3240 614 3318 seculis,
648 3242 687 3302 de
708 3245 795 3304 tanto
818 3257 945 3301 numero
969 3238 1018 3299 de·

101 3325 228 3400 derunt,
259 3324 312 3403 qni
347 3324 456 3404 probet
489 3343 593 3388 sorum
621 3325 826 3386 institutiones
857 3341 927 3384 esse
950 3321 1016 3382 Deo

101 3414 205 3552 gratas
228 3413 258 3468 at
280 3413 390 3485 rectas,
412 3426 480 3469 cnm
503 3406 543 3483 illi
567 3425 584 3467 e
605 3409 731 3488 privatio
744 3405 857 3469 scholis
874 3406 1018 3466 examina

125 3495 284 3552 auctorum
308 3490 470 3552 mitterent.
513 3489 561 3550 Ex
575 3490 721 3553 fructibus
743 3493 806 3552 suis
822 3489 1019 3570 cognoscitur

174 3679 206 3749 1)
226 3678 258 3733 Iu
276 3678 319 3734 ed.
338 3679 422 3750 orig:
441 3677 563 3750 Hagnae.
