2250 4008
111 147 176 218 460
264 180 274 195 ·
403 149 563 208 manuus
581 151 749 208 mussas·

111 327 180 373 me
202 307 343 370 relertam
365 306 486 388 figuris,
517 327 580 370 non
607 313 654 370 tot
681 305 858 388 signifieat·
885 311 918 366 et
945 321 1036 366 voss

112 391 185 453 bula
205 392 370 468 laeiamus,
404 400 479 472 quot
505 393 617 454 inerint
646 391 781 470 figurae,
816 389 934 469 alioqui
964 385 1034 466 qnid

113 494 192 556 opus
212 475 341 558 figuris?
379 475 419 536 Et
439 484 473 536 ut
492 475 531 536 ed
553 475 726 536 institutum
747 475 911 534 veniamus
923 471 1036 554 ‚Kouri-

112 566 177 620 stus
200 558 271 620 dum
295 558 454 622 offerretur
480 578 536 640 pro
567 557 657 620 nobis
679 558 778 618 iactus
802 563 852 618 est
872 563 1035 636 pennatum
1116 583 1117 620 l

112 643 338 722 metaphoricae,
360 661 429 703 enm
452 650 599 721 pensator
620 644 662 702 ita
685 641 774 701 luerit
794 660 850 719 per
871 640 980 700 omnia
1001 638 1036 708 si,-

113 725 208 798 milis‚
232 725 411 805 domnolus,
446 725 625 801 derelictus,
648 725 812 801 confusus,
843 721 985 784 utnulla
1005 741 1036 782 ra

113 807 247 870 differret
267 829 287 868 a
308 829 381 870 vero
410 816 593 890 pereutere,
623 828 714 888 quam
743 807 826 887 qnod
857 812 979 867 reatum
1009 813 1038 864 et

113 899 285 970 pensatum,
307 892 391 972 quod
412 893 490 968 tulit,
512 894 579 972 ipse
601 911 663 952 non
685 892 811 952 feneret
855 889 944 951 Siout
964 887 1038 950 dioit

114 973 194 1037 Psal.
218 977 257 1039 69
274 973 324 1057 ¹):
353 975 440 1051 Quae
462 995 524 1036 noo
547 977 646 1055 rapui,
668 982 741 1036 tuno
763 973 985 1047 exsolvebam,
1007 979 1039 1032 ut

114 1078 176 1120 non
199 1056 316 1120 dubitet
338 1079 376 1118 ea
398 1057 538 1120 confiteri
568 1078 623 1121 sua
657 1078 743 1133 esse,
776 1057 883 1118 disens
906 1055 1035 1117 ibidem:

113 1143 301 1222 lmproperio
328 1143 601 1222 improperantium
637 1141 693 1202 tibi
729 1140 907 1202 oeciderunt
945 1159 1039 1220 super

114 1243 172 1286 me.
215 1224 254 1284 m
275 1224 403 1286 iterum:
440 1225 620 1304 Insipientia
643 1243 714 1285 mea
735 1232 766 1284 et
789 1222 904 1284 delleta
927 1243 999 1284 mea
1022 1243 1038 1284 a

114 1313 144 1370 te
164 1327 226 1367 non
250 1315 321 1368 sunt
343 1307 534 1369 absconditu.
585 1308 718 1388 Oportet
751 1314 852 1368 autem
884 1308 916 1367 in
945 1315 1036 1367 meta

113 1389 211 1471 pboru
233 1388 366 1470 aliquam
398 1391 599 1452 differentiam
629 1410 698 1452 esse
726 1411 745 1450 a
772 1410 805 1450 re
839 1409 933 1468 vera,
965 1391 1037 1469 quio

114 1472 279 1534 similitudo
300 1479 353 1548 (ut
374 1473 496 1556 aiunt),
519 1494 580 1536 noo
613 1474 758 1534 identitas
780 1479 837 1536 est
887 1473 929 1532 Et
960 1492 1036 1551 quae

114 1556 344 1633 transferuntur,
366 1556 534 1618 seonndum
549 1557 776 1619 similitudinem
792 1576 826 1616 se
845 1555 1035 1623 transierunt,

115 1639 229 1717 alioqui
253 1660 291 1700 ne
314 1641 473 1703 translatio
496 1641 619 1721 quidem
638 1647 729 1702 esset,
773 1639 813 1700 lll
833 1639 896 1700 boe
918 1645 1034 1719 speeta-

115 1724 158 1784 vit
178 1723 291 1784 Paulus
309 1723 366 1784 Ro.
388 1726 423 1788 8:
461 1724 543 1784 Misit
564 1723 693 1800 Deus2)
725 1722 819 1784 filium
846 1725 877 1782 in
902 1721 1034 1781 similitu·

115 1805 217 1868 dinem
251 1809 350 1866 earnis
384 1809 519 1886 peeoati3
553 1814 584 1868 et
605 1807 696 1868 Hebr.
719 1807 753 1868 4:
786 1805 953 1866 'lentatum
983 1824 1036 1884 per

116 1891 219 1951 omnia
241 1907 298 1969 pro
321 1889 518 1950 similitudine
541 1890 659 1968 absque
679 1893 820 1970 pensato.
864 1887 904 1947 Et
924 1889 957 1948 in
981 1887 1035 1952 hae

115 1972 315 2035 translatione
338 1992 399 2033 non
418 1972 518 2033 solnm
541 1981 589 2034 est
609 1971 784 2049 verborum,
808 1970 862 2031 sed
884 1978 916 2032 et
936 1990 1035 2038 rerum

115 2054 306 2133 metaphora.
368 2055 446 2118 Nam
482 2075 554 2118 rere
589 2062 719 2136 peecata
750 2061 858 2115 nostra
891 2074 910 2115 a
948 2053 1035 2118 nobis

115 2137 263 2200 translata
284 2145 356 2198 sunt
377 2145 408 2199 et
428 2141 530 2219 posite
551 2159 643 2218 super
664 2139 776 2220 ipsum,
798 2143 832 2198 ut
853 2137 966 2214 omnis,
988 2138 1036 2215 qui

113 2220 175 2282 hoo
195 2223 294 2300 ipsum
318 2221 427 2296 eredit,
462 2242 533 2282 vere
555 2221 639 2282 nulla
668 2228 798 2302 peeeatu
821 2217 952 2298 habeut,
985 2218 1036 2280 sed

115 2303 263 2365 mundata
295 2325 386 2386 super
415 2305 567 2366 Christum
604 2305 751 2386 absorpta
779 2305 811 2363 in
846 2305 932 2383 ipso,
969 2321 1036 2362 eum

116 2383 246 2466 amplius
268 2407 330 2449 non
354 2387 508 2450 damnent.
563 2388 693 2450 Proinde
722 2389 801 2448 siout
834 2386 983 2466 figurato⁴
996 2385 1037 2446 lo·

117 2471 199 2532 ontio
222 2477 270 2530 est
299 2471 417 2532 dulcior
445 2478 476 2530 st
511 2471 682 2546 effioaeior,
717 2489 808 2550 quum
842 2467 977 2550 simplex
1009 2474 1038 2528 et

116 2552 217 2627 rudis,
249 2555 292 2615 ita
322 2560 483 2636 pessulum
513 2574 617 2614 verum
640 2553 729 2616 nobis
753 2551 916 2613 molestum
940 2559 974 2614 st
994 2553 1036 2612 in-

117 2636 276 2698 tolerabile
299 2643 361 2714 est,
390 2638 444 2698 sed
468 2638 648 2698 translatum
676 2643 708 2697 et
728 2635 973 2716 metaphorioum
997 2637 1036 2694 iu

117 2717 335 2780 eundissimum
358 2726 389 2780 et
409 2721 542 2782 solutore
564 2727 621 2782 est.

200 2801 241 2862 Ut
262 2823 335 2880 ergo
349 2803 486 2864 Christus
509 2823 581 2864 vere
598 2803 629 2882 ³)
655 2809 742 2884 petra
764 2802 874 2880 dieitur
895 2800 935 2862 ab
955 2801 1035 2881 Apo·

117 2883 216 2959 stelo,
241 2887 269 2947 1.
292 2885 362 2947 Gor.
388 2889 440 2950 10:
474 2887 564 2948 Petra
597 2893 697 2948 autem
722 2893 789 2946 erat
808 2885 962 2957 Christus,
997 2886 1036 2944 ilo

119 2966 255 3028 Christus
277 2987 349 3028 rere
371 2976 417 3029 est
440 2977 609 3050 peceatum.
652 2969 727 3030 Item
745 2967 884 3032 Christus
907 2974 954 3026 est
978 2987 1034 3028 ser·

117 3069 194 3131 pens
217 3069 341 3128 aeneus,
364 3071 461 3132 agnus
483 3053 653 3133 paschalis,
685 3060 716 3112 et
737 3053 841 3113 omnia
862 3049 977 3112 illude
1000 3069 1035 3110 eo

118 3133 209 3196 diota.
253 3133 322 3194 Non
345 3141 447 3194 tamen
470 3136 541 3198 ideo
566 3135 710 3213 dicimus,
732 3133 815 3215 quod
838 3153 955 3196 aeneus
978 3153 1036 3192 ser·

118 3236 194 3297 pens
217 3219 256 3278 sit
278 3217 338 3278 duo
361 3217 532 3295 voeabula,
562 3238 620 3279 neo
641 3225 738 3299 petra.
780 3219 879 3278 Nemo
903 3236 1033 3297 unquam

119 3298 211 3362 dixit:
235 3303 341 3382 Agnus
356 3301 509 3382 paschalis
533 3320 594 3363 uno
617 3301 710 3363 modo
732 3320 838 3381 penus,
859 3301 920 3362 ulio
944 3298 1033 3360 modo

121 3468 303 3477 --——-—---
311 3472 535 3478 -—-.-.-—.-.......‚..

192 3561 507 3633 1)1ned.orig.:.68.
553 3567 585 3633 2)
606 3537 725 3623 ibidem:
758 3565 857 3621 Deum.
895 3563 923 3631 3)
943 3563 974 3618 ln
993 3561 1029 3623 ed.

120 3627 191 3682 lem:
212 3647 284 3698 vera.
773 3693 777 3700 ¹
