2262 4006
138 177 203 246 ιω
429 181 587 253 manses
606 183 771 241 mussan

142 345 269 412 sonant,
296 355 376 418 qnae
397 338 551 420 locuplete
571 339 712 420 sdducit3
745 341 857 404 deinde
880 361 980 403 tusum
1003 339 1057 402 tiis·

140 421 268 502 putandi
278 441 377 501 genus
388 442 451 482 non
467 423 694 504 scholasticum,
716 425 769 486 sed
781 424 967 487 haereticum
981 445 1058 497 esse,

143 505 230 586 qnod
251 507 490 586 impugnandae,
512 526 574 567 non
596 507 790 587 quaerendae
803 509 939 570 veritatis
963 510 1060 590 grstia

143 591 358 670 sumpissem.
401 589 440 650 Ut
462 589 511 649 hic
543 592 623 650 scias
645 591 804 652 Latomum
838 611 895 652 sue
930 591 1060 672 fingere,

138 673 249 733 iterum
273 671 354 747 dico,
376 672 415 732 ab
436 673 524 734 initio
537 695 585 733 me
600 675 772 755 disputasse
784 695 824 736 ex
842 677 958 751 animo,
979 683 1060 736 ante-

142 775 235 834 quam
269 757 377 816 scirem
401 757 565 837 llagistros
596 766 718 819 nostros
747 758 860 819 idiotas
884 766 915 819 et
948 775 1061 839 porcos

143 857 234 914 esse,
268 847 379 919 postea
411 842 492 899 enim
516 837 568 921 (nt
594 841 716 923 ipsimet
743 839 893 926 fetentur)
918 861 967 901 me
999 861 1059 902 non

142 921 301 1002 disputare
322 923 398 1003 dixi,
420 923 500 984 adeo
522 932 556 982 ut
577 935 607 983 et
628 924 667 984 ad
689 926 791 1004 ignem
815 945 864 986 me
889 925 1062 986 obtulerim.

141 1005 306 1086 Nunquam
328 1007 383 1066 fnit
415 1008 474 1066 iste
500 1007 530 1065 in
554 1026 603 1067 me
629 1008 801 1085 simulatio,
840 1017 874 1068 ut
907 1009 1064 1088 disputare

140 1098 363 1170 praetexerem,
388 1088 471 1169 quod
493 1089 645 1150 affirmare
662 1091 847 1168 statuissem,
869 1101 904 1151 ut
918 1092 1063 1150 mentitur

142 1173 192 1232 hic
219 1165 266 1232 vir
295 1173 452 1234 honestus.
495 1172 556 1232 Sed
577 1173 676 1254 linge,
709 1193 757 1232 me
788 1175 924 1255 maligno
959 1176 1062 1234 animo

142 1255 237 1314 videri
260 1257 394 1316 voluisse
416 1255 638 1336 disputantem,
673 1275 734 1335 qua
756 1260 919 1318 autoritate
942 1275 1005 1317 non
1031 1258 1060 1318 li·

140 1338 276 1398 suisset?
296 1339 408 1401 leonis
428 1337 541 1398 istius?
563 1339 638 1414 Quis
652 1339 735 1400 dedit
751 1339 843 1401 Leoni
866 1342 1062 1402 autoritatem

140 1421 345 1502 prohibendi?
379 1425 427 1482 An
449 1422 568 1482 latomi
590 1421 666 1482 fldss
696 1429 727 1482 et
747 1423 964 1504 sophistarum
987 1425 1066 1484 osci·

142 1505 259 1565 tantia?
297 1503 452 1580 Christus,
470 1523 544 1584 age,
567 1525 721 1586 nunquam
743 1507 905 1587 respondit
925 1505 1063 1582 ludaeis,

142 1589 277 1670 maligne
298 1608 367 1649 eum
385 1587 592 1648 tentantibus?
614 1587 685 1648 Plus
707 1589 1063 1664 valetLeouisverbum,

142 1690 234 1750 quam
258 1671 368 1734 Christi
397 1671 593 1752 exemplum?
626 1672 775 1754 Perpetua
810 1679 857 1734 est
883 1675 946 1734 iste
968 1681 999 1733 et
1020 1673 1062 1732 in-

142 1755 259 1814 domite
271 1753 484 1836 Sophistarum
505 1755 634 1828 insania,
655 1757 770 1816 iactare
788 1757 881 1817 verbs
904 1756 1062 1817 hominum

140 1844 171 1897 et
193 1837 335 1898 occulere
356 1837 450 1898 verbe
473 1838 540 1898 Dei.

222 1919 284 1981 Sed
305 1919 381 1981 illud
402 1920 559 1996 festivius,
594 1921 655 1980 Leo
678 1929 793 1981 tantum
828 1921 888 1982 hoc
910 1921 994 2002 ogit,
1021 1943 1058 1982 ne

81 2015 86 2022 ·
142 2001 309 2064 adversarii
332 2003 498 2082 disputent,
519 2022 581 2064 nou
599 2003 743 2084 prohibet
752 2005 950 2085 respondere.
974 2005 1059 2065 Leto-

144 2105 211 2146 mus
232 2086 293 2146 huc
315 2087 421 2162 trahit,
443 2106 483 2145 ne
506 2088 544 2145 sit
565 2106 643 2166 opus
667 2086 851 2168 respondere
874 2088 1061 2161 edversario,

142 2176 235 2248 atqua
255 2169 317 2230 hoo
343 2176 391 2230 est
419 2168 579 2230 consilium
602 2170 869 2250 prudentissimum
891 2164 1060 2231 Lovenien·

143 2253 186 2310 sis
208 2249 351 2318 Scholee.
373 2271 435 2332 quo
482 2252 664 2312 recederent
684 2259 792 2313 costra
813 2253 989 2314 Luthsrnm.
1033 2253 1061 2314 Si

141 2333 240 2394 Turca
263 2355 320 2396 nos
341 2273 553 2420 agrgredlstur
574 2333 671 2412 bello,
694 2337 776 2416 quod
800 2339 826 2396 ei
848 2355 977 2418 prorsus
1000 2355 1058 2396 non

142 2417 228 2496 licet,
262 2438 321 2479 nec
355 2416 429 2480 velit
468 2417 621 2496 cohiberi,
658 2420 812 2481 mittemus
852 2419 1062 2482 Lovsnienses

140 2501 304 2580 theologos
331 2501 371 2562 sd
393 2521 462 2563 eum
486 2501 621 2582 legatos,
644 2503 694 2580 qui
718 2500 821 2563 dicant
841 2504 884 2566 ei:
907 2501 1062 2564 Nonlicet

141 2583 193 2643 tibi
216 2603 369 2665 pugnare,
391 2584 505 2663 alioqui
528 2591 557 2643 te
580 2583 808 2663 damnabimus,
838 2594 901 2646 turn
924 2587 1060 2646 sinamus

141 2685 210 2726 eum
232 2670 376 2749 grassari,
399 2675 429 2728 ct
446 2667 612 2746 gloriemur
633 2687 689 2728 nos
711 2687 781 2728 esse
804 2670 945 2731 victores.
991 2667 1061 2728 Pro-

140 2749 212 2808 inde
233 2769 295 2810 non
318 2758 365 2811 eat
385 2751 445 2810 iam
462 2750 548 2810 Pauli
564 2749 724 2810 consilium
748 2762 778 2810 et
790 2752 990 2833 praeceptum
1015 2771 1060 2812 ne-

141 2833 323 2908 cessarium,
348 2841 380 2892 ut
402 2834 540 2912 episcopi
562 2833 788 2912 amplectentur
806 2853 912 2894 sanem
934 2835 1058 2915 pietstis

141 2911 384 2994 doctrinam„ut
406 2917 527 2996 possint
556 2914 801 2998 contradicentes
823 2917 1012 3000 redarguere
1034 2927 1061 2978 et

140 3015 176 3059 os
198 3014 303 3057 eorum
327 2999 474 3079 oppilare.
518 2998 578 3059 Sed
599 2997 725 3076 sufficit,
760 3000 828 3059 illos
856 3019 918 3060 non
950 3000 1060 3061 debere

139 3079 305 3161 disputare,
327 3089 358 3142 et
379 3083 476 3141 securi
500 3081 560 3140 sint
580 3080 694 3141 idiotae
717 3091 745 3141 et
768 3081 861 3145 idola.
904 3082 987 3160 Quin
1010 3103 1060 3164 po-

139 3165 203 3224 sitis
226 3162 415 3225 orationibus
439 3174 468 3222 et
496 3165 643 3226 universis
673 3165 764 3224 armis
787 3165 909 3244 spiritus
944 3165 1061 3227 desina-

140 3267 206 3306 mus
229 3246 354 3308 disbolo
368 3265 491 3326 quoque
505 3249 656 3322 resistere,
679 3246 899 3308 denunciantes
922 3251 970 3310 ei:
992 3249 1058 3311 Non

139 3329 210 3389 licet
230 3329 282 3389 tibi
297 3330 459 3389 ecclesiam
473 3331 628 3408 infestare}
648 3330 729 3408 quod
749 3349 858 3390 revera
875 3339 906 3391 st
921 3331 1058 3393 facimus.

140 3409 225 3469 llaec
246 3418 293 3470 est
313 3411 389 3472 tides
412 3412 604 3488 Latomiene,
627 3413 820 3490 qusPatrum
834 3413 917 3474 dicta
940 3422 1055 3477 tractet

226 3492 312 3571 Quae
333 3512 408 3555 vero
432 3502 478 3553 est
499 3497 708 3574 praesumptio
738 3503 768 3555 at
797 3498 977 3578 arrogantia
999 3503 1054 3557 tom

142 3573 271 3632 modesti
295 3577 366 3652 viri,
400 3583 507 3636 utens
530 3571 711 3659 prophetice
740 3586 769 3637 et
792 3579 977 3660 evangelice
999 3587 1054 3640 tsu
1118 3643 1119 3648 ,

141 3651 333 3730 impudenter
355 3655 506 3718 atflrmet?
528 3659 605 3718 Nam
620 3657 846 3722 Leonis'verba
867 3661 906 3724 de
927 3661 1054 3745 prophe-
1118 3651 1119 3700 Ὗ
