2254 4008
302 197 339 254 D.
358 197 391 252 ii.
411 197 491 254 nuth.
510 196 695 252 Praeiudium.
923 196 964 263 37

103 353 164 416 Stat
177 372 254 429 ergo
269 353 397 434 primum
407 359 437 413 et
446 351 653 429 infallibiliter,
666 353 791 414 missam
805 371 858 413 seu
867 371 967 415 saera·

53 445 172 498 mentum
197 436 304 497 altaris
327 455 396 498 esse
418 443 633 497 testamentum
657 436 778 512 Christi,
802 437 883 516 quod
905 457 967 498 mo·

52 523 119 582 risus
140 527 214 600 post
235 539 269 580 se
291 521 428 600 reliquii,
460 519 701 581 distribuendum
733 522 795 580 suis
817 519 967 586 fidelibus.

54 605 94 666 Sia
115 605 194 664 enim
219 603 334 664 babent
356 605 421 664 eius
444 603 551 664 verba:
574 603 724 664 Hiooalix
746 623 860 664 novum
878 611 968 666 testa-

52 693 184 761 mentum,
206 688 237 747 in
262 706 331 747 meo
354 687 511 768 sanguine.
556 686 632 764 stet,
655 688 791 768 inquam,
813 687 872 749 isia
893 689 969 748 veri·

51 777 142 832 insui
171 769 403 832 fundamentum
433 769 606 851 immobile,
636 789 728 851 super
755 772 838 851 quod
865 772 970 832 omnia

51 865 206 932 strnsmus,
242 871 322 933 quae
349 853 480 915 dioenda
505 860 585 917 sunt.
634 853 702 915 Hos
730 856 810 915 anim
839 853 969 934 videbis,

51 947 75 999 ui
94 937 305 998 subveniemus
329 956 436 998 omnes
457 936 615 998 homnium
638 938 827 1017 impietates,
854 938 885 997 in
907 937 969 999 hoo

50 1022 250 1081 dulcissimum
285 1026 511 1096 sacramentum
546 1022 694 1086 inventas.
750 1021 855 1082 Verax
892 1041 967 1102 argo

50 1105 175 1166 Christus
198 1123 271 1164 vere
292 1103 375 1179 dieii,
397 1105 457 1164 hoo
479 1123 546 1164 esse
568 1122 682 1165 novum
706 1109 921 1165 testamentum
935 1105 966 1165 in

49 1189 187 1268 sanguine
210 1205 277 1262 suo,
299 1206 355 1271 pro
367 1185 456 1248 nobis
469 1187 546 1248 fuso.
589 1187 660 1247 Non
684 1187 794 1248 frustrs
820 1187 899 1248 haee
924 1187 968 1248 in·

50 1271 137 1344 culeo,
159 1289 210 1330 res
233 1277 353 1330 estnon
377 1289 483 1350 parva,
505 1275 535 1329 et.
545 1271 613 1330 imis
626 1269 766 1332 sensibus
777 1271 967 1352 reponenda.

120 1353 313 1429 Quaeramus
336 1373 420 1433 ergo,
437 1352 509 1432 quid
532 1354 572 1413 sit
584 1359 811 1430 testamentum,
833 1361 864 1415 ei
878 1354 968 1415 simul

49 1435 228 1512 habebimus,
252 1435 323 1514 quid
347 1438 387 1496 sit
408 1436 516 1513 missa,
539 1438 607 1515 quis
631 1455 719 1515 usus,
753 1438 821 1516 quis
842 1437 969 1508 inustus,

50 1521 107 1598 quis
128 1519 245 1580 abusus
268 1520 342 1578 eius.
385 1519 616 1580 Testamentum
652 1519 769 1600 absque
798 1518 891 1581 dubio
922 1525 969 1580 ast

49 1603 203 1683 promissio
227 1603 374 1679 morituri,
397 1621 455 1682 qua
480 1609 637 1683 nuneupat
656 1602 857 1664 hereditatem
871 1623 968 1680 suam,

49 1693 73 1746 et
98 1686 227 1745 instituit
258 1685 398 1746 heredes.
451 1685 584 1746 invoivit
615 1686 719 1766 itaque
750 1693 967 1748 testamentum

49 1770 137 1849 primo
160 1777 291 1828 mortem
314 1770 486 1848 testatoris,
508 1768 619 1828 deinde
640 1767 817 1830 hereditatis
840 1771 968 1850 promis-

49 1853 173 1924 sionem,
200 1857 231 1911 et
251 1851 373 1912 heredis
401 1852 670 1931 nunoupationem.
714 1851 765 1912 Sia
786 1853 867 1914 enim
889 1851 967 1913 Pau·

49 1935 87 1994 ius
113 1935 251 2002 Romi
281 1941 312 1995 at
339 1935 407 1997 Gal.
437 1936 455 1999 3
486 1941 517 1994 et
546 1935 567 1996 4
601 1942 631 1995 et
656 1933 767 1999 Ebrae.
796 1935 825 2000 9.
858 1935 968 1996 diffuse

49 2023 254 2084 testamentum
267 2023 386 2080 iraotat.
431 2017 521 2093 Quod
544 2024 574 2077 et
596 2019 626 2077 in
649 2017 750 2078 verbis
771 2019 837 2078 istis
856 2019 967 2080 Christi

49 2101 121 2160 alere
160 2099 309 2162 videmus.
363 2101 492 2161 Mortem
531 2121 619 2162 suam
654 2099 792 2162 Christus
830 2107 968 2180 testatur,

50 2183 112 2243 dnm
134 2181 222 2243 dieii:
252 2183 320 2244 Hos
351 2189 398 2244 est
424 2203 536 2264 eorpus
566 2203 682 2258 meum,
716 2184 798 2264 quod
822 2185 968 2263 tradetur,

50 2267 93 2326 bie
113 2265 237 2346 sanguis
259 2285 356 2344 meus,
379 2267 429 2346 qui
452 2265 633 2332 effundetur.
665 2267 872 2328 Hereditatem
895 2287 970 2328 nun·

52 2356 134 2430 nupsi
155 2353 187 2411 ei
208 2347 365 2431 designat,
389 2367 457 2410 oum
481 2348 569 2412 dioit:
600 2349 634 2410 ln
663 2351 875 2412 remissionem
897 2369 970 2430 pee-

52 2441 190 2493 catorum.
234 2432 371 2493 Heredas
401 2433 669 2512 auteminstituit,
699 2453 768 2494 oum
791 2433 879 2494 dieii:
909 2433 968 2495 Pro

52 2515 129 2576 vobis
151 2521 182 2576 st
202 2534 260 2598 pro
282 2514 395 2590 multis,
418 2515 516 2591 idest,
539 2517 590 2595 qui
614 2523 779 2597 aeoeptant
798 2515 968 2579 sioredunt

53 2599 429 2679 promissioni'iestatorim
459 2596 535 2658 fides
558 2599 639 2658 enim
660 2599 711 2659 bio
733 2598 861 2660 heredes
883 2599 967 2679 iasii,

54 2689 79 2742 ut
97 2680 277 2744 videbimus.
754 2697 757 2706 ’

121 2765 216 2826 Vides
246 2781 337 2845 ergo,
370 2763 453 2843 quod
481 2763 575 2824 missa
600 2763 709 2844 (quom
733 2769 898 2836 sonamus)
930 2764 970 2825 sit

53 2848 204 2927 promissio
227 2847 417 2908 remissionis
435 2853 643 2927 pausaturum,
667 2847 762 2908 sDeo
777 2846 866 2908 nobis
878 2847 969 2926 faeta,

53 2931 161 2991 otialis
184 2930 361 3012 promissio,
383 2949 462 3010 quae
483 2935 679 3011 permortom
702 2929 755 2992 iiiii
771 2929 827 2991 Dei
849 2929 970 3020 firmata

52 3014 89 3078 sit,
130 3014 209 3077 Nam
237 3013 403 3094 promissio
433 3019 464 3074 et
491 3019 706 3075 testamentum
736 3032 798 3074 non
828 3013 971 3075 differunt

52 3097 112 3174 aiio,
133 3116 225 3177 quarn
249 3095 331 3177 quod
347 3103 565 3156 testamentum
587 3097 675 3156 simul
697 3096 827 3158 involvit
840 3103 968 3158 mortem

52 3180 250 3259 promissoris,
279 3185 309 3239 et
337 3184 469 3240 testator
496 3178 576 3239 idem
599 3185 661 3253 est,
692 3179 774 3260 quod
806 3181 968 3241 moriturus

51 3264 218 3343 promissor,
242 3263 412 3342 promissor
433 3267 534 3322 autem
558 3263 691 3323 victurus
718 3263 768 3340 (ut
790 3262 965 3340 siediosm)

51 3352 178 3409 testator.
233 3345 301 3405 Hoo
336 3350 550 3406 testamentum
582 3344 692 3406 Christi
729 3344 968 3425 praefiguratum

53 3431 138 3488 estin
161 3427 304 3489 omnibus
327 3425 580 3507 promissionibus
603 3426 670 3503 Dei,
693 3426 731 3488 ab
753 3428 840 3490 initio
854 3429 970 3507 mundi,

52 3512 104 3571 imo
127 3530 233 3572 omnes
244 3511 464 3591 promissiones
487 3511 630 3589 antiquae
643 3511 673 3570 in
695 3512 754 3571 ista
768 3529 850 3571 nova
871 3511 970 3572 futura

54 3594 79 3653 in
90 3593 205 3655 Christo
229 3596 433 3674 promissione
444 3593 614 3667 valuerunt,
637 3591 782 3672 quidquid
800 3593 969 3670 valuerunt,

54 3676 79 3738 in
99 3696 191 3760 eaque
212 3675 434 3766 pependerunt.
462 3675 535 3741 inde
557 3675 756 3740 usitatissima
777 3681 847 3738 sunt
868 3675 921 3737 ilia
937 3677 967 3736 in
