2258 4002
150 159 213 230 138
378 164 523 224 Adversus
536 161 737 224 exutrsbilsm
751 167 857 224 Buten
1065 231 1066 238 χ
1120 161 1121 242 l

151 319 273 382 bullatis
295 322 484 384 morionibus
505 323 670 404 optemus?
698 323 750 385 flio
775 328 947 406 saperset
973 322 1075 382 rasere

151 403 263 466 debent
286 424 392 466 omues
410 409 544 470 veritatis
562 405 741 468 *adversarii
1120 411 1121 468 l

232 489 292 549 Sed
332 491 397 551 saio
436 492 503 570 quis
535 490 623 552 dolor
650 491 799 551 Iunonem
826 491 917 550 istem
948 496 1077 569 premnt,
1120 545 1121 550 ,

149 591 260 652 nempe
281 573 391 634 lisoius
415 593 516 652 meus,
539 589 656 635 memor
677 592 767 653 quam
790 573 912 654 Lipsiae
935 571 1076 652 pudelao

149 664 198 716 tus
220 657 274 726 sit,
302 656 373 716 dum
395 675 444 716 ure
467 657 506 717 ob
529 657 672 717 articulos
695 657 774 717 Huss
798 655 1014 736 spumantibus
1037 655 1077 712 la-

148 738 205 799 biis
227 745 276 800 sat
295 739 497 818 plausibiliter
520 741 639 801 theatro
662 759 718 800 suo
747 741 935 801 baeretioum
960 747 1076 798 ter-oen·

149 823 206 886 lies
230 822 376 883 clamaret
397 823 511 883 furiosa
534 841 627 900 noue,
650 832 680 883 et
700 824 730 882 id
752 825 851 903 ipsunt
874 830 987 902 postea
1012 838 1079 900 pro-
1120 821 1121 904 i

149 907 222 968 bare
250 925 310 968 nou
339 915 459 986 posset,
487 917 556 967 oum
579 907 824 968 Constantiensis
854 905 1033 983 damnatio,
1062 922 1079 960 a
1120 925 1121 964 l

149 1009 198 1050 me
230 989 377 1064 adduota,
417 995 537 1069 master
574 1007 659 1068 spem
692 989 778 1049 Eooii
811 989 925 1048 nullum
960 994 1078 1047 eertum

149 1073 307 1134 articulum
335 1075 488 1151 signasset
515 1073 716 1151 besretioum,
749 1071 804 1133 sed
824 1078 856 1130 et
877 1074 962 1151 ipsu,
1001 1071 1080 1129 simi·

149 1156 186 1217 lis
220 1155 290 1216 huiu
312 1163 452 1231 nostras,
502 1173 575 1235 prae
605 1175 661 1216 sua
688 1173 812 1235 quoque
845 1155 969 1214 inseitia
1003 1152 1079 1213 alios

149 1238 336 1314 haereticos,
380 1239 457 1298 elios
491 1253 654 1314 erroneos,
686 1239 764 1298 alios
795 1237 964 1298 offensivos
983 1235 1080 1296 dixis·
1120 1267 1121 1310 ,

149 1329 204 1381 set.
249 1322 287 1380 Et
309 1321 418 1382 Eubius
445 1321 494 1381 ‘liis
516 1321 627 1380 auditis
649 1323 824 1401 turpissima
851 1321 1028 1380 temeritate
1049 1319 1078 1376 in
1120 1315 1121 1390 l

149 1411 246 1464 semet
267 1405 412 1465 confusus
435 1405 512 1465 laiso
540 1411 572 1464 et
599 1405 786 1464 mendaciter
816 1423 864 1463 ms
888 1403 1078 1462 haeretieuru

150 1508 169 1547 a
190 1505 224 1547 se
245 1487 408 1547 olsmatum
432 1489 570 1562 sentiret,
601 1487 697 1548 voluit
719 1487 836 1547 Romae
864 1486 938 1545 huio
962 1484 1079 1544 vulneri

149 1588 206 1630 suo
230 1570 353 1645 mederi,
375 1578 405 1628 et
427 1569 617 1630 mendesium
642 1571 819 1630 temeritatis
833 1585 911 1629 sose
931 1567 1079 1628 stabilire.

150 1651 210 1713 Sed
234 1671 294 1713 non
316 1652 472 1732 prolioiet,
495 1652 676 1732 prohibente
699 1653 835 1727 Ghristo,
867 1651 1007 1712 mendax
1029 1667 1080 1708 so·

149 1735 256 1816 phista.
312 1735 482 1816 Expostulo
512 1737 592 1795 euim
620 1735 737 1813 adhue,
760 1743 797 1794 ut
825 1734 985 1810 absolute,
1020 1749 1079 1792 nou

148 1819 327 1898 respective,
350 1819 508 1896 distinete,
529 1837 593 1890 uon
617 1819 761 1894 confuse,
784 1825 875 1896 sorte,
898 1835 964 1876 uon
985 1817 1079 1874 eimu-

148 1902 257 1980 lanter,
275 1903 370 1980 olere,
384 1921 445 1961 non
459 1901 598 1977 obscure,
610 1902 814 1981 singulariter,
836 1915 896 1960 uon
910 1901 941 1959 in
956 1913 1081 1979 genere,

150 1984 269 2058 disant,
298 1983 364 2062 quis
393 1988 431 2044 sit
463 1991 493 2044 et
521 1985 589 2062 quis
623 2001 684 2044 uon
712 1987 753 2044 sit
781 1983 965 2045 haereticus.
1022 1980 1080 2041 seu

150 2067 273 2146 quando
307 2066 384 2127 haee
415 2065 547 2127 lanient?
586 2065 717 2143 Quando
750 2065 887 2126 Christus
922 2073 955 2125 et
985 2064 1080 2124 setin
1120 2059 1121 2124 l

151 2150 345 2226 eonvenient,
368 2150 494 2209 nullux
517 2157 548 2208 et
571 2149 717 2210 tenebrae
737 2148 944 2209 sooinbuutur.

234 2231 313 2307 Quid
336 2251 410 2311 ergo
432 2231 542 2292 faniam
566 2249 625 2310 ego
647 2231 789 2292 interim?
821 2231 974 2305 Primum,
998 2231 1081 2290 rueti-

150 2314 360 2375 onlosissimos
382 2320 414 2376 et
435 2315 823 2394 induatissimospapistas,
845 2313 1080 2394 sulubristique
1120 2369 1121 2404 ,

150 2397 310 2476 apostolos
341 2407 535 2458 oontemuam
562 2397 750 2476 illudensque
779 2399 823 2456 eis
854 2414 922 2456 oum
953 2395 1025 2456 Elia
1053 2402 1082 2454 et
1120 2411 1121 2438 ³

151 2479 266 2541 dinam:
297 2480 328 2541 st
350 2479 424 2541 idaei
446 2481 530 2540 Deus
550 2487 614 2556 est,
642 2479 845 2560 respoudeat,
876 2479 955 2540 torte
977 2479 1079 2540 ebrius

150 2570 206 2639 est,
229 2565 331 2623 autin
355 2565 472 2634 itinero,
494 2563 626 2623 olamate
648 2581 725 2623 vose
746 2564 867 2640 maiori,
889 2562 975 2622 Deus
997 2561 1077 2620 enim

150 2654 208 2725 est,
231 2647 309 2706 lorte
330 2646 423 2706 audit.
468 2645 547 2721 Quid
580 2647 660 2706 enim
683 2645 765 2706 aliud
794 2644 898 2706 bullati
927 2645 977 2704 isti
1003 2644 1079 2703 esiui

151 2737 341 2803 mereantur,
369 2729 420 2808 qui
444 2728 589 2788 damnant·
609 2729 655 2806 id,
682 2729 766 2807 quod
796 2730 936 2788 nesoiunt
965 2733 997 2786 et
1026 2739 1078 2785 ue·

88 2836 90 2840 ·
152 2811 230 2871 seire
245 2811 446 2872 salutentur?
469 2811 586 2871 Deinde
599 2826 722 2872 ssortrus
739 2825 802 2888 ero,
826 2825 884 2870 neu
896 2810 1077 2883 haerebunt,

151 2912 210 2954 neo
231 2909 386 2972 erroneus,
408 2911 468 2954 uso
486 2894 690 2954 seandalosus
712 2893 887 2968 habendus,
910 2891 1025 2968 donea,
1053 2892 1076 2949 si

151 2995 213 3036 non
244 2978 435 3056 nonviotu‘rn,
464 2985 566 3038 umen
595 2977 773 3056 simpliciter
801 2983 832 3036 et
860 2975 948 3035 nudis
977 2974 1076 3034 verbis

152 3065 353 3119 monstratum
377 3060 474 3137 luerit,
498 3061 526 3119 in
551 3075 611 3138 quo
626 3060 756 3120 urtioulo
775 3059 847 3118 talis
860 3059 927 3117 sim.
971 3056 1076 3136 Neque

153 3143 233 3202 enim
254 3143 315 3200 iam
342 3157 439 3202 onero
467 3144 621 3222 pupistas,
654 3157 741 3202 meos
774 3137 892 3221 stipites
919 3141 1010 3213 istos,
1045 3146 1076 3197 ut

151 3223 293 3304 probent,
316 3224 369 3284 sed
391 3232 424 3283 ut
445 3231 616 3284 monstrent
636 3224 743 3284 saltem
768 3239 918 3300 errorem,
940 3223 999 3282 hoo
1020 3229 1074 3299 est,

153 3316 186 3367 ut
199 3307 371 3380 ostendent,
394 3325 432 3365 an
445 3308 551 3382 soiaut,
571 3306 646 3385 *quid
670 3306 775 3386 lallent
796 3307 929 3385 ipsimet,
952 3319 1073 3365 suamve

154 3388 282 3447 salivam
303 3388 445 3448 sentiunt.
489 3388 567 3447 Dum
590 3390 669 3448 enim
692 3388 808 3448 nullum
832 3386 1074 3467 designauthue·

154 3469 296 3548 relisum,
327 3471 383 3528 mei
411 3469 524 3528 arbitrii
547 3476 609 3547 est,
639 3471 778 3548 quemvis
807 3469 943 3530 oblatum
965 3479 1074 3548 degere

155 3547 351 3624 haeretiouua,
374 3558 405 3609 et
422 3567 563 3610 *assuere
584 3552 777 3612 ostholiouur.
841 3591 844 3598 ·
1028 3583 1031 3588 ·

239 3627 300 3690 eet
320 3640 352 3689 et
374 3631 453 3692 hano
473 3632 636 3698 ruditatem
659 3635 754 3698 terete
775 3635 896 3698 auditu
926 3634 1074 3698 rudtoteut
