2262 4006
322 177 465 232 Ambrosii
484 177 596 233 Gathar.
615 193 639 232 a.
659 177 737 235 lost.
934 173 996 238 319

70 330 150 392 lium
172 339 335 394 vastantet
355 333 496 412 perdunt,
518 333 742 392 nominetenus
764 337 795 390 ct
807 331 894 391 titulo
907 338 994 389 tenus

68 417 250 476 retinentes.
305 415 389 482 Haec
423 417 527 476 omnia
554 433 656 474 noune
685 414 812 494 impleta
846 413 995 492 videmus,

70 496 148 558 dnm
170 506 216 560 tot
237 500 329 558 sectis
351 517 477 578 operum
507 505 538 557 et
558 498 756 578 religionum,
786 498 929 556 extremis
952 496 996 556 in-

68 581 124 640 riis
149 580 271 644 sibimet
292 581 507 644 dissidentibus
530 591 560 640 et
581 581 797 660 pugnantibus,
820 587 916 638 scatet
937 579 996 639 Ro-

69 681 167 730 mana
191 665 324 732 ecelesia
344 683 399 746 per
426 663 548 734 orbem,
576 666 728 724 exstincta
754 683 809 743 per
830 663 884 723 has
907 663 998 722 unica

69 747 137 828 ille,
160 766 240 826 quse
262 749 433 812 communie
456 756 500 806 eet
523 747 593 806 fidei
615 753 646 807 et
668 748 801 807 caritatis
825 744 893 805 vin?
916 743 996 821 Quid

70 831 157 890 enirn
188 831 332 891 simulant
354 831 400 893 his
422 832 530 906 sectis,
564 830 620 890 nisi
644 848 794 890 summam
830 827 997 908 pietatem?
1050 873 1055 892 .

69 912 188 974 Nonne
214 915 269 973 bas
291 916 360 973 rias
385 914 535 974 iactamus
567 912 606 972 ad
627 912 773 974 coelum?
810 912 919 972 Nonne
949 911 998 970 hic

70 1015 136 1056 non
161 996 260 1077 gloria
282 996 369 1075 fidei,
397 996 451 1056 sed
476 1013 603 1076 operum
633 997 747 1056 meritis
769 997 821 1054 niti
844 995 1001 1072 docemur,

70 1079 155 1142 adeo
179 1087 213 1139 nt
233 1081 325 1140 etism
348 1079 480 1140 vendere
502 1081 610 1138 merita
624 1079 689 1139 aliis
712 1078 935 1158 inceperimus?
959 1079 999 1136 At

70 1181 181 1222 nonne
192 1161 268 1222 fides
278 1169 308 1223 et
324 1161 523 1242 Evangelium
547 1164 723 1242 perditurat
746 1158 904 1223 vastaturi
927 1159 998 1222 Non

70 1264 151 1324 ergo
175 1245 214 1304 de
234 1246 394 1306 haereticis
417 1246 494 1306 baec
516 1245 711 1324 intelligenda
735 1243 860 1322 suntl),
874 1245 936 1303 *ssd
961 1245 998 1302 de

72 1329 243 1408 episcopis,
265 1329 454 1410 pastoribus,
477 1328 698 1407 religiosisque,
720 1328 836 1388 infinita
849 1335 999 1388 sectarum

72 1418 106 1472 et
130 1427 258 1491 operum
282 1414 441 1490 varietate,
463 1429 497 1472 se
517 1413 603 1491 ipsos
619 1429 686 1472 cunr
711 1411 832 1492 populis
854 1411 931 1471 falsa
944 1429 1000 1490 spe

70 1503 103 1554 et
128 1495 233 1574 specie
254 1495 462 1576 perdentibus,
484 1495 554 1554 dnm
578 1495 650 1555 nihil
671 1497 771 1556 minus
794 1511 885 1572 quani
908 1493 999 1552 iidem

72 1579 205 1653 docent,
230 1579 295 1638 suis
319 1579 475 1658 opusculis
497 1579 708 1657 inhaerentes,
731 1579 815 1639 caeci
838 1593 998 1638 caecorum

74 1660 185 1727 duces.

140 1742 220 1818 Quid
236 1751 337 1804 antam
348 1743 429 1823 quod
442 1745 529 1803 dicit:
543 1743 740 1821 Abneguntes
752 1743 927 1817 Dominum,
939 1761 1001 1803 non

72 1827 264 1906 simpliciter,
288 1823 341 1886 sed
366 1827 417 1906 qui
433 1845 488 1886 eos
502 1831 652 1887 mercatus
675 1825 742 1884 est?
766 1827 890 1904 Absque
909 1825 1001 1886 dnbio

74 1909 231 1970 Christum
254 1909 403 1990 praedicit
425 1909 463 1969 ab
493 1909 552 1969 illis
583 1908 756 1988 negandum
789 1910 819 1968 in
842 1929 874 1968 rc
897 1908 1003 1968 iustili-

73 1994 219 2053 cationis.
262 1992 332 2053 Nou
354 1992 436 2072 quod
459 1993 560 2072 pelam
583 2009 652 2051 euru
667 1999 789 2070 negent,
810 1993 925 2071 alioqui
939 2011 1023 2062 non¹

75 2082 185 2136 assent
207 2075 275 2136 lalsi
297 2074 456 2153 doctores,
486 2093 543 2135 nec
566 2077 652 2134 iuxta
673 2076 808 2134 veritatis
831 2076 1000 2135 doctrinam

75 2169 181 2219 sectas
205 2157 383 2238 perditionis
404 2159 649 2234 introducentes,
677 2159 731 2217 sed
760 2161 886 2218 servatis
909 2160 1002 2218 titulis

76 2251 108 2302 et
131 2241 307 2302 nominibus
330 2259 384 2320 per
407 2261 478 2302 suas
501 2249 615 2314 sectas,
647 2259 707 2300 nnn
733 2240 898 2320 perfidem
922 2241 1002 2301 illius

77 2326 157 2386 salvi
180 2323 244 2384 lieri
266 2325 382 2385 volunt.
424 2323 492 2385 Hoc
513 2326 593 2385 euim
606 2322 742 2384 Christus
764 2325 844 2404 tecit,
867 2343 922 2384 suo
945 2344 1003 2384 nos
1108 2319 1115 2331 “

78 2409 232 2489 sangnine
255 2417 423 2488 mercatus,
457 2417 490 2468 ut
521 2427 576 2488 per
601 2407 692 2466 fidem
720 2409 840 2488 inipso
864 2406 1003 2468 iustifice-

79 2512 159 2554 mnr.
204 2491 270 2550 Hoc
292 2499 392 2550 antem
415 2491 488 2550 facit
508 2490 626 2551 infinita
647 2491 843 2571 religionum,
866 2511 1003 2571 operum,

78 2583 234 2636 sectarum
260 2575 404 2646 varietas,
434 2582 466 2634 ut
488 2576 599 2634 nostris
621 2573 727 2633 studiis
751 2574 817 2635 Deo
839 2576 1005 2634 satisfacia-

79 2677 161 2734 mus,
183 2666 214 2717 at
234 2657 430 2736 regnum-Dei
453 2677 631 2718 mereamur.
676 2657 759 2732 Quos
780 2667 880 2718 sectas
898 2675 1005 2718 omnes

79 2760 166 2822 papa
186 2741 249 2801 suis
272 2740 571 2816 confirmationibus,
603 2749 636 2799 ut
657 2749 781 2801 sanctos
804 2741 942 2819 ordines,
976 2751 1006 2801 et

82 2825 233 2885 salutares
256 2823 377 2883 vivendi
399 2825 549 2902 rationes,
578 2825 737 2904 speciosos
759 2831 790 2884 et
811 2827 1005 2885 nocentiores

82 2908 211 2980 facitu,
247 2905 317 2965 dnm
352 2925 407 2986 per
437 2909 536 2986 ipsum
566 2905 678 2966 fiducia
704 2907 822 2967 illarum
854 2911 1004 2970 statuitur.

81 2991 199 3050 Rursus
221 2988 260 3049 ab
282 2989 340 3049 illis
364 2990 481 3050 dilectis
504 2989 571 3050 liliis
598 2993 664 3070 ipse
686 2992 894 3050 sanctissimus
918 2991 1007 3051 Pater

82 3074 112 3132 in
137 3072 298 3154 tyrannide
331 3092 388 3133 sua
413 3073 569 3134 felicisirne
602 3073 777 3152 roboratur,
811 3083 842 3135 et
870 3082 1005 3134 mutuum

83 3156 157 3216 muli
180 3155 318 3218 scabunt.
367 3155 420 3216 Sic
450 3157 521 3217 dnm
555 3157 655 3218 verbis
685 3156 885 3236 confitentur,
915 3159 1005 3218 tactis

159 3465 191 3528 1)
211 3464 242 3520 Iu
264 3465 306 3520 cd.
326 3467 397 3536 orig.
409 3465 509 3520 desunt
525 3468 623 3522 verbu:
641 3469 710 3522 baeu
728 3468 908 3537 intelligenda
928 3475 1007 3535 suut,

84 3541 204 3604 repetita
221 3537 266 3590 hic
285 3545 348 3590 sunt
367 3555 403 3590 ex
422 3537 465 3592 ed.
483 3539 543 3590 Jeu.
580 3540 612 3610 2)
633 3539 664 3592 Iu
684 3539 821 3595 edient
847 3549 1006 3594 ntsanotos
1109 3571 1118 3594 l

84 3609 212 3674 ordines,
230 3613 371 3680 speciosas
393 3615 420 3662 et
438 3610 570 3664 salutares
593 3613 702 3665 vivendi
721 3615 858 3678 rationes,
885 3627 935 3682 per
953 3611 1006 3666 hoc

85 3683 261 3736 nocentiores
279 3683 353 3736 tacit.
