2252 4006
358 203 443 257 Ducis
463 203 604 258 Saxoniae
622 210 673 258 etc.
921 200 984 268 245

54 353 147 418 rastis
161 356 190 434 ¹)
216 364 247 420 et
268 358 413 438 Princeps
435 365 541 420 noster
562 377 617 438 pro
641 378 697 418 sua
724 359 854 438 pietate,
883 341 986 420 officio

55 447 86 500 et
110 441 268 520 candore,
304 441 371 502 Deo
394 439 550 518 adiutore,
589 449 621 501 ut
652 448 714 501 tam
739 442 882 522 Princeps
904 441 983 502 sacri

54 522 190 585 Romani
215 525 334 605 imperii
356 525 481 585 Elector
503 523 796 600 christianissimus,
819 543 910 668 (poam
934 524 986 586 ob·

54 607 165 667 edicas
191 614 409 668 sacrosanctae
444 608 594 668 ecclcsiae
632 607 805 668 catholicae
849 608 906 668 lius
927 607 988 668 hcc

54 690 161 750 iacere
182 691 255 751 velit
278 698 308 751 et
329 692 359 750 in
383 698 549 770 posterum.

140 773 236 834 Porro
259 774 369 835 auditis
393 773 538 834 Brevibus
561 772 728 834 Pontificiis
756 771 922 848 intellexit,
956 775 985 833 in

32 869 154 917 -causa
175 857 295 918 Martini
317 856 439 918 Lutheri
462 875 482 917 a
502 857 666 918 sanctitate
680 855 840 918 Pontificia
861 856 985 917 iunctim

53 946 84 999 et
107 945 161 1015 te,
194 940 381 1022 Hieronymo
403 938 576 1014 Aieender‚
609 945 640 1000 st
669 939 836 1000 Iohannem
861 939 985 1000 Eccium

52 1024 189 1083 nuncios
212 1041 280 1082 esse
303 1022 409 1101 datos3
434 1022 543 1083 deinde
566 1022 692 1082 Eccium
712 1022 802 1096 (dum
825 1022 986 1102 ipsePrin·

53 1124 131 1186 ceps
155 1114 261 1165 noster
295 1124 314 1165 a
345 1106 408 1166 suis
429 1104 651 1184 Principatibus
683 1113 713 1164 et
736 1104 926 1185 Regionibus
954 1106 985 1165 iu

53 1189 261 1248 coronatione
283 1187 474 1250 Seuerissimi
496 1187 609 1263 Caroli,
632 1187 722 1248 electi
742 1187 873 1248 Romani
891 1187 986 1268 Impe-

52 1271 168 1332 ratoris
193 1272 322 1351 Augusti
345 1279 402 1334 eto.
425 1290 463 1332 eo
488 1291 507 1332 a
529 1270 682 1332 Caesarea
696 1271 855 1332 Maiestate
877 1289 985 1332 evoca·

53 1361 102 1413 tus
126 1353 268 1430 abesset)
292 1362 435 1414 conatum
469 1353 517 1413 vel
550 1360 658 1413 contra
680 1353 787 1414 Bullae
808 1353 987 1433 pontificiae

52 1445 271 1517 argumentum
294 1443 326 1498 et
347 1438 436 1512 vires,
459 1435 592 1515 nequid
616 1435 745 1516 amplius
769 1435 879 1512 dicam,
901 1456 986 1516 prae-

53 1528 100 1579 ter
122 1521 227 1599 ipsum
250 1519 410 1590 Lntherum
435 1520 631 1596 nominatim,
653 1536 714 1579 non
738 1519 839 1580 solum
860 1519 891 1580 in
913 1520 987 1580 invi·

54 1602 151 1680 diam,
175 1600 229 1662 sed
252 1605 342 1662 etiam
360 1602 519 1663 discrimen
544 1601 709 1662 nonnullos
724 1601 802 1662 alios
823 1600 986 1664 adducere.

54 1684 150 1760 Quod
175 1704 244 1745 cum
277 1685 348 1746 huic
386 1686 498 1745 actioni
533 1703 639 1764 parurn
674 1687 712 1744 sit
736 1691 987 1760 consentaneum,

55 1767 150 1832 facila
174 1774 235 1828 tam
259 1770 377 1846 utrique
405 1776 537 1827 vestrum
571 1786 661 1847 quam
697 1767 820 1847 reliquis
852 1767 986 1828 iu'dicatu

53 1851 166 1926 merit,
189 1850 249 1910 hoc
272 1853 375 1912 animo
396 1870 487 1929 quam
511 1857 599 1930 grato
623 1850 720 1930 accipi
744 1848 855 1912 debeat
876 1849 987 1910 aPrin·

55 1934 128 2014 cipe
150 1932 224 1993 nihii
247 1933 307 1994 tale
331 1934 529 1996 commanenti
540 1933 584 2010 ²).
628 1932 706 1994 Nam
729 1933 857 2013 principi
880 1941 986 2018 nostro

53 2015 264 2076 illustrissimo
286 2025 317 2075 et
337 2017 419 2077 fratri
442 2017 507 2076 eius
526 2035 684 2096 germano,
706 2016 899 2077 sanctitatem
913 2034 986 2096 pon·

54 2097 184 2159 tiiiciam
208 2099 351 2179 exemplo
384 2100 533 2160 maiorum
575 2097 715 2158 officiose
741 2117 863 2179 semper
890 2104 921 2159 et
943 2117 996 2159 res

54 2181 170 2261 ligiose
197 2182 353 2260 reverita,
392 2181 464 2260 quid
487 2200 548 2242 non
572 2182 670 2262 magis
706 2181 891 2260 sperandum
913 2187 987 2259 erat,

55 2283 150 2342 quam
176 2271 208 2324 ut
229 2263 400 2325 istiusmodi
423 2264 631 2343 postulatione
652 2263 807 2325 adirentur
818 2262 862 2342 ³).
934 2293 935 2298 ¹
1049 2291 1051 2295 ·

140 2347 191 2408 Ad
213 2346 291 2408 haec
312 2346 475 2408 obscurum
498 2352 545 2407 est
565 2345 697 2425 Principi
720 2353 838 2426 nostro,
860 2344 932 2426 quid
954 2365 987 2407 se

56 2428 189 2490 absente
210 2450 229 2489 a
250 2427 428 2507 Martino⁴)
453 2435 484 2490 et
520 2448 642 2490 suarum
664 2429 836 2509 Regionum
869 2428 984 2489 civibus

56 2519 84 2572 et
108 2510 310 2592 popularibus
332 2511 371 2573 ad
392 2511 565 2573 istiusmodi
586 2510 801 2573 incommodos
823 2518 853 2572 et
874 2530 985 2591 graves

57 2601 190 2655 conatus
218 2601 320 2655 actum
345 2595 393 2658 sit.
437 2595 515 2656 Fieri
549 2596 629 2655 enim
663 2596 779 2675 potuit,
815 2602 847 2653 ut
877 2595 985 2673 ingens

56 2679 100 2736 vis
124 2676 231 2757 populi
254 2676 414 2738 doctorum
446 2684 475 2737 et
497 2676 633 2754 rudium,
673 2695 828 2738 sacrorum
864 2680 894 2738 et
916 2695 987 2756 pro·

57 2760 199 2820 fanorum
222 2778 291 2820 sese
314 2760 529 2820 coniunxerint
551 2766 580 2820 et
601 2759 795 2821 adhaeserint
817 2777 930 2820 causas
955 2766 985 2820 at

57 2841 271 2922 Appellationi
292 2841 492 2906 lutheranae.
535 2841 643 2924 Neque
664 2841 796 2922 Principi
827 2843 983 2922 quippiam

58 2943 126 2985 cnm
152 2943 248 2984 cause
269 2923 389 2986 Lutheri
423 2943 556 3004 unquam
588 2925 643 2986 fuit
671 2944 850 3001 commune,
883 2932 915 2986 ut
947 2944 986 2986 ne

59 3213 106 3264 fuit
137 3213 190 3276 ita;
226 3226 323 3266 eorum
353 3212 415 3266 loco
445 3213 514 3268 haec
544 3210 687 3280 inscriptio
712 3213 849 3280 Responsi
882 3213 920 3264 ibi
948 3214 988 3264 in·

60 3285 180 3340 venitur:
210 3281 383 3351 Responsum
410 3283 540 3338 Friderici
567 3283 653 3338 Ducis
683 3285 824 3338 Saxonise
842 3283 986 3345 mentoris,

60 3354 151 3406 datum
172 3353 278 3406 Marino
299 3353 460 3409 Caracciclo
479 3363 507 3409 et
525 3355 695 3422 Hieronymo
706 3353 859 3421 nicandro,
878 3355 987 3422 Legatis

60 3426 137 3479 Rom.
158 3425 306 3478 Pontificio.

130 3495 160 3563 t)
182 3495 212 3548 Iu
233 3495 274 3549 ed.
295 3498 397 3564 princ:
426 3496 572 3550 reddentes
600 3503 859 3550 commemorantes.
897 3495 929 3562 2)
950 3495 980 3548 Iu

62 3567 198 3622 adden:
229 3574 424 3620 commerente.
461 3569 492 3630 3>
516 3569 545 3620 ln
574 3568 615 3621 ed.
645 3570 730 3636 princ.
759 3567 858 3620 desunt
890 3569 985 3619 verba:

62 3655 139 3706 quam
160 3645 191 3691 ut
209 3639 363 3692 istiusmodi
385 3639 570 3707 postulatione
590 3638 746 3706 adirentur3
765 3653 815 3690 uos
835 3653 869 3690 ea
887 3639 983 3704 repeti·

63 3714 148 3763 umus
169 3727 205 3766 ex
224 3709 266 3764 ed.
286 3709 349 3765 den.
387 3710 418 3771 4)
439 3710 470 3764 Iu
490 3711 532 3764 ed.
550 3709 627 3766 dem:
647 3709 765 3764 Marttno
784 3708 913 3762 bothero.
