<?xml version="1.0" encoding="UTF-8"?>
<!DOCTYPE html PUBLIC "-//W3C//DTD XHTML 1.0 Transitional//EN"
    "http://www.w3.org/TR/xhtml1/DTD/xhtml1-transitional.dtd">
<html xmlns="http://www.w3.org/1999/xhtml" xml:lang="en" lang="en">
 <head>
  <title>
</title>
<meta http-equiv="Content-Type" content="text/html;charset=utf-8" />
  <meta name='ocr-system' content='tesseract 3.04.00' />
  <meta name='ocr-capabilities' content='ocr_page ocr_carea ocr_par ocr_line ocrx_word'/>
</head>
<body>
  <div class='ocr_page' id='page_1' title='image "./operalatinavari03schmgoog_0288.png"; bbox 0 0 2252 4006; ppageno 0'>
   <div class='ocr_carea' id='block_1_1' title="bbox 336 147 984 256">
    <p class='ocr_par' dir='ltr' id='par_1_1' title="bbox 336 147 984 256">
     <span class='ocr_line' id='line_1_1' title="bbox 336 147 984 256; baseline -0.006 -14"><span class='ocrx_word' id='word_1_1' title='bbox 336 187 390 242; x_wconf 81' lang='lat' dir='ltr'><strong>fida</strong></span> <span class='ocrx_word' id='word_1_2' title='bbox 406 147 499 242; x_wconf 71' lang='lat' dir='ltr'><strong>intusa</strong></span> <span class='ocrx_word' id='word_1_3' title='bbox 517 191 545 241; x_wconf 88' lang='lat' dir='ltr'><strong>ct</strong></span> <span class='ocrx_word' id='word_1_4' title='bbox 563 187 704 256; x_wconf 80' lang='lat' dir='ltr'><strong>acquisita</strong></span> <span class='ocrx_word' id='word_1_5' title='bbox 921 183 984 252; x_wconf 79' lang='lat'><strong>277</strong></span> 
     </span>
    </p>
   </div>
   <div class='ocr_carea' id='block_1_2' title="bbox 54 339 1051 1148">
    <p class='ocr_par' dir='ltr' id='par_1_2' title="bbox 54 339 1051 1148">
     <span class='ocr_line' id='line_1_2' title="bbox 58 339 983 421; baseline 0 -21"><span class='ocrx_word' id='word_1_6' title='bbox 58 349 105 402; x_wconf 87' lang='lat' dir='ltr'><strong>tar</strong></span> <span class='ocrx_word' id='word_1_7' title='bbox 127 342 185 402; x_wconf 84' lang='lat' dir='ltr'><strong>sio:</strong></span> <span class='ocrx_word' id='word_1_8' title='bbox 222 340 300 418; x_wconf 81' lang='lat' dir='ltr'><strong>Quia</strong></span> <span class='ocrx_word' id='word_1_9' title='bbox 329 341 406 402; x_wconf 84' lang='lat' dir='ltr'><strong>velis</strong></span> <span class='ocrx_word' id='word_1_10' title='bbox 435 339 577 402; x_wconf 87' lang='lat' dir='ltr'><strong>occidere</strong></span> <span class='ocrx_word' id='word_1_11' title='bbox 604 348 652 400; x_wconf 85' lang='lat' dir='ltr'><strong>cst</strong></span> <span class='ocrx_word' id='word_1_12' title='bbox 680 341 778 400; x_wconf 89' lang='lat' dir='ltr'><strong>minus</strong></span> <span class='ocrx_word' id='word_1_13' title='bbox 812 347 983 421; x_wconf 84' lang='lat' dir='ltr'><strong>peccatum,</strong></span> 
     </span>
     <span class='ocr_line' id='line_1_3' title="bbox 60 424 1003 504; baseline 0.002 -20"><span class='ocrx_word' id='word_1_14' title='bbox 60 444 153 504; x_wconf 89' lang='lat' dir='ltr'><strong>quam</strong></span> <span class='ocrx_word' id='word_1_15' title='bbox 179 443 239 484; x_wconf 91' lang='lat' dir='ltr'><strong>non</strong></span> <span class='ocrx_word' id='word_1_16' title='bbox 264 425 402 501; x_wconf 76' lang='lat' dir='ltr'><strong>credere,</strong></span> <span class='ocrx_word' id='word_1_17' title='bbox 432 443 500 484; x_wconf 93' lang='lat' dir='ltr'><strong>cum</strong></span> <span class='ocrx_word' id='word_1_18' title='bbox 523 425 639 484; x_wconf 90' lang='lat' dir='ltr'><strong>occisio</strong></span> <span class='ocrx_word' id='word_1_19' title='bbox 661 425 699 482; x_wconf 94' lang='lat' dir='ltr'><strong>sit</strong></span> <span class='ocrx_word' id='word_1_20' title='bbox 722 431 829 484; x_wconf 87' lang='lat' dir='ltr'><strong>contra</strong></span> <span class='ocrx_word' id='word_1_21' title='bbox 846 424 1003 502; x_wconf 66' lang='lat' dir='ltr'><strong>quintum*</strong></span> 
     </span>
     <span class='ocr_line' id='line_1_4' title="bbox 57 507 985 587; baseline 0.001 -21"><span class='ocrx_word' id='word_1_22' title='bbox 57 515 268 587; x_wconf 85' lang='lat' dir='ltr'><strong>pracceptum,</strong></span> <span class='ocrx_word' id='word_1_23' title='bbox 292 507 346 568; x_wconf 77' lang='lat' dir='ltr'><strong>ard</strong></span> <span class='ocrx_word' id='word_1_24' title='bbox 357 507 552 567; x_wconf 89' lang='lat' dir='ltr'><strong>incredulitas</strong></span> <span class='ocrx_word' id='word_1_25' title='bbox 575 507 823 586; x_wconf 82' lang='lat' dir='ltr'><strong>contrcprimurn</strong></span> <span class='ocrx_word' id='word_1_26' title='bbox 847 508 985 568; x_wconf 88' lang='lat' dir='ltr'><strong>etmaxi·</strong></span> 
     </span>
     <span class='ocr_line' id='line_1_5' title="bbox 58 589 984 668; baseline 0 -19"><span class='ocrx_word' id='word_1_27' title='bbox 58 611 158 667; x_wconf 81' lang='lat' dir='ltr'><strong>mum3</strong></span> <span class='ocrx_word' id='word_1_28' title='bbox 182 589 247 665; x_wconf 87' lang='lat' dir='ltr'><strong>sed,</strong></span> <span class='ocrx_word' id='word_1_29' title='bbox 269 591 348 650; x_wconf 88' lang='lat' dir='ltr'><strong>sicut</strong></span> <span class='ocrx_word' id='word_1_30' title='bbox 370 590 481 650; x_wconf 90' lang='lat' dir='ltr'><strong>dictum</strong></span> <span class='ocrx_word' id='word_1_31' title='bbox 505 599 561 666; x_wconf 80' lang='lat' dir='ltr'><strong>est,</strong></span> <span class='ocrx_word' id='word_1_32' title='bbox 583 591 613 648; x_wconf 91' lang='lat' dir='ltr'><strong>in</strong></span> <span class='ocrx_word' id='word_1_33' title='bbox 636 595 829 649; x_wconf 88' lang='lat' dir='ltr'><strong>sacramento</strong></span> <span class='ocrx_word' id='word_1_34' title='bbox 851 589 984 668; x_wconf 90' lang='lat' dir='ltr'><strong>loquitur</strong></span> 
     </span>
     <span class='ocr_line' id='line_1_6' title="bbox 55 673 981 753; baseline 0.001 -21"><span class='ocrx_word' id='word_1_35' title='bbox 55 682 85 732; x_wconf 87' lang='lat' dir='ltr'><strong>et</strong></span> <span class='ocrx_word' id='word_1_36' title='bbox 119 680 266 753; x_wconf 87' lang='lat' dir='ltr'><strong>operatur</strong></span> <span class='ocrx_word' id='word_1_37' title='bbox 295 673 377 733; x_wconf 83' lang='lat' dir='ltr'><strong>Deus</strong></span> <span class='ocrx_word' id='word_1_38' title='bbox 412 673 450 734; x_wconf 86' lang='lat' dir='ltr'><strong>ad</strong></span> <span class='ocrx_word' id='word_1_39' title='bbox 483 673 653 750; x_wconf 84' lang='lat' dir='ltr'><strong>hominem,</strong></span> <span class='ocrx_word' id='word_1_40' title='bbox 687 673 758 750; x_wconf 87' lang='lat' dir='ltr'><strong>quia</strong></span> <span class='ocrx_word' id='word_1_41' title='bbox 787 673 837 750; x_wconf 88' lang='lat' dir='ltr'><strong>qui</strong></span> <span class='ocrx_word' id='word_1_42' title='bbox 870 673 897 732; x_wconf 93' lang='lat' dir='ltr'><strong>ei</strong></span> <span class='ocrx_word' id='word_1_43' title='bbox 920 692 981 734; x_wconf 91' lang='lat' dir='ltr'><strong>non</strong></span> 
     </span>
     <span class='ocr_line' id='line_1_7' title="bbox 55 755 1051 834; baseline 0.002 -20"><span class='ocrx_word' id='word_1_44' title='bbox 55 755 172 834; x_wconf 85' lang='lat' dir='ltr'><strong>credit,</strong></span> <span class='ocrx_word' id='word_1_45' title='bbox 202 756 335 816; x_wconf 78' lang='lat' dir='ltr'><strong>maxime</strong></span> <span class='ocrx_word' id='word_1_46' title='bbox 366 756 477 816; x_wconf 80' lang='lat' dir='ltr'><strong>resistit</strong></span> <span class='ocrx_word' id='word_1_47' title='bbox 499 761 529 814; x_wconf 88' lang='lat' dir='ltr'><strong>st</strong></span> <span class='ocrx_word' id='word_1_48' title='bbox 550 755 669 815; x_wconf 87' lang='lat' dir='ltr'><strong>obicem</strong></span> <span class='ocrx_word' id='word_1_49' title='bbox 696 756 784 832; x_wconf 91' lang='lat' dir='ltr'><strong>ponit</strong></span> <span class='ocrx_word' id='word_1_50' title='bbox 806 755 981 818; x_wconf 88' lang='lat' dir='ltr'><strong>maximum.</strong></span> <span class='ocrx_word' id='word_1_51' title='bbox 1048 777 1051 784; x_wconf 89' lang='lat'>·</span> 
     </span>
     <span class='ocr_line' id='line_1_8' title="bbox 56 837 982 917; baseline 0 -19"><span class='ocrx_word' id='word_1_52' title='bbox 56 839 96 898; x_wconf 89' lang='lat' dir='ltr'><strong>At</strong></span> <span class='ocrx_word' id='word_1_53' title='bbox 121 839 176 917; x_wconf 92' lang='lat' dir='ltr'><strong>qui</strong></span> <span class='ocrx_word' id='word_1_54' title='bbox 205 839 335 898; x_wconf 85' lang='lat' dir='ltr'><strong>infusam</strong></span> <span class='ocrx_word' id='word_1_55' title='bbox 356 837 448 898; x_wconf 88' lang='lat' dir='ltr'><strong>fldem</strong></span> <span class='ocrx_word' id='word_1_56' title='bbox 478 857 538 898; x_wconf 91' lang='lat' dir='ltr'><strong>non</strong></span> <span class='ocrx_word' id='word_1_57' title='bbox 563 837 669 916; x_wconf 86' lang='lat' dir='ltr'><strong>habet,</strong></span> <span class='ocrx_word' id='word_1_58' title='bbox 700 856 761 896; x_wconf 92' lang='lat' dir='ltr'><strong>non</strong></span> <span class='ocrx_word' id='word_1_59' title='bbox 785 837 880 897; x_wconf 90' lang='lat' dir='ltr'><strong>credit</strong></span> <span class='ocrx_word' id='word_1_60' title='bbox 902 837 982 915; x_wconf 79' lang='lat' dir='ltr'><strong>Deo,</strong></span> 
     </span>
     <span class='ocr_line' id='line_1_9' title="bbox 55 920 983 1002; baseline 0.004 -24"><span class='ocrx_word' id='word_1_61' title='bbox 55 939 133 1002; x_wconf 85' lang='lat' dir='ltr'><strong>ergo</strong></span> <span class='ocrx_word' id='word_1_62' title='bbox 158 923 293 980; x_wconf 82' lang='lat' dir='ltr'><strong>maxime</strong></span> <span class='ocrx_word' id='word_1_63' title='bbox 315 930 423 1002; x_wconf 86' lang='lat' dir='ltr'><strong>peccat</strong></span> <span class='ocrx_word' id='word_1_64' title='bbox 451 927 481 980; x_wconf 91' lang='lat' dir='ltr'><strong>et</strong></span> <span class='ocrx_word' id='word_1_65' title='bbox 505 938 565 980; x_wconf 91' lang='lat' dir='ltr'><strong>non</strong></span> <span class='ocrx_word' id='word_1_66' title='bbox 596 921 693 980; x_wconf 90' lang='lat' dir='ltr'><strong>solum</strong></span> <span class='ocrx_word' id='word_1_67' title='bbox 716 921 745 978; x_wconf 91' lang='lat' dir='ltr'><strong>in</strong></span> <span class='ocrx_word' id='word_1_68' title='bbox 770 920 850 981; x_wconf 87' lang='lat' dir='ltr'><strong>malo</strong></span> <span class='ocrx_word' id='word_1_69' title='bbox 873 939 983 1002; x_wconf 89' lang='lat' dir='ltr'><strong>propo·</strong></span> 
     </span>
     <span class='ocr_line' id='line_1_10' title="bbox 55 1002 983 1096; baseline 0.002 -34"><span class='ocrx_word' id='word_1_70' title='bbox 55 1006 115 1064; x_wconf 87' lang='lat' dir='ltr'><strong>sito</strong></span> <span class='ocrx_word' id='word_1_71' title='bbox 140 1011 204 1078; x_wconf 73' lang='lat' dir='ltr'><strong>est,</strong></span> <span class='ocrx_word' id='word_1_72' title='bbox 227 1003 280 1063; x_wconf 88' lang='lat' dir='ltr'><strong>sed</strong></span> <span class='ocrx_word' id='word_1_73' title='bbox 304 1005 385 1064; x_wconf 88' lang='lat' dir='ltr'><strong>etin</strong></span> <span class='ocrx_word' id='word_1_74' title='bbox 409 1011 479 1064; x_wconf 85' lang='lat' dir='ltr'><strong>actu</strong></span> <span class='ocrx_word' id='word_1_75' title='bbox 506 1005 573 1084; x_wconf 89' lang='lat' dir='ltr'><strong>ipsc</strong></span> <span class='ocrx_word' id='word_1_76' title='bbox 601 1004 736 1083; x_wconf 87' lang='lat' dir='ltr'><strong>pessimo</strong></span> <span class='ocrx_word' id='word_1_77' title='bbox 756 1002 983 1096; x_wconf 62' lang='lat' dir='ltr'><strong>incredulitatis</strong></span> 
     </span>
     <span class='ocr_line' id='line_1_11' title="bbox 54 1095 278 1148; baseline 0.022 -5"><span class='ocrx_word' id='word_1_78' title='bbox 54 1095 199 1147; x_wconf 68' lang='lat' dir='ltr'><strong>uersatur</strong></span> <span class='ocrx_word' id='word_1_79' title='bbox 221 1095 278 1148; x_wconf 89' lang='lat' dir='ltr'><strong>etc.</strong></span> 
     </span>
    </p>
   </div>
   <div class='ocr_carea' id='block_1_3' title="bbox 341 1234 683 1298">
    <p class='ocr_par' dir='ltr' id='par_1_3' title="bbox 341 1234 683 1298">
     <span class='ocr_line' id='line_1_12' title="bbox 341 1234 683 1298; baseline -0.003 0"><span class='ocrx_word' id='word_1_80' title='bbox 341 1269 350 1282; x_wconf 85' lang='lat'><em>·</em></span> <span class='ocrx_word' id='word_1_81' title='bbox 366 1237 485 1298; x_wconf 86' lang='lat' dir='ltr'><strong>Octava</strong></span> <span class='ocrx_word' id='word_1_82' title='bbox 507 1234 683 1297; x_wconf 77' lang='lat' dir='ltr'><strong>Conclusio.</strong></span> 
     </span>
    </p>
   </div>
   <div class='ocr_carea' id='block_1_4' title="bbox 52 1368 982 2174">
    <p class='ocr_par' dir='ltr' id='par_1_4' title="bbox 52 1368 982 2174">
     <span class='ocr_line' id='line_1_13' title="bbox 141 1368 982 1448; baseline -0.002 -19"><span class='ocrx_word' id='word_1_83' title='bbox 141 1369 265 1430; x_wconf 84' lang='lat' dir='ltr'><strong>Homo</strong></span> <span class='ocrx_word' id='word_1_84' title='bbox 305 1377 414 1431; x_wconf 86' lang='lat' dir='ltr'><strong>extra</strong></span> <span class='ocrx_word' id='word_1_85' title='bbox 457 1369 571 1429; x_wconf 83' lang='lat' dir='ltr'><strong>fidem</strong></span> <span class='ocrx_word' id='word_1_86' title='bbox 616 1368 782 1428; x_wconf 81' lang='lat' dir='ltr'><strong>infusam</strong></span> <span class='ocrx_word' id='word_1_87' title='bbox 826 1370 982 1448; x_wconf 86' lang='lat' dir='ltr'><strong>positus</strong></span> 
     </span>
     <span class='ocr_line' id='line_1_14' title="bbox 54 1450 982 1532; baseline 0.001 -21"><span class='ocrx_word' id='word_1_88' title='bbox 54 1455 293 1514; x_wconf 82' lang='lat' dir='ltr'><strong>necessario</strong></span> <span class='ocrx_word' id='word_1_89' title='bbox 328 1463 362 1513; x_wconf 87' lang='lat' dir='ltr'><strong>et</strong></span> <span class='ocrx_word' id='word_1_90' title='bbox 391 1451 688 1532; x_wconf 84' lang='lat' dir='ltr'><strong>semper·habct</strong></span> <span class='ocrx_word' id='word_1_91' title='bbox 715 1450 866 1512; x_wconf 88' lang='lat' dir='ltr'><strong>obicem</strong></span> <span class='ocrx_word' id='word_1_92' title='bbox 897 1471 982 1531; x_wconf 83' lang='lat' dir='ltr'><strong>gra·</strong></span> 
     </span>
     <span class='ocr_line' id='line_1_15' title="bbox 54 1533 982 1616; baseline 0.001 -23"><span class='ocrx_word' id='word_1_93' title='bbox 54 1537 150 1598; x_wconf 86' lang='lat' dir='ltr'><strong>tiae.</strong></span> <span class='ocrx_word' id='word_1_94' title='bbox 195 1535 283 1596; x_wconf 84' lang='lat' dir='ltr'><strong>Patet</strong></span> <span class='ocrx_word' id='word_1_95' title='bbox 309 1557 347 1596; x_wconf 91' lang='lat' dir='ltr'><strong>ex</strong></span> <span class='ocrx_word' id='word_1_96' title='bbox 371 1535 548 1616; x_wconf 82' lang='lat' dir='ltr'><strong>praedictis:</strong></span> <span class='ocrx_word' id='word_1_97' title='bbox 573 1533 652 1610; x_wconf 79' lang='lat' dir='ltr'><strong>Quia</strong></span> <span class='ocrx_word' id='word_1_98' title='bbox 680 1552 742 1594; x_wconf 94' lang='lat' dir='ltr'><strong>non</strong></span> <span class='ocrx_word' id='word_1_99' title='bbox 770 1533 894 1594; x_wconf 79' lang='lat' dir='ltr'><strong>credere</strong></span> <span class='ocrx_word' id='word_1_100' title='bbox 916 1534 982 1594; x_wconf 87' lang='lat' dir='ltr'><strong>Deo</strong></span> 
     </span>
     <span class='ocr_line' id='line_1_16' title="bbox 54 1617 982 1698; baseline 0.002 -22"><span class='ocrx_word' id='word_1_101' title='bbox 54 1625 103 1676; x_wconf 87' lang='lat' dir='ltr'><strong>cst</strong></span> <span class='ocrx_word' id='word_1_102' title='bbox 127 1619 297 1678; x_wconf 85' lang='lat' dir='ltr'><strong>maximum</strong></span> <span class='ocrx_word' id='word_1_103' title='bbox 320 1625 497 1698; x_wconf 84' lang='lat' dir='ltr'><strong>peccatum,</strong></span> <span class='ocrx_word' id='word_1_104' title='bbox 533 1619 561 1676; x_wconf 90' lang='lat' dir='ltr'><strong>in</strong></span> <span class='ocrx_word' id='word_1_105' title='bbox 597 1624 733 1695; x_wconf 82' lang='lat' dir='ltr'><strong>quaest</strong></span> <span class='ocrx_word' id='word_1_106' title='bbox 762 1617 861 1676; x_wconf 88' lang='lat' dir='ltr'><strong>omnis</strong></span> <span class='ocrx_word' id='word_1_107' title='bbox 889 1617 982 1696; x_wconf 84' lang='lat' dir='ltr'><strong>homo</strong></span> 
     </span>
     <span class='ocr_line' id='line_1_17' title="bbox 56 1697 982 1780; baseline 0.001 -22"><span class='ocrx_word' id='word_1_108' title='bbox 56 1700 123 1758; x_wconf 86' lang='lat' dir='ltr'><strong>sine</strong></span> <span class='ocrx_word' id='word_1_109' title='bbox 155 1697 215 1759; x_wconf 88' lang='lat' dir='ltr'><strong>fide</strong></span> <span class='ocrx_word' id='word_1_110' title='bbox 248 1703 366 1780; x_wconf 84' lang='lat' dir='ltr'><strong>gratiae</strong></span> <span class='ocrx_word' id='word_1_111' title='bbox 395 1702 480 1780; x_wconf 79' lang='lat' dir='ltr'><strong>quasi</strong></span> <span class='ocrx_word' id='word_1_112' title='bbox 511 1700 652 1774; x_wconf 68' lang='lat' dir='ltr'><strong>mendax.</strong></span> <span class='ocrx_word' id='word_1_113' title='bbox 707 1697 796 1760; x_wconf 89' lang='lat' dir='ltr'>Unde</span> <span class='ocrx_word' id='word_1_114' title='bbox 819 1699 930 1766; x_wconf 77' lang='lat' dir='ltr'><strong>Esaiae</strong></span> <span class='ocrx_word' id='word_1_115' title='bbox 953 1703 982 1771; x_wconf 83' lang='grc'><strong>7,</strong></span> 
     </span>
     <span class='ocr_line' id='line_1_18' title="bbox 53 1780 982 1862; baseline 0.003 -22"><span class='ocrx_word' id='word_1_116' title='bbox 53 1801 123 1842; x_wconf 88' lang='lat' dir='ltr'><strong>cum</strong></span> <span class='ocrx_word' id='word_1_117' title='bbox 149 1802 203 1842; x_wconf 88' lang='lat' dir='ltr'><strong>rex</strong></span> <span class='ocrx_word' id='word_1_118' title='bbox 225 1784 329 1844; x_wconf 84' lang='lat' dir='ltr'><strong>Achus</strong></span> <span class='ocrx_word' id='word_1_119' title='bbox 353 1783 447 1844; x_wconf 84' lang='lat' dir='ltr'><strong>notuit</strong></span> <span class='ocrx_word' id='word_1_120' title='bbox 470 1785 590 1860; x_wconf 83' lang='lat' dir='ltr'><strong>signum</strong></span> <span class='ocrx_word' id='word_1_121' title='bbox 614 1789 733 1862; x_wconf 77' lang='lat' dir='ltr'><strong>petere,</strong></span> <span class='ocrx_word' id='word_1_122' title='bbox 762 1780 838 1842; x_wconf 84' lang='lat' dir='ltr'><strong>dixit</strong></span> <span class='ocrx_word' id='word_1_123' title='bbox 859 1782 982 1843; x_wconf 77' lang='lat' dir='ltr'><strong>Esaias:</strong></span> 
     </span>
     <span class='ocr_line' id='line_1_19' title="bbox 52 1863 982 1946; baseline -0.001 -23"><span class='ocrx_word' id='word_1_124' title='bbox 52 1863 169 1924; x_wconf 78' lang='lat' dir='ltr'><strong>Audito</strong></span> <span class='ocrx_word' id='word_1_125' title='bbox 192 1885 266 1946; x_wconf 86' lang='lat' dir='ltr'><strong>ergo</strong></span> <span class='ocrx_word' id='word_1_126' title='bbox 289 1866 398 1927; x_wconf 88' lang='lat' dir='ltr'><strong>domus</strong></span> <span class='ocrx_word' id='word_1_127' title='bbox 415 1867 526 1944; x_wconf 86' lang='lat' dir='ltr'><strong>David,</strong></span> <span class='ocrx_word' id='word_1_128' title='bbox 550 1864 685 1943; x_wconf 88' lang='lat' dir='ltr'><strong>nunquid</strong></span> <span class='ocrx_word' id='word_1_129' title='bbox 707 1884 813 1946; x_wconf 83' lang='lat' dir='ltr'><strong>parum</strong></span> <span class='ocrx_word' id='word_1_130' title='bbox 837 1864 982 1924; x_wconf 87' lang='lat' dir='ltr'><strong>estvobis</strong></span> 
     </span>
     <span class='ocr_line' id='line_1_20' title="bbox 53 1947 981 2026; baseline -0.002 -18"><span class='ocrx_word' id='word_1_131' title='bbox 53 1967 123 2008; x_wconf 87' lang='lat' dir='ltr'><strong>esse</strong></span> <span class='ocrx_word' id='word_1_132' title='bbox 147 1949 294 2010; x_wconf 87' lang='lat' dir='ltr'><strong>molestos</strong></span> <span class='ocrx_word' id='word_1_133' title='bbox 316 1949 505 2025; x_wconf 74' lang='lat' dir='ltr'><strong>hominibus,</strong></span> <span class='ocrx_word' id='word_1_134' title='bbox 530 1951 602 2026; x_wconf 85' lang='lat' dir='ltr'><strong>quia</strong></span> <span class='ocrx_word' id='word_1_135' title='bbox 626 1948 745 2006; x_wconf 83' lang='lat' dir='ltr'><strong>molesti</strong></span> <span class='ocrx_word' id='word_1_136' title='bbox 768 1947 840 2006; x_wconf 83' lang='lat' dir='ltr'><strong>ostis</strong></span> <span class='ocrx_word' id='word_1_137' title='bbox 863 1954 894 2006; x_wconf 92' lang='lat' dir='ltr'><strong>et</strong></span> <span class='ocrx_word' id='word_1_138' title='bbox 914 1947 981 2007; x_wconf 91' lang='lat' dir='ltr'><strong>Dec</strong></span> 
     </span>
     <span class='ocr_line' id='line_1_21' title="bbox 55 2029 982 2172; baseline -0.002 -82"><span class='ocrx_word' id='word_1_139' title='bbox 55 2049 145 2172; x_wconf 49' lang='lat' dir='ltr'><strong>nugo,</strong></span> <span class='ocrx_word' id='word_1_140' title='bbox 174 2032 256 2110; x_wconf 90' lang='lat' dir='ltr'><strong>quod</strong></span> <span class='ocrx_word' id='word_1_141' title='bbox 280 2033 376 2111; x_wconf 83' lang='lat' dir='ltr'><strong>magis</strong></span> <span class='ocrx_word' id='word_1_142' title='bbox 400 2039 462 2110; x_wconf 85' lang='lat' dir='ltr'><strong>est,</strong></span> <span class='ocrx_word' id='word_1_143' title='bbox 496 2049 587 2110; x_wconf 86' lang='lat' dir='ltr'><strong>quam</strong></span> <span class='ocrx_word' id='word_1_144' title='bbox 610 2049 678 2090; x_wconf 83' lang='lat' dir='ltr'><strong>essa</strong></span> <span class='ocrx_word' id='word_1_145' title='bbox 702 2029 863 2090; x_wconf 84' lang='lat' dir='ltr'><strong>molestum</strong></span> <span class='ocrx_word' id='word_1_146' title='bbox 887 2029 982 2090; x_wconf 90' lang='lat' dir='ltr'><strong>homi·</strong></span> 
     </span>
     <span class='ocr_line' id='line_1_22' title="bbox 56 2132 159 2174; baseline 0.019 -2"><span class='ocrx_word' id='word_1_147' title='bbox 56 2132 86 2172; x_wconf 90' lang='lat' dir='ltr'><strong>m</strong></span> <span class='ocrx_word' id='word_1_148' title='bbox 110 2133 159 2174; x_wconf 82' lang='lat' dir='ltr'><strong>uu.</strong></span> 
     </span>
    </p>
   </div>
   <div class='ocr_carea' id='block_1_5' title="bbox 323 2227 665 2326">
    <p class='ocr_par' dir='ltr' id='par_1_5' title="bbox 323 2227 665 2326">
     <span class='ocr_line' id='line_1_23' title="bbox 323 2227 665 2326; baseline 0.006 -2"><span class='ocrx_word' id='word_1_149' title='bbox 323 2227 332 2254; x_wconf 57' lang='grc'>’</span> <span class='ocrx_word' id='word_1_150' title='bbox 352 2296 358 2307; x_wconf 88' lang='grc'><em>·</em></span> <span class='ocrx_word' id='word_1_151' title='bbox 376 2264 467 2324; x_wconf 83' lang='lat' dir='ltr'><strong>Nunc</strong></span> <span class='ocrx_word' id='word_1_152' title='bbox 489 2264 665 2326; x_wconf 82' lang='lat' dir='ltr'><strong>Conclusio.</strong></span> 
     </span>
    </p>
   </div>
   <div class='ocr_carea' id='block_1_6' title="bbox 59 2395 985 3717">
    <p class='ocr_par' dir='ltr' id='par_1_6' title="bbox 59 2395 985 3717">
     <span class='ocr_line' id='line_1_24' title="bbox 142 2395 982 2476; baseline -0.005 -19"><span class='ocrx_word' id='word_1_153' title='bbox 142 2395 215 2472; x_wconf 81' lang='lat' dir='ltr'><strong>Qui</strong></span> <span class='ocrx_word' id='word_1_154' title='bbox 240 2397 301 2458; x_wconf 87' lang='lat' dir='ltr'><strong>vel</strong></span> <span class='ocrx_word' id='word_1_155' title='bbox 325 2417 397 2459; x_wconf 94' lang='lat' dir='ltr'><strong>non</strong></span> <span class='ocrx_word' id='word_1_156' title='bbox 420 2397 592 2459; x_wconf 84' lang='lat' dir='ltr'><strong>tollendi</strong></span> <span class='ocrx_word' id='word_1_157' title='bbox 623 2398 683 2458; x_wconf 88' lang='lat' dir='ltr'><strong>vel</strong></span> <span class='ocrx_word' id='word_1_158' title='bbox 715 2416 787 2459; x_wconf 91' lang='lat' dir='ltr'><strong>non</strong></span> <span class='ocrx_word' id='word_1_159' title='bbox 810 2395 982 2476; x_wconf 86' lang='lat' dir='ltr'><strong>ponendi</strong></span> 
     </span>
     <span class='ocr_line' id='line_1_25' title="bbox 59 2478 982 2561; baseline -0.002 -21"><span class='ocrx_word' id='word_1_160' title='bbox 59 2481 214 2540; x_wconf 87' lang='lat' dir='ltr'><strong>obicem</strong></span> <span class='ocrx_word' id='word_1_161' title='bbox 242 2480 388 2542; x_wconf 91' lang='lat' dir='ltr'><strong>homini</strong></span> <span class='ocrx_word' id='word_1_162' title='bbox 420 2480 512 2542; x_wconf 87' lang='lat' dir='ltr'><strong>dant</strong></span> <span class='ocrx_word' id='word_1_163' title='bbox 538 2489 799 2561; x_wconf 79' lang='lat' dir='ltr'><strong>potestatem,</strong></span> <span class='ocrx_word' id='word_1_164' title='bbox 829 2478 982 2538; x_wconf 80' lang='lat' dir='ltr'><strong>obicem</strong></span> 
     </span>
     <span class='ocr_line' id='line_1_26' title="bbox 59 2561 984 2644; baseline -0.004 -22"><span class='ocrx_word' id='word_1_165' title='bbox 59 2581 166 2622; x_wconf 88' lang='lat' dir='ltr'><strong>suum</strong></span> <span class='ocrx_word' id='word_1_166' title='bbox 198 2581 271 2622; x_wconf 93' lang='lat' dir='ltr'><strong>non</strong></span> <span class='ocrx_word' id='word_1_167' title='bbox 299 2563 544 2644; x_wconf 82' lang='lat' dir='ltr'><strong>intelligunt.</strong></span> <span class='ocrx_word' id='word_1_168' title='bbox 588 2563 664 2623; x_wconf 86' lang='lat' dir='ltr'><strong>Sunt</strong></span> <span class='ocrx_word' id='word_1_169' title='bbox 686 2565 765 2623; x_wconf 92' lang='lat' dir='ltr'><strong>enim</strong></span> <span class='ocrx_word' id='word_1_170' title='bbox 793 2563 844 2640; x_wconf 88' lang='lat' dir='ltr'><strong>qui</strong></span> <span class='ocrx_word' id='word_1_171' title='bbox 870 2561 984 2638; x_wconf 86' lang='lat' dir='ltr'><strong>dicunt,</strong></span> 
     </span>
     <span class='ocr_line' id='line_1_27' title="bbox 59 2646 983 2726; baseline -0.002 -22"><span class='ocrx_word' id='word_1_172' title='bbox 59 2647 132 2705; x_wconf 87' lang='lat' dir='ltr'><strong>satis</strong></span> <span class='ocrx_word' id='word_1_173' title='bbox 146 2663 288 2706; x_wconf 84' lang='lat' dir='ltr'><strong>essenon</strong></span> <span class='ocrx_word' id='word_1_174' title='bbox 305 2665 421 2726; x_wconf 87' lang='lat' dir='ltr'><strong>ponere</strong></span> <span class='ocrx_word' id='word_1_175' title='bbox 432 2647 561 2720; x_wconf 79' lang='lat' dir='ltr'><strong>obicem,</strong></span> <span class='ocrx_word' id='word_1_176' title='bbox 583 2648 601 2705; x_wconf 91' lang='lat' dir='ltr'><strong>i.</strong></span> <span class='ocrx_word' id='word_1_177' title='bbox 614 2665 641 2708; x_wconf 86' lang='lat' dir='ltr'><strong>e.</strong></span> <span class='ocrx_word' id='word_1_178' title='bbox 654 2665 715 2707; x_wconf 90' lang='lat' dir='ltr'><strong>uon</strong></span> <span class='ocrx_word' id='word_1_179' title='bbox 728 2646 859 2705; x_wconf 84' lang='lat' dir='ltr'><strong>formare</strong></span> <span class='ocrx_word' id='word_1_180' title='bbox 873 2660 983 2722; x_wconf 92' lang='lat' dir='ltr'><strong>propo-</strong></span> 
     </span>
     <span class='ocr_line' id='line_1_28' title="bbox 60 2727 983 2808; baseline -0.005 -20"><span class='ocrx_word' id='word_1_181' title='bbox 60 2729 148 2788; x_wconf 86' lang='lat' dir='ltr'><strong>situm</strong></span> <span class='ocrx_word' id='word_1_182' title='bbox 162 2727 275 2788; x_wconf 82' lang='lat' dir='ltr'><strong>malurn</strong></span> <span class='ocrx_word' id='word_1_183' title='bbox 298 2730 426 2808; x_wconf 78' lang='lat' dir='ltr'><strong>pcccati,</strong></span> <span class='ocrx_word' id='word_1_184' title='bbox 449 2729 713 2789; x_wconf 83' lang='lat' dir='ltr'><strong>ethochcminem</strong></span> <span class='ocrx_word' id='word_1_185' title='bbox 738 2727 816 2787; x_wconf 88' lang='lat' dir='ltr'><strong>bene</strong></span> <span class='ocrx_word' id='word_1_186' title='bbox 830 2743 922 2805; x_wconf 88' lang='lat' dir='ltr'><strong>posse</strong></span> <span class='ocrx_word' id='word_1_187' title='bbox 945 2745 983 2784; x_wconf 85' lang='lat' dir='ltr'><strong>ex</strong></span> 
     </span>
     <span class='ocr_line' id='line_1_29' title="bbox 60 2808 985 2891; baseline -0.001 -23"><span class='ocrx_word' id='word_1_188' title='bbox 60 2810 155 2870; x_wconf 85' lang='lat' dir='ltr'><strong>libero</strong></span> <span class='ocrx_word' id='word_1_189' title='bbox 180 2809 330 2887; x_wconf 65' lang='lat' dir='ltr'><strong>arbitrio3&#39;</strong></span> <span class='ocrx_word' id='word_1_190' title='bbox 347 2812 398 2872; x_wconf 87' lang='lat' dir='ltr'><strong>alii</strong></span> <span class='ocrx_word' id='word_1_191' title='bbox 430 2829 553 2890; x_wconf 86' lang='lat' dir='ltr'><strong>quoque</strong></span> <span class='ocrx_word' id='word_1_192' title='bbox 582 2813 679 2891; x_wconf 82' lang='lat' dir='ltr'><strong>magis</strong></span> <span class='ocrx_word' id='word_1_193' title='bbox 702 2811 815 2870; x_wconf 84' lang='lat' dir='ltr'><strong>audent</strong></span> <span class='ocrx_word' id='word_1_194' title='bbox 836 2808 985 2881; x_wconf 78' lang='lat' dir='ltr'><strong>dicentes,</strong></span> 
     </span>
     <span class='ocr_line' id='line_1_30' title="bbox 61 2891 985 2974; baseline -0.003 -23"><span class='ocrx_word' id='word_1_195' title='bbox 61 2893 141 2972; x_wconf 90' lang='lat' dir='ltr'><strong>quod</strong></span> <span class='ocrx_word' id='word_1_196' title='bbox 166 2892 273 2970; x_wconf 79' lang='lat' dir='ltr'><strong>homo,</strong></span> <span class='ocrx_word' id='word_1_197' title='bbox 305 2895 422 2954; x_wconf 86' lang='lat' dir='ltr'><strong>etiamsi</strong></span> <span class='ocrx_word' id='word_1_198' title='bbox 445 2896 535 2954; x_wconf 86' lang='lat' dir='ltr'><strong>sitin</strong></span> <span class='ocrx_word' id='word_1_199' title='bbox 573 2894 654 2954; x_wconf 88' lang='lat' dir='ltr'><strong>malo</strong></span> <span class='ocrx_word' id='word_1_200' title='bbox 681 2894 857 2974; x_wconf 84' lang='lat' dir='ltr'><strong>proposito,</strong></span> <span class='ocrx_word' id='word_1_201' title='bbox 887 2891 985 2970; x_wconf 86' lang='lat' dir='ltr'><strong>possit</strong></span> 
     </span>
     <span class='ocr_line' id='line_1_31' title="bbox 62 2975 984 3053; baseline -0.001 -20"><span class='ocrx_word' id='word_1_202' title='bbox 62 2975 131 3035; x_wconf 89' lang='lat' dir='ltr'><strong>illud</strong></span> <span class='ocrx_word' id='word_1_203' title='bbox 156 2975 281 3047; x_wconf 78' lang='lat' dir='ltr'><strong>tollere,</strong></span> <span class='ocrx_word' id='word_1_204' title='bbox 310 2985 340 3036; x_wconf 89' lang='lat' dir='ltr'><strong>et</strong></span> <span class='ocrx_word' id='word_1_205' title='bbox 361 2976 521 3037; x_wconf 84' lang='lat' dir='ltr'><strong>iacere&#39;ut</strong></span> <span class='ocrx_word' id='word_1_206' title='bbox 543 2995 605 3036; x_wconf 90' lang='lat' dir='ltr'><strong>non</strong></span> <span class='ocrx_word' id='word_1_207' title='bbox 628 2977 682 3052; x_wconf 71' lang='lat' dir='ltr'><strong>sit,</strong></span> <span class='ocrx_word' id='word_1_208' title='bbox 714 2976 761 3034; x_wconf 86' lang='lat' dir='ltr'><strong>vel</strong></span> <span class='ocrx_word' id='word_1_209' title='bbox 781 2975 892 3034; x_wconf 89' lang='lat' dir='ltr'><strong>bouum</strong></span> <span class='ocrx_word' id='word_1_210' title='bbox 915 2992 984 3053; x_wconf 89' lang='lat' dir='ltr'><strong>pro·</strong></span> 
     </span>
     <span class='ocr_line' id='line_1_32' title="bbox 65 3055 985 3137; baseline -0.004 -19"><span class='ocrx_word' id='word_1_211' title='bbox 65 3059 198 3137; x_wconf 86' lang='lat' dir='ltr'><strong>positum</strong></span> <span class='ocrx_word' id='word_1_212' title='bbox 222 3057 353 3119; x_wconf 79' lang='lat' dir='ltr'><strong>formare</strong></span> <span class='ocrx_word' id='word_1_213' title='bbox 375 3078 413 3118; x_wconf 86' lang='lat' dir='ltr'><strong>ex</strong></span> <span class='ocrx_word' id='word_1_214' title='bbox 436 3059 542 3119; x_wconf 85' lang='lat' dir='ltr'><strong>eadem</strong></span> <span class='ocrx_word' id='word_1_215' title='bbox 567 3058 705 3119; x_wconf 84' lang='lat' dir='ltr'><strong>libertate</strong></span> <span class='ocrx_word' id='word_1_216' title='bbox 734 3056 856 3118; x_wconf 86' lang='lat' dir='ltr'><strong>arbitrii.</strong></span> <span class='ocrx_word' id='word_1_217' title='bbox 900 3055 985 3116; x_wconf 84' lang='lat' dir='ltr'><strong>Haec</strong></span> 
     </span>
     <span class='ocr_line' id='line_1_33' title="bbox 63 3138 985 3220; baseline -0.002 -22"><span class='ocrx_word' id='word_1_218' title='bbox 63 3149 166 3202; x_wconf 76' lang='lat' dir='ltr'><strong>autem</strong></span> <span class='ocrx_word' id='word_1_219' title='bbox 201 3141 304 3201; x_wconf 86' lang='lat' dir='ltr'><strong>omnia</strong></span> <span class='ocrx_word' id='word_1_220' title='bbox 336 3143 516 3220; x_wconf 88' lang='lat' dir='ltr'><strong>impiissima</strong></span> <span class='ocrx_word' id='word_1_221' title='bbox 546 3149 616 3200; x_wconf 90' lang='lat' dir='ltr'><strong>sunt</strong></span> <span class='ocrx_word' id='word_1_222' title='bbox 648 3149 678 3201; x_wconf 88' lang='lat' dir='ltr'><strong>et</strong></span> <span class='ocrx_word' id='word_1_223' title='bbox 708 3141 876 3212; x_wconf 71' lang='lat' dir='ltr'><strong>haeretios,</strong></span> <span class='ocrx_word' id='word_1_224' title='bbox 914 3138 985 3216; x_wconf 87' lang='lat' dir='ltr'><strong>quia</strong></span> 
     </span>
     <span class='ocr_line' id='line_1_34' title="bbox 64 3221 983 3304; baseline -0.001 -22"><span class='ocrx_word' id='word_1_225' title='bbox 64 3221 163 3283; x_wconf 82' lang='lat' dir='ltr'><strong>Galat.</strong></span> <span class='ocrx_word' id='word_1_226' title='bbox 187 3227 220 3287; x_wconf 83' lang='lat'><strong>5:</strong></span> <span class='ocrx_word' id='word_1_227' title='bbox 251 3223 331 3284; x_wconf 77' lang='lat' dir='ltr'><strong>(iuro</strong></span> <span class='ocrx_word' id='word_1_228' title='bbox 362 3225 551 3304; x_wconf 74' lang='lat' dir='ltr'><strong>concupiscit</strong></span> <span class='ocrx_word' id='word_1_229' title='bbox 579 3225 726 3283; x_wconf 86' lang='lat' dir='ltr'><strong>adversus</strong></span> <span class='ocrx_word' id='word_1_230' title='bbox 759 3223 895 3304; x_wconf 87' lang='lat' dir='ltr'><strong>spiritum</strong></span> <span class='ocrx_word' id='word_1_231' title='bbox 925 3229 983 3281; x_wconf 89' lang='lat' dir='ltr'><strong>etc.</strong></span> 
     </span>
     <span class='ocr_line' id='line_1_35' title="bbox 64 3303 984 3384; baseline -0.005 -20"><span class='ocrx_word' id='word_1_232' title='bbox 64 3315 177 3364; x_wconf 91' lang='lat' dir='ltr'><strong>utnon</strong></span> <span class='ocrx_word' id='word_1_233' title='bbox 201 3325 255 3378; x_wconf 79' lang='lat' dir='ltr'><strong>ea,</strong></span> <span class='ocrx_word' id='word_1_234' title='bbox 285 3324 362 3384; x_wconf 82' lang='lat' dir='ltr'><strong>quac</strong></span> <span class='ocrx_word' id='word_1_235' title='bbox 392 3307 497 3378; x_wconf 69' lang='lat' dir='ltr'><strong>vultis,</strong></span> <span class='ocrx_word' id='word_1_236' title='bbox 528 3305 654 3366; x_wconf 78' lang='lat' dir='ltr'><strong>faciatis.</strong></span> <span class='ocrx_word' id='word_1_237' title='bbox 699 3305 730 3366; x_wconf 83' lang='lat' dir='ltr'><strong>si</strong></span> <span class='ocrx_word' id='word_1_238' title='bbox 759 3323 833 3384; x_wconf 83' lang='lat' dir='ltr'><strong>crgo</strong></span> <span class='ocrx_word' id='word_1_239' title='bbox 862 3303 984 3383; x_wconf 84' lang='lat' dir='ltr'><strong>spiritus</strong></span> 
     </span>
     <span class='ocr_line' id='line_1_36' title="bbox 65 3384 983 3468; baseline -0.005 -22"><span class='ocrx_word' id='word_1_240' title='bbox 65 3407 122 3447; x_wconf 92' lang='lat' dir='ltr'><strong>non</strong></span> <span class='ocrx_word' id='word_1_241' title='bbox 147 3389 245 3468; x_wconf 82' lang='lat' dir='ltr'><strong>possit</strong></span> <span class='ocrx_word' id='word_1_242' title='bbox 268 3407 389 3448; x_wconf 86' lang='lat' dir='ltr'><strong>carnem</strong></span> <span class='ocrx_word' id='word_1_243' title='bbox 406 3387 844 3467; x_wconf 84' lang='lat' dir='ltr'><strong>carnisqueconcupiscentias</strong></span> <span class='ocrx_word' id='word_1_244' title='bbox 867 3384 983 3455; x_wconf 78' lang='lat' dir='ltr'><strong>sedare,</strong></span> 
     </span>
     <span class='ocr_line' id='line_1_37' title="bbox 67 3468 985 3550; baseline -0.007 -20"><span class='ocrx_word' id='word_1_245' title='bbox 67 3479 178 3548; x_wconf 88' lang='lat' dir='ltr'><strong>quanto</strong></span> <span class='ocrx_word' id='word_1_246' title='bbox 202 3471 300 3530; x_wconf 90' lang='lat' dir='ltr'><strong>minus</strong></span> <span class='ocrx_word' id='word_1_247' title='bbox 322 3470 388 3541; x_wconf 79' lang='lat' dir='ltr'><strong>ille,</strong></span> <span class='ocrx_word' id='word_1_248' title='bbox 416 3473 465 3549; x_wconf 89' lang='lat' dir='ltr'><strong>qui</strong></span> <span class='ocrx_word' id='word_1_249' title='bbox 489 3471 554 3530; x_wconf 90' lang='lat' dir='ltr'><strong>sine</strong></span> <span class='ocrx_word' id='word_1_250' title='bbox 576 3472 680 3550; x_wconf 87' lang='lat' dir='ltr'><strong>spiritu</strong></span> <span class='ocrx_word' id='word_1_251' title='bbox 706 3477 766 3544; x_wconf 81' lang='lat' dir='ltr'><strong>cst,</strong></span> <span class='ocrx_word' id='word_1_252' title='bbox 799 3468 848 3547; x_wconf 92' lang='lat' dir='ltr'><strong>qui</strong></span> <span class='ocrx_word' id='word_1_253' title='bbox 871 3468 985 3545; x_wconf 79' lang='lat' dir='ltr'><strong>rapitur</strong></span> 
     </span>
     <span class='ocr_line' id='line_1_38' title="bbox 66 3549 985 3632; baseline -0.007 -20"><span class='ocrx_word' id='word_1_254' title='bbox 66 3555 91 3613; x_wconf 87' lang='lat' dir='ltr'><strong>vi</strong></span> <span class='ocrx_word' id='word_1_255' title='bbox 115 3555 382 3632; x_wconf 83' lang='lat' dir='ltr'><strong>concupiscentiae</strong></span> <span class='ocrx_word' id='word_1_256' title='bbox 416 3563 446 3612; x_wconf 89' lang='lat' dir='ltr'><strong>et</strong></span> <span class='ocrx_word' id='word_1_257' title='bbox 475 3553 556 3612; x_wconf 91' lang='lat' dir='ltr'><strong>mali.</strong></span> <span class='ocrx_word' id='word_1_258' title='bbox 609 3553 669 3613; x_wconf 83' lang='lat' dir='ltr'><strong>Sed</strong></span> <span class='ocrx_word' id='word_1_259' title='bbox 699 3570 782 3611; x_wconf 87' lang='lat' dir='ltr'><strong>error</strong></span> <span class='ocrx_word' id='word_1_260' title='bbox 812 3549 930 3610; x_wconf 87' lang='lat' dir='ltr'><strong>iliorum</strong></span> <span class='ocrx_word' id='word_1_261' title='bbox 954 3555 985 3607; x_wconf 81' lang='lat' dir='ltr'><strong>et</strong></span> 
     </span>
     <span class='ocr_line' id='line_1_39' title="bbox 66 3633 984 3717; baseline 0.001 -21"><span class='ocrx_word' id='word_1_262' title='bbox 66 3637 245 3716; x_wconf 79' lang='lat' dir='ltr'><strong>ignorantia,</strong></span> <span class='ocrx_word' id='word_1_263' title='bbox 268 3636 350 3717; x_wconf 91' lang='lat' dir='ltr'><strong>quod</strong></span> <span class='ocrx_word' id='word_1_264' title='bbox 373 3655 433 3698; x_wconf 90' lang='lat' dir='ltr'><strong>non</strong></span> <span class='ocrx_word' id='word_1_265' title='bbox 457 3637 557 3698; x_wconf 85' lang='lat' dir='ltr'><strong>sciunt</strong></span> <span class='ocrx_word' id='word_1_266' title='bbox 574 3644 662 3698; x_wconf 85' lang='lat' dir='ltr'><strong>extra</strong></span> <span class='ocrx_word' id='word_1_267' title='bbox 682 3633 773 3696; x_wconf 84' lang='lat' dir='ltr'><strong>fldem</strong></span> <span class='ocrx_word' id='word_1_268' title='bbox 784 3633 901 3713; x_wconf 78' lang='lat' dir='ltr'><strong>gratiae</strong></span> <span class='ocrx_word' id='word_1_269' title='bbox 915 3649 984 3697; x_wconf 83' lang='lat' dir='ltr'><strong>esso</strong></span> 
     </span>
    </p>
   </div>
   <div class='ocr_carea' id='block_1_7' title="bbox 0 0 1137 4006">
    <p class='ocr_par' dir='ltr' id='par_1_7' title="bbox 0 0 1137 4006">
     <span class='ocr_line' id='line_1_40' title="bbox 0 0 1137 4006; baseline 0 0"><span class='ocrx_word' id='word_1_270' title='bbox 0 0 1137 4006; x_wconf 95' lang='lat' dir='ltr'><strong> </strong></span> 
     </span>
    </p>
   </div>
  </div>
 </body>
</html>
