2254 4008
161 196 205 264 84
423 198 465 254 De
484 197 562 268 Copt.
581 197 680 266 Babyl.
698 197 838 254 Ecclesiae

164 353 247 414 vatio
270 351 341 430 ulla,
364 359 397 412 ut
417 352 475 412 nisi
499 352 543 412 eis
566 353 782 412 remissiones
806 357 886 410 esset
908 349 1000 425 salus,
1022 365 1080 408 ma·

162 438 246 496 xime
268 435 320 495 illa
340 435 522 515 impedirent
535 436 674 510 salutern,
697 453 775 513 quae
798 431 1079 513 supramemoravi,

160 519 228 598 ipsa
251 519 341 578 etism
365 516 445 578 bona
468 535 562 596 opera
587 528 617 577 et
642 517 818 592 idolatriae,
848 535 924 594 quas
947 536 965 575 a
987 513 1081 594 ponti·

163 599 271 662 ficibus
293 600 440 660 docemur
467 599 568 660 hodie.
617 597 707 673 Quod
741 602 764 658 si
793 599 870 658 haec
897 617 958 657 non
992 597 1084 674 impe·

163 683 251 744 diunt
271 684 468 762 gravissima,
499 689 614 761 quanto
644 684 744 742 minus
773 689 804 741 et
829 681 879 740 illa
909 680 1083 741 stultissime

162 775 356 826 reservantur
381 764 518 826 leviora?
549 765 662 825 Verum
696 766 878 842 ignorantia
896 771 926 823 et
953 763 1083 821 caecitas

163 857 321 929 pastorum
365 856 530 927 operantur
572 847 649 907 haec
690 855 832 926 portenta
874 848 903 906 in
944 845 1083 906 ecclesia.

164 929 266 1008 Quare
277 949 336 1010 ego
349 932 501 1010 principes
523 931 598 991 istos
613 930 778 1010 Babylonis
800 935 831 988 et
842 931 1006 1008 episcopos
1019 925 1083 986 Bet·

163 1013 263 1074 haven
286 1032 458 1090 monerem,
488 1013 545 1073 sibi
567 1021 737 1093 temperent
758 1032 776 1071 a
797 1011 990 1072 reservandis
1013 1009 1087 1069 casi-

162 1095 220 1158 bus
242 1096 483 1174 quibuscunque,
498 1096 606 1156 deinde
628 1097 666 1156 de
688 1095 815 1155 occultis
828 1093 1000 1155 audiendae
1017 1110 1086 1151 con·

140 1241 143 1248 ,
164 1179 306 1240 fessionis
328 1179 503 1238 facultatem
532 1180 707 1258 permittent
730 1176 914 1238 liberrimam
945 1173 1086 1236 omnibus

54 1281 55 1284 ¹
165 1261 306 1322 iratribus
322 1262 530 1334 meroribus,
553 1269 585 1321 ut
601 1269 754 1341 peccator,
777 1260 977 1337 cuivoluerit,
1000 1277 1086 1317 soum

164 1353 325 1424 peccatum
341 1344 478 1421 revelet,
508 1346 627 1404 veniam
651 1352 682 1404 ct
703 1344 862 1422 solatium,
884 1343 913 1403 id
936 1353 1000 1420 est,
1024 1359 1085 1400 ver-

166 1427 236 1486 bum
258 1426 368 1486 Christi
396 1446 436 1486 ex
465 1445 518 1487 ore
540 1428 672 1506 proximi
703 1428 860 1506 petiturus.
904 1425 984 1486 Nihil
1010 1425 1088 1482 enim

166 1509 328 1589 rigunthis
358 1509 420 1568 suis
448 1509 684 1586 temeritatibus,
713 1527 803 1588 qoam
832 1518 865 1568 ut
887 1507 1090 1584 conscientias

165 1590 354 1652 infirmorum
377 1593 442 1651 sine
465 1611 558 1653 causa
579 1592 759 1671 illaqueent,
787 1611 874 1652 suam
896 1588 1089 1671 tyrannidem

164 1675 288 1755 impiam
303 1673 466 1752 stabiliant,
488 1683 519 1734 et
539 1676 702 1753 epeccatis
715 1693 752 1734 ac
772 1674 943 1755 perditione
964 1674 1089 1732 fratrum

158 1759 322 1817 'avaritiam
345 1775 433 1818 suam
455 1764 593 1837 pascant.
637 1757 688 1818 Sic
705 1759 786 1817 enim
809 1759 958 1836 sanguine
974 1755 1091 1814 anima-

164 1860 230 1900 rum
254 1841 466 1900 contaminant
487 1859 595 1901 manus
618 1859 706 1921 suas,
737 1847 768 1900 et
789 1839 843 1899 filii
865 1841 1092 1900 devorantura

163 1921 356 2066 parentibus,
378 1929 410 1983 et
431 1922 577 2003 Ephraim
600 1920 787 2005 devorant¹)
812 1921 927 1999 ludam,
950 1929 980 1981 et
1004 1919 1093 2000 Syria

180 2007 309 2066 sraelem
333 2012 398 2066 toto
423 2025 485 2080 ore,
509 2013 541 2066 ut
561 2005 657 2066 Isaiae
680 2005 771 2068 dicit

248 2087 302 2148 His
315 2087 401 2148 malis
414 2088 591 2150 adiecerunt
602 2089 854 2166 circumstantias,
877 2088 949 2147 item
968 2092 1093 2164 matres,

166 2170 255 2250 filias,
277 2188 416 2248 sorores,
445 2171 570 2247 affines,
593 2190 712 2249 ramos,
745 2171 858 2230 fructus
882 2175 1093 2250 peccatorum,

166 2254 343 2333 excogitata
377 2254 494 2314 scilicet
522 2273 577 2334 per
605 2254 798 2315 acutissimos
827 2260 858 2312 et
885 2252 1093 2313 otiosissimos

165 2336 322 2414 homines,
352 2338 443 2396 etiam
467 2338 496 2396 in
519 2339 655 2416 peccatis
678 2336 787 2397 arbore
809 2336 940 2415 quadam
964 2352 1095 2393 consan-

165 2419 322 2500 guinitatis
352 2427 382 2480 et
410 2419 581 2497 affinitatis,
605 2428 665 2482 tam
693 2419 846 2480 foecunda
875 2425 921 2480 est
947 2417 1093 2496 impietas

166 2511 197 2562 et
218 2503 354 2578 inscitia,
382 2502 455 2562 abiit
484 2503 564 2562 eninr
596 2503 654 2562 ista
683 2505 847 2581 cogitatio,
884 2501 1095 2577 cuiuscunque

166 2584 329 2646 nebulonis
351 2585 448 2663 luerit,
470 2586 499 2644 in
523 2585 676 2665 publicam
699 2585 815 2663 legem,
842 2585 928 2643 sicot·
943 2589 974 2643 et
995 2581 1095 2640 multa

167 2667 237 2730 alia.
260 2667 311 2730 Sic
332 2669 412 2728 enim
425 2687 517 2747 super
537 2668 697 2736 ecclesiam
711 2667 822 2728 Christi
845 2667 971 2746 vigilant
989 2671 1096 2744 pasto-

166 2769 225 2827 res,
247 2757 289 2828 ut,
311 2750 457 2829 quidquid
484 2751 530 2810 vel
554 2751 773 2810 somniaverint
794 2750 1019 2828 superstitionis
1044 2757 1095 2806 aut

168 2834 269 2913 operis
293 2835 364 2893 novi
389 2834 536 2894 devotarii
566 2834 609 2893 illi
637 2833 805 2911 stultisirni,
837 2850 911 2892 rnox
939 2830 1094 2911 proditum

168 2923 280 2978 orueut
300 2917 390 2978 etiam
416 2916 626 2997 indulgentiis,
653 2922 684 2976 el
710 2917 847 2976 muniant
873 2913 972 2974 bullis.
1015 2913 1096 2974 Tan-

168 3008 232 3060 tum
248 2999 344 3080 abest,
367 3000 608 3062 utinhibeantet
630 2999 745 3079 populo
759 2999 816 3058 Dei
829 3000 980 3058 sinceram
1002 2995 1094 3056 fidem

169 3091 200 3144 et
224 3080 392 3144 libertatem
423 3083 611 3160 custodiant,
640 3081 711 3160 quid
741 3083 821 3142 enim
845 3080 976 3141 libertati
998 3086 1030 3140 et
1052 3087 1094 3159 ty-

168 3163 287 3227 rannidi
310 3163 521 3244 Babyloniae?

179 3297 181 3304 ,
251 3247 293 3306 At
314 3265 383 3326 ego,
406 3247 551 3326 quidquid
575 3253 622 3307 est
643 3247 957 3322 circumstantiarum,
981 3261 1093 3305 consu·

169 3332 276 3392 luerim
299 3331 419 3410 penitus
442 3338 648 3392 contemnere.
697 3328 787 3409 hpud
817 3329 1006 3390 Christianos
1035 3345 1096 3386 una

167 3421 216 3474 est
257 3415 501 3490 circumstantia,
546 3431 626 3491 quae
669 3419 731 3492 est,
776 3430 924 3492 peccasse
961 3411 1093 3471 tratrem.

168 3495 261 3558 Nulla
282 3498 362 3556 enim
384 3513 517 3574 persona
544 3495 723 3556 fraternitati
745 3494 942 3556 Christianae
973 3510 1093 3571 comps¹

224 3679 257 3751 1)
276 3679 462 3736 laodien:
483 3679 609 3736 devorat.
