2252 4006
135 173 197 240 246
439 179 613 246 Responsum
634 175 763 230 Fridcrici
837 195 843 201 ·

136 349 218 392 nunc
243 329 364 410 quidem
388 341 442 395 est.
489 334 548 410 Qui
581 334 605 393 si
638 333 710 413 quid
739 339 791 392 aut
813 335 920 392 contra
942 328 1068 390 Pontifi-

139 434 205 476 cem
227 415 398 476 Romanum
422 417 524 494 inique
546 417 796 500 scripsit¹t‚-aut
819 435 925 495 secus,
947 417 1014 476 sive
1036 417 1068 474 in

138 498 255 574 schola,
278 500 343 560 sive
365 519 421 579 pro
444 502 594 562 concione
616 503 730 577 docuit,
753 508 845 582 utque
860 499 1069 560 Christianum

137 589 168 641 st
189 581 382 662 Theologum
406 583 504 661 decet,
527 591 642 644 tentum
665 584 772 660 abest,
794 592 827 644 ut
847 583 979 664 Principi
1002 582 1069 664 pla·

140 673 225 740 cest,
266 673 297 726 ut
330 667 430 746 ipsum
470 667 549 727 mule
581 667 702 728 babeat.
745 669 824 735 Nam
852 686 908 747 pro
935 666 1069 726 utilitate

137 767 271 827 causae,
302 749 358 809 sub
381 757 534 810 conventu
557 751 755 828 Augustum,
780 769 861 811 enno
884 749 997 810 abhinc
1019 769 1068 808 se-

137 830 256 905 cundo,
280 839 404 912 petente
426 833 633 897 cardinales
656 833 772 902 Sixti²t
797 833 967 893 sanctitatis
990 851 1068 912 pon-

135 913 248 974 tificiae
277 915 380 994 legato
414 918 535 996 copiam
565 917 740 992 Martini³t‚
769 917 886 977 curavit
908 914 1067 993 egendum

137 1016 205 1056 com
228 999 307 1076 ipso,
330 1005 363 1058 ut
386 1019 455 1058 cum
478 1000 591 1074 adiret,
612 1000 790 1079 praesertim
814 1018 883 1058 cum
904 998 1068 1078 pollicere-

136 1086 184 1140 tur
205 1079 379 1160 paterue⁴l
404 1089 541 1143 acturum
574 1084 678 1144 omnis
709 1101 777 1142 cum
801 1100 859 1157 ec,
893 1083 939 1140 its
960 1086 1066 1140 utres

141 1165 275 1223 suaviter
298 1175 543 1244 componeretur.

220 1246 373 1321 Postecl)
400 1247 543 1309 scribenti
566 1249 682 1329 Legatc
706 1247 745 1308 ad
768 1246 940 1326 Principem
963 1245 1066 1306 Fride·

136 1330 231 1388 rioum
253 1331 283 1390 in
306 1330 413 1390 ecdem
438 1349 533 1391 causa
554 1331 704 1392 eiusmodi
725 1349 905 1410 responsum
923 1329 1065 1396 obtinuit,

135 1411 218 1490 quod
240 1433 280 1474 ue
302 1431 420 1474 moinus
443 1415 563 1494 quidem
587 1414 765 1474 calumniari
778 1412 885 1492 possit.
928 1412 1005 1472 Mox
1025 1431 1064 1471 ne

57 1507 62 1514 “
138 1502 247 1556 contra
275 1496 453 1557 Pontificem
485 1516 659 1576 quenquam
692 1497 776 1557 alere
804 1494 958 1554 videretur
979 1493 1064 1554 Prin·

135 1597 218 1658 ceps,
241 1577 418 1640 dimissurus
431 1580 597 1641 Lutherum
620 1600 660 1640 cx
674 1578 842 1652 Academia
863 1597 930 1656 suc,
954 1584 1063 1655 rogatu

135 1662 236 1721 nuncii
259 1661 409 1722 Pontiticii
431 1664 563 1736 retinuit,
585 1664 615 1722 in
630 1661 692 1722 hoc
705 1659 884 1721 Pontificius
908 1661 1062 1721 sanctitati

134 1743 333 1822 gratificatus.

147 1876 151 1886 .
217 1827 381 1905 Praeterea
427 1826 515 1888 datus
560 1833 607 1887 est
651 1824 823 1902 Luthcro⁶)
865 1823 1062 1906 pontificialis

137 1910 390 1991 Commissarius,
426 1910 697 1971 reverendissimus
729 1909 879 1968 Dominus
908 1908 1061 1989 Archiepi·

135 2012 248 2074 scopus
277 1993 489 2071 Treverensis,
523 1994 601 2053 sacri
624 1993 755 2054 Romani
777 1991 899 2072 lmperii
923 1991 1056 2063 Elector,

134 2076 215 2137 haud
238 2075 330 2137 dubie
353 2077 435 2137 dicto
457 2083 616 2157 parentem
649 2075 807 2137 habiturus
834 2074 1010 2148 hominem,
1037 2077 1059 2134 si

136 2159 192 2218 sub
221 2157 281 2220 lide
314 2159 437 2240 publice
470 2167 501 2220 ct
532 2159 646 2220 idoneo
679 2179 748 2220 eum
783 2163 957 2218 evocasset.
1000 2156 1060 2218 lam

137 2261 209 2303 vero
239 2247 299 2302 tum
333 2243 428 2304 multa
462 2243 616 2323 pollicitus
638 2248 704 2320 est,
738 2240 893 2320 hodieque
925 2240 1059 2320 polliceri

135 2323 244 2385 dicitur
264 2325 430 2404 Lutherus,
460 2333 494 2386 ut
515 2326 597 2386 credi
619 2344 681 2388 non
706 2324 817 2385 debeat
837 2323 912 2384 nihil
936 2325 1057 2402 praesti-

136 2415 246 2468 turum.

219 2489 299 2567 Quid
322 2481 566 2570 quodLut'herus
588 2510 645 2551 sno
667 2491 763 2571 ipsius
785 2489 863 2550 forte
882 2488 1008 2566 iudicio,
1029 2495 1058 2548 ut

138 2575 291 2634 constanti
313 2592 435 2634 rumore
457 2573 680 2651 circumfertur,
715 2572 842 2633 diversis
872 2572 1055 2633 aemulorum

137 2657 257 2734 scriptis
279 2675 341 2717 non
364 2658 464 2716 minus
486 2657 586 2736 impiis
609 2675 701 2734 quam
716 2655 912 2716 calumniosis
934 2655 1055 2716 adactus

136 2739 267 2818 scripsit,
290 2758 456 2817 nunquam,
480 2740 504 2798 si
526 2759 581 2820 per
598 2738 791 2799 adversarios
804 2737 948 2812 licuisset,
971 2738 1053 2816 scrip·

138 2827 232 2882 turus.
276 2820 326 2881 sio
348 2821 433 2882 multi
456 2821 580 2894 eruditi,
605 2822 650 2882 sio
673 2821 758 2882 multi
780 2818 886 2900 probi,
910 2820 956 2880 sic
977 2817 1054 2878 multi

138 2905 178 2982 pii
202 2909 231 2962 et
253 2905 367 2966 sentire
390 2910 420 2964 et
451 2904 536 2983 loqui
558 2905 703 2964 feruntur.
748 2903 834 2978 Quae
856 2909 958 2962 tumen
981 2901 1053 2962 Prin-

91 3061 93 3064 ·
136 3004 208 3064 ceps
231 2992 334 3047 noster
355 2987 575 3047 illustrissimus
599 3006 673 3046 suec
685 2986 822 3066 dignitati
845 2985 1052 3046 aestimationi·

136 3087 195 3146 que
215 3069 346 3148 reliquit.
875 3073 878 3076 ’

209 3323 239 3390 1)
261 3325 290 3376 ln
319 3324 362 3376 ed.
384 3326 663 3392 princzrscripsertt.
701 3326 733 3393 2)
754 3327 835 3380 ibid:
864 3327 944 3379 Xisti.
981 3327 1008 3392 3)
1024 3326 1048 3378 ln

137 3394 179 3444 ed.
198 3393 277 3446 dem:
295 3395 402 3446 Martini
423 3395 544 3448 Luthsri.
564 3397 595 3458 4)
618 3397 739 3451 Ibidem:
760 3403 923 3466 sepaterne.
942 3399 974 3460 5)
995 3397 1048 3450 Ver·

137 3465 180 3524 bo,
203 3480 273 3531 quae
292 3465 337 3517 hio
350 3472 501 3532 sequuntur
519 3467 584 3520 inde
603 3483 620 3519 a
638 3475 761 3535 postea
780 3471 952 3524 scribenti
972 3482 1047 3535 usque

138 3532 171 3581 sd
192 3537 389 3586 sanctitati
410 3538 643 3602 gratificatus
666 3555 722 3592 nou
743 3540 873 3608 leguntur
890 3542 920 3592 in
938 3539 1047 3593 editione
1074 3553 1079 3562 ¹

139 3603 234 3665 princ,
253 3607 366 3670 repetita
386 3609 451 3656 suut
469 3621 504 3658 ex
524 3607 565 3660 ed.
584 3609 695 3662 lenensi
707 3609 776 3679 Opp.
796 3611 874 3664 Lirth.
911 3609 944 3678 6)
963 3611 992 3663 ln
1011 3608 1045 3662 ed.

139 3671 228 3732 prino.
242 3671 287 3724 lric
306 3679 332 3726 et
351 3673 432 3728 alibi:
450 3675 567 3730 llsrtinc
587 3685 636 3732 stc.
