2262 4006
151 185 214 256 332
324 156 329 170 Ι
365 194 522 262 Responsio
542 195 570 250 D.
589 193 623 250 lu
643 193 671 250 L.
690 195 726 250 ad
745 193 847 250 librum

152 347 271 421 nuiese,
302 365 363 428 quo
396 348 515 409 eoelum
549 356 730 411 mereantur.
774 349 853 426 Quid
883 357 983 412 autem
1008 350 1060 412 hoo

153 427 246 503 aliud,
269 448 359 509 quam
382 432 476 511 impia
510 432 604 494 facies
638 432 708 494 est?
751 432 789 492 de
822 434 930 512 quibus
960 434 1060 495 Paulus

152 512 304 592 praedixit
327 518 355 576 1.
378 515 454 576 Tim.
477 516 512 577 4:
546 516 747 576 Prohibentes
771 515 923 578 abstinere
946 539 963 578 a
985 517 1061 596 oibis,

152 613 229 674 quos
251 595 334 657 Deus
357 599 487 675 oreavit3
510 603 540 658 et
561 597 663 660 Galat.
687 601 721 661 4:
744 599 829 672 Dies,
846 619 978 679 menses,
998 609 1060 660 lem·

152 697 229 758 pora
251 688 280 740 et
309 700 407 740 annos
430 680 616 758 observatis,
647 684 751 758 timeo,
775 701 812 742 ne
835 685 900 743 sine
925 702 1017 743 eausa
1035 686 1060 742 in

152 760 240 822 vobis
262 755 475 825 laboraverim.

234 845 355 906 Nonam
377 846 460 906 illam
485 846 666 908 sceleratam
690 848 771 908 faoio
786 847 932 909 festorum
957 846 1062 908 dierum

151 927 434 1007 multiplicationem
470 937 501 990 et
532 931 734 1009 iniquitatem.
784 931 835 991 Sin
867 934 948 991 enim
981 930 1063 991 hodie

151 1009 368 1072 Sanatissimus
392 1011 484 1072 dooet
505 1012 646 1074 homines
669 1033 723 1093 per
746 1015 841 1074 otium
857 1015 923 1075 Deo
948 1015 1063 1090 servire,

149 1091 180 1152 id
205 1101 261 1166 est,
284 1102 316 1154 ut
337 1096 403 1174 ipse
425 1097 562 1174 exponit,
585 1097 813 1157 intermissione
836 1116 963 1177 operum
982 1098 1063 1156 servi·

151 1175 234 1253 lium,
257 1195 325 1236 oum
350 1196 456 1238 omnes
479 1177 544 1238 dies
566 1178 652 1238 liberi
675 1180 736 1238 sint
757 1187 787 1238 et
808 1179 847 1240 ed
871 1179 1062 1246 laborandum

151 1266 183 1318 et
203 1259 382 1321 feriandum.
427 1261 458 1320 ln
486 1261 544 1321 hao
567 1266 670 1322 autem
692 1263 772 1322 faeie
797 1263 949 1344 insignius
971 1263 1064 1323 luoent

151 1343 254 1420 magni
286 1343 328 1402 iili
350 1343 418 1403 laeti
448 1343 512 1404 dies
535 1344 740 1424 visitationis,
777 1343 920 1426 Corporis
951 1345 1063 1423 Christi,

150 1424 380 1503 Apostolorum,
395 1426 613 1506 Gonoeptionis
637 1436 667 1488 et
688 1427 842 1489 similium.
886 1429 925 1489 ut
944 1447 1063 1488 neeesse

152 1514 199 1567 est
219 1527 350 1586 pensare
372 1515 402 1568 et
428 1513 527 1589 perire
549 1511 684 1587 animas,
713 1512 737 1570 si
760 1530 840 1591 quae
861 1530 922 1572 non
949 1519 1065 1572 serrant

150 1590 198 1651 vel
220 1591 317 1652 invite
339 1593 463 1652 servaht
484 1593 561 1652 haeo
583 1594 684 1669 stulta,
707 1593 826 1654 inutilia
848 1601 879 1654 et
894 1612 1062 1674 vanaprae·

150 1679 249 1753 nepta.

233 1755 360 1817 Deoima
384 1764 430 1817 est
458 1759 586 1832 insignis
614 1758 664 1819 ille
698 1758 867 1819 ooelibatus
901 1767 930 1819 et
968 1777 1063 1819 mona·

148 1840 245 1899 atione
267 1841 415 1900 uastitatis
439 1841 609 1913 multitudo,
632 1841 723 1921 plane
743 1842 1003 1922 angelioaiaoies,
1016 1841 1063 1900 sed

150 1920 303 1982 diabolioa
326 1943 384 1996 res,
414 1923 452 1983 do
479 1942 539 2002 qna
562 1927 578 1987 1
602 1923 680 1984 Tim.
702 1925 737 1987 4:
767 1924 995 1996 Prohibentium
1018 1944 1062 1984 nu-

150 2003 233 2079 bere,
246 2005 296 2065 ubi
307 2007 427 2082 iterum,
436 2007 517 2084 quod
531 2005 667 2067 Christus
680 2006 807 2067 liberum
818 2007 899 2082 feeit,
911 2007 1062 2068 Sanctissi-

149 2107 220 2147 mus
241 2089 447 2148 neoessarium
470 2090 550 2150 iacit.
594 2090 640 2151 De
663 2107 724 2166 quo
738 2090 816 2153 Dan.
840 2089 895 2153 11:
916 2089 957 2150 Et
970 2089 1008 2150 ad
1021 2089 1063 2148 de·

150 2168 261 2230 sideria
284 2171 441 2231 mulierum
465 2177 495 2231 et
516 2171 554 2232 ad
578 2181 700 2232 omnem
723 2173 822 2232 Deum
836 2190 897 2234 non
909 2173 1061 2252 intelliget.

113 2288 115 2292 ·
149 2250 240 2327 Quod
263 2273 320 2314 nos
342 2253 521 2313 affirmative
545 2261 576 2315 et
597 2254 676 2314 male
690 2254 854 2317 habemus:
877 2255 942 2315 Erit
957 2257 1062 2316 inoon-

148 2335 344 2414 oupisoentiis
379 2336 569 2398 feminarum.
611 2336 719 2397 Daniel
754 2338 828 2413 vult,
851 2337 932 2416 quod
955 2357 1061 2399 uxores

149 2418 226 2478 nolit
247 2419 350 2498 speeie
372 2421 504 2499 pietatis,
527 2438 587 2480 non
611 2431 724 2480 amore·
741 2421 896 2480 uastitatis.

233 2501 402 2562 Undeoima
425 2507 472 2562 est
493 2503 686 2581 reliquiarum
701 2505 869 2582 veneratio,
884 2501 965 2562 bella
977 2502 1061 2582 plane

149 2591 179 2643 et
201 2584 274 2644 luori
297 2584 484 2645 feraoissima
511 2585 614 2647 lanies.
659 2585 737 2645 Hine
762 2587 958 2666 excogitatae
985 2603 1061 2665 pers·

150 2667 339 2746 grinationes
361 2669 549 2745 innumerae,
572 2667 681 2746 quibus
704 2668 828 2728 stultum
859 2663 968 2746 v'ulgus
998 2686 1061 2748 ope·

147 2768 223 2825 ram,
245 2751 404 2829 peouniam
429 2759 458 2810 et
481 2757 600 2830 tempus
623 2750 773 2830 perderet,
796 2770 863 2810 oum
889 2750 971 2810 domi
994 2769 1060 2810 suae

148 2833 268 2892 interim
298 2833 346 2891 vel
374 2834 467 2913 impie
489 2851 592 2892 auram
616 2833 757 2912 negligit,
778 2834 892 2893 reliotis
922 2833 1060 2893 uxoribus
1114 2893 1115 2900 ,

151 2919 182 2974 et
202 2913 281 2992 filiis,
305 2922 413 2975 eontra
434 2915 609 2976 mandatum
633 2914 707 2990 Dei,
729 2916 776 2976 vel
789 2916 1060 2995 incomparabiliter

149 2996 277 3058 meliora
300 3000 419 3078 operari
441 3000 592 3077 potuisset
607 3017 680 3078 erga
693 3000 866 3078 proximum
890 3018 989 3058 suum.
1011 2997 1060 3058 Hie

149 3081 229 3141 enim
253 3079 311 3141 Dei
334 3081 520 3156 mandatum,
544 3083 573 3141 in
597 3081 731 3159 reliquiis
753 3082 935 3142 venerandis
958 3087 1010 3141 ant
1025 3081 1059 3139 vi·

149 3163 276 3226 sitandis
299 3183 415 3224 merum
445 3163 576 3224 studium
605 3165 771 3227 hominum.
814 3163 937 3224 Habent
959 3163 1007 3224 hio
1033 3161 1057 3223 S.

148 3247 368 3327 Hieronymum
392 3253 565 3326 patronum,
596 3248 648 3328 qui
670 3265 738 3308 oum
763 3247 909 3320 adversus
931 3246 1057 3328 Vigilan-

149 3330 224 3390 tinm
246 3331 306 3390 hoo
328 3328 426 3389 solum
451 3329 555 3407 egerit,
577 3348 619 3402 ne¹
638 3329 783 3408 reliquias
811 3330 971 3408 quisquam
993 3330 1057 3388 vitu·

149 3418 236 3488 peret
256 3419 309 3470 aut
331 3417 523 3484 oontemnat,
545 3412 604 3490 ipsi
627 3412 690 3470 eius
720 3412 882 3472 autoritate
905 3431 942 3472 eo
972 3427 1057 3490 usque

150 3489 323 3566 abutuntur,
345 3500 378 3553 ut
400 3493 587 3553 venerationi
611 3494 804 3572 reliquiarum
828 3492 901 3554 nihil
915 3495 1057 3573 patiantur

151 3569 277 3648 detrahi,
298 3593 397 3652 neque
420 3573 544 3634 modum
566 3576 596 3633 in
636 3595 674 3634 ea
708 3577 951 3657 teneri„neque
985 3574 1056 3636 aliud

153 3668 230 3709 onus
257 3655 284 3712 ei
311 3657 451 3735 aequari,
486 3655 598 3717 nedum
627 3657 780 3738 praeferri.
824 3656 903 3735 Quin
936 3657 972 3718 ad
995 3664 1059 3719 vota
