2254 4008
159 165 202 234 52
416 168 458 222 De
476 167 553 238 Capt
571 167 671 236 Babyl.
689 167 829 223 Ecclmite

159 322 339 386 offerrentur
360 342 414 384 scu
436 323 618 385 levarentur.
669 323 719 384 Sic
750 323 898 383 Ezechias
931 323 999 385 Eua.
1025 325 1068 388 37.

160 408 379 469 iubetEsaiam
391 409 494 467 levare
516 411 687 468 orationem
707 409 743 466 in·
759 417 926 486 conspectu
948 407 1002 466 Dei
1022 425 1070 486 pro
1102 456 1103 478 ,

158 492 309 570 reliquiis,
341 498 372 552 ct
404 490 544 568 Psal.:*)
580 491 725 551 Extollite
759 509 865 550 manus
902 500 1015 549 vestras
1044 492 1070 550 in

158 581 283 653 amota,
314 576 402 634 item:
424 574 473 634 Ad
489 581 519 633 tc
541 574 652 634 levabo
667 593 773 633 manus
797 593 897 650 meae,
921 573 1030 635 alim.
1043 576 1071 635 2:

92 679 99 684 ·
158 658 553 738 Levantespurasmanus
581 659 717 718 inomni
746 659 825 717 lucc.
870 657 972 731 Quare
993 673 1073 715 voca·

160 741 232 801 bula
253 740 393 801 sacrificii
415 759 470 800 seu
498 742 664 801 oblationis
694 743 797 800 referri
826 739 939 799 debent
960 755 1019 798 non
1040 741 1072 798 ad

159 831 386 885 sacramentum
409 831 440 883 et
452 831 679 901 testamcutum,
701 824 754 882 sed
778 824 816 882 ad
830 823 977 882 collectas
991 824 1073 900 ipsas.

160 907 249 968 Unde
270 915 302 968 et
323 907 474 986 reliquum
497 913 544 966 est
565 907 747 967 vocabulum
771 906 920 966 collectae
943 923 998 984 pro
1017 923 1074 984 pre-

160 990 245 1051 cibus
268 992 299 1050 in
321 992 415 1050 missa
438 991 536 1052 dictis.
856 1031 858 1038 .

243 1074 327 1133 ldcm
339 1075 421 1150 lacit,
444 1073 526 1152 quod
549 1074 694 1134 sacerdos
720 1092 793 1132 mox
808 1077 989 1131 consecrato
1004 1089 1075 1150 pane

164 1165 194 1217 at
216 1157 312 1216 calice
335 1157 436 1217 elevat
458 1155 606 1235 eundem,
638 1175 699 1234 quo
728 1175 788 1216 non
812 1174 880 1214 sese
903 1154 1013 1214 offerre
1032 1155 1076 1214 ali-

161 1239 233 1319 quid
256 1241 323 1301 Deo
348 1239 492 1315 ostendit,
514 1259 582 1299 cum
606 1241 690 1299 nullo
714 1239 808 1298 verbo
830 1247 893 1297 tum
917 1238 1078 1297 meminerit

161 1324 281 1384 hostiae
302 1343 357 1383 seu
379 1323 552 1385 oblationis.
595 1323 655 1382 Sed
669 1333 716 1382 est
733 1331 763 1381 et
783 1323 813 1381 id
827 1324 925 1400 ipsum
950 1321 996 1380 vel
1019 1319 1078 1380 reli·

162 1424 255 1484 quum
287 1408 361 1466 ritus
398 1406 548 1483 hebraici,
581 1424 642 1484 quo
676 1405 871 1483 levabantur,
904 1423 986 1483 quae
1017 1422 1077 1462 cum

164 1491 328 1569 gratiarum
351 1489 522 1549 actionibus
545 1498 673 1568 accepta
684 1489 752 1548 Deo
774 1489 993 1548 referebantur.
1029 1487 1078 1546 Vel

102 1605 106 1618 ·
162 1572 331 1633 admonitio
354 1574 466 1649 nostri,
495 1591 557 1651 quo
590 1590 793 1652 provocemur
823 1571 861 1630 ad
884 1571 977 1630 fldem
999 1577 1080 1629 testa·

163 1658 258 1716 menti
281 1657 385 1733 huius,
419 1658 501 1734 quod
535 1661 598 1716 tum
631 1655 730 1714 verbis
760 1655 870 1715 Christi
900 1653 1027 1734 protulit
1055 1660 1081 1712 et

163 1739 318 1817 exhibuit,
348 1747 381 1799 ut
403 1739 493 1798 simul
515 1749 545 1798 et
575 1741 695 1819 signnm
718 1739 854 1799 eiusdem
877 1737 1035 1812 ostendat,
1055 1743 1082 1795 et

162 1823 277 1884 oblatio
300 1823 388 1903 panis
411 1824 535 1902 proprie
552 1823 820 1902 respondeathuic
832 1821 1082 1880 demonstrativo:

162 1907 231 1967 Hoc
258 1913 305 1966 est
332 1924 443 1985 corpus
475 1925 591 1983 meum,
622 1923 740 1983 nosque
769 1907 1005 1965 circumstantes
1032 1921 1081 1960 ceu

163 1991 336 2069 alloquatur
358 1990 418 2049 hoc
438 1990 507 2069 ipso
528 1991 627 2068 signo.
671 1987 721 2048 Sic
749 1987 865 2049 oblatio
894 1986 1000 2046 caliois
1021 2005 1082 2065 pro·

164 2074 229 2154 prie
251 2072 437 2152 respondeat
458 2073 529 2131 huic
552 2073 807 2132 demonstrativo:
830 2071 889 2130 Hic
912 2070 996 2129 calix
1017 2071 1083 2129 novi

164 2158 339 2216 testamenti
361 2162 419 2216 etc.
463 2155 566 2216 Fidem
595 2158 675 2214 enim
698 2156 728 2214 in
762 2155 851 2215 nobis
869 2153 1016 2213 sacerdos
1039 2171 1084 2212 ex·

165 2242 260 2299 citare
282 2238 374 2298 debat
408 2240 475 2318 ipso
509 2239 649 2298 elevandi
671 2239 738 2300 ritu.
783 2241 883 2316 Atque
913 2237 1029 2296 utinam
1059 2244 1086 2294 ut

164 2324 196 2383 in
218 2321 314 2382 oculis
337 2323 448 2381 nostris
472 2323 631 2381 manifeste
654 2322 754 2380 elevat
776 2323 896 2400 signum
918 2339 974 2379 een
992 2337 1087 2379 sacra·

167 2415 318 2483 mentum,
347 2406 391 2464 ita
419 2405 507 2464 simul
536 2407 658 2465 auribus
688 2407 799 2466 nostrie
831 2414 939 2484 aperta
967 2403 1084 2481 altaque

166 2507 244 2550 voce
264 2490 483 2568 pronunciaret
504 2497 534 2547 et
555 2490 678 2548 verbum
691 2507 745 2548 seu
761 2494 988 2564 testamentum,
998 2486 1086 2565 idque

165 2574 196 2633 in
219 2572 354 2652 qualibet
375 2574 560 2653 populorum
585 2573 714 2652 lingua,
730 2589 791 2650 quo
813 2570 889 2630 fides
912 2573 1086 2630 exercitare-

166 2667 214 2716 tur
224 2655 256 2738 ¹)
276 2655 447 2718 efficacius.
491 2655 551 2714 Cur
580 2657 660 2715 enim
683 2656 774 2715 liccat
801 2673 912 2733 graece
941 2663 973 2714 et
999 2655 1086 2712 latine

167 2748 198 2800 et
219 2740 362 2800 hebraice
385 2740 509 2798 missam
531 2738 695 2820 perlicere,
726 2749 756 2798 et
781 2756 843 2798 nou
866 2739 958 2797 ctiam
982 2737 1085 2796 alema-

167 2825 236 2883 nice
258 2833 310 2883 aut
332 2823 393 2882 alia
415 2841 597 2902 quacunque
620 2821 744 2902 lingua?

251 2905 405 2981 Quocirca
425 2907 590 2967 observent
617 2925 686 2966 sese
715 2904 908 2981 sacerdotes,
938 2904 999 2964 hoc
1027 2923 1086 2982 per-

167 2991 231 3051 dito
242 2990 564 3070 periculosissimoque
576 2990 691 3066 seculo,
702 2992 753 3068 qui
765 2989 948 3069 sacrificant,
962 2989 1085 3067 primum

169 3081 200 3134 ut
229 3073 323 3133 verba
345 3073 472 3132 canonis
495 3075 618 3133 maioris
639 3084 671 3132 et
694 3075 818 3133 minoris
841 3091 909 3132 cum
943 3071 1087 3147 collectis,

169 3175 249 3238 quae
271 3163 376 3237 aperte
399 3157 488 3216 nimis
511 3155 692 3216 sacrificium
715 3166 836 3234 sonant,
862 3156 1007 3236 dirigant,
1029 3171 1085 3212 non

169 3242 208 3300 ad
230 3246 469 3317 sacramentum,
490 3240 544 3298 sed
569 3241 617 3298 vel
640 3239 790 3318 adipsum
811 3258 923 3319 panem
946 3239 1085 3298 etvinum

170 3321 430 3400 consecrandum,
459 3322 508 3380 vel
535 3323 752 3382 adorationes
775 3341 855 3382 suas.
899 3319 990 3380 Panis
1012 3321 1086 3378 enim

171 3414 203 3466 et
223 3407 326 3465 vinum
349 3412 441 3465 antea
463 3403 630 3464 offeruntur
651 3406 689 3465 ad
713 3405 965 3484 benedicendum,
987 3413 1019 3462 ut
1039 3421 1088 3482 per

228 3586 258 3648 *i
280 3585 352 3639 Ptol.
372 3585 431 3638 137.

227 3656 261 3721 1)
281 3657 312 3707 ln
330 3656 372 3708 ed.
390 3654 469 3708 len:
487 3656 664 3709 excitaretur.
