2254 4008
114 127 156 197 28
372 131 409 188 tte
432 131 509 204 Oapt.
531 133 627 203 Babyl.
647 133 786 190 Ecclesiae

115 285 271 348 doctorem
295 305 364 350 esse
386 286 584 369 haereticum,
606 291 686 350 etin
710 289 884 369 particulari
907 287 1039 349 ecclesia

115 370 317 451 permissione
338 390 436 432 nsum.

195 453 346 514 Recenset
368 453 479 514 ibidem
497 454 654 517 historiam
677 473 710 516 se
725 460 803 515 teste
824 473 862 516 ac
874 459 1038 534 praesente

114 536 237 614 factam,
260 537 312 597 ubi
333 536 481 598 diaconus
495 538 622 598 calicem
643 537 750 599 infanti
768 538 888 617 puellae
907 535 1041 612 dedisse,

115 619 177 681 imo
212 620 372 680 reluctanti
408 620 507 681 eidem
534 621 680 682 infudisse
707 623 886 701 sanguinem
915 620 1040 680 Domini

114 704 305 783 apertissime
340 704 453 764 scribit.
507 702 588 764 Idem
625 703 662 764 de
698 702 727 766 S.
762 703 885 764 Donato
919 703 1042 782 legitur,

115 787 200 847 euius
215 786 340 846 calicem
355 786 492 864 fractum,
515 806 534 846 o
552 789 643 847 miser
655 787 807 865 adulator,
829 805 918 866 quam
932 784 1042 866 frigide

115 868 225 948 eludit,
257 868 383 930 fractum
424 870 554 948 (inquit)
585 870 710 930 calicem
739 871 823 950 lego,
855 870 1039 950 sanguinem

115 952 218 1014 datum
242 971 302 1013 uon
327 953 406 1032 tego.
449 951 529 1028 Quid
553 953 682 1013 mirum?
704 955 754 1033 qui
776 955 808 1012 in
830 955 924 1013 sacris
947 952 1043 1031 scrip·

114 1037 187 1095 turis
209 1034 349 1115 intelligit
379 1035 462 1114 quod
490 1035 569 1108 vult,
604 1038 696 1097 etiam
724 1038 754 1096 in
783 1037 916 1096 historiis
945 1036 1042 1116 legat,

115 1118 198 1198 qnod
219 1116 292 1178 vult.
335 1117 394 1178 Sed
417 1118 551 1197 nunquid
579 1137 634 1198 per
660 1120 721 1180 hoc
749 1117 933 1192 stabilitetli
959 1116 1042 1178 arbi·

117 1202 205 1262 trium
234 1201 397 1279 ecciesiae,
424 1209 477 1261 aut
503 1202 697 1263 confutantur
727 1201 892 1263 haeretici?
925 1200 1044 1261 Verum

116 1283 193 1345 haec
224 1283 346 1344 abunde
369 1285 457 1362 satis,
482 1303 542 1344 non
566 1286 662 1366 enirn,
694 1293 726 1346 ut
747 1285 789 1344 illi
811 1284 1045 1365 responderem,

116 1367 195 1428 haec
216 1367 316 1447 coepi,
338 1369 388 1446 qui
411 1366 520 1446 diguus
541 1386 604 1428 non
627 1374 673 1428 est
694 1369 905 1447 responsione,
932 1366 987 1428 sed
1011 1375 1046 1426 ut

117 1451 160 1511 rei
182 1450 339 1510 veritatem
363 1451 522 1529 aperirem.

199 1531 357 1594 Concludo
392 1534 510 1611 itaque,
548 1552 662 1613 negare
707 1541 866 1613 utramque
902 1533 1042 1613 speciem
1067 1567 1070 1574 ·

115 1615 216 1694 leicis,
246 1635 315 1676 esse
342 1617 467 1695 impium
501 1622 531 1676 et
562 1618 769 1697 tyrannicum,
802 1635 860 1677 uec
891 1617 920 1676 in
944 1635 1043 1676 manu

117 1699 205 1759 ullius
228 1699 346 1779 angeli,
369 1698 480 1759 nedum
504 1718 602 1778 papae
624 1707 653 1758 et
676 1700 796 1760 concilii
820 1699 1042 1777 cuiuscunque.

119 1781 184 1843 Nec
205 1801 310 1843 moror
332 1780 494 1842 concilium
520 1781 765 1858 constantiense,
788 1785 872 1842 cuius
896 1784 1049 1843 autoritas

116 1867 140 1926 si
164 1866 259 1941 valet,
290 1884 343 1926 cur
365 1884 425 1925 non
451 1865 532 1926 valet
553 1874 583 1926 et
605 1850 790 1942 Basiiiense,
825 1864 908 1945 quod
932 1871 1045 1926 contra

116 1951 237 2026 statuit,
260 1948 403 2009 Bohemis
426 1948 517 2008 licere
538 1956 698 2027 utramque
719 1949 853 2028 speciem
876 1949 1047 2028 suscipere,

116 2031 199 2112 quod
223 2030 318 2091 multa
341 2031 547 2110 disputatione
569 2031 631 2091 illic
653 2030 810 2092 obtentum
838 2037 900 2112 est,
928 2039 961 2090 nt
991 2051 1046 2090 ex-

119 2120 235 2176 stantes
264 2113 390 2173 annales
419 2117 449 2172 et
476 2112 581 2173 literae
609 2115 731 2174 concilii
761 2114 902 2194 probant.
951 2113 1047 2190 Quod

117 2197 258 2258 adulator
279 2197 338 2255 iste
357 2197 501 2274 ignorans
524 2195 648 2258 adducit
659 2216 715 2277 pro
729 2216 784 2258 suo
807 2198 938 2275 somnio,
963 2196 1046 2258 adeo

118 2279 285 2362 prudenter
307 2279 410 2338 omnia
432 2284 550 2341 tractat.

202 2361 304 2421 Prima
340 2379 413 2441 ergo
454 2363 614 2441 captivitas
656 2362 744 2422 buius
778 2363 960 2424 sacramenti
998 2370 1048 2423 est

119 2443 223 2525 quoad
245 2445 310 2504 eius
321 2443 521 2504 substantiam
544 2446 827 2526 seuintegritatem,
850 2465 941 2525 quam
954 2445 1046 2506 uobis

118 2527 243 2588 abstulit
270 2525 411 2590 Romana
443 2530 597 2607 tyrannis,
636 2547 698 2589 nou
735 2527 816 2607 quod
851 2534 982 2608 peccent
1013 2529 1046 2588 in

121 2610 283 2687 Christum,
306 2611 440 2690 quinne
462 2613 565 2690 specie
580 2617 712 2690 utuntur,
736 2629 804 2670 cum
821 2611 957 2671 Christus
981 2631 1046 2671 non

120 2695 311 2774 praeceperit
332 2693 392 2754 ulla
414 2694 473 2771 nti,
501 2693 555 2754 sed
578 2693 702 2754 arbitrio
725 2693 886 2755 cuiuslibet
913 2694 1047 2774 reliquit,

119 2775 237 2837 dicens:
261 2775 510 2855 Quotiescunque
533 2777 610 2836 haec
630 2776 772 2854 feceritis,
794 2779 823 2836 iu
847 2778 905 2836 mei
927 2795 1044 2838 memo·

119 2859 194 2920 riam
217 2859 344 2922 facietis.
389 2857 449 2919 Sed
471 2859 554 2938 quod
576 2859 619 2919 itti
641 2867 787 2940 peccaut,
809 2861 860 2939 qui
883 2860 943 2920 hoc
964 2859 1045 2920 arbi-

121 2943 179 3003 trio
203 2940 374 3003 volentibus
397 2941 440 3002 uti
467 2941 632 3021 prohibent
659 2945 819 3022 utramque
846 2942 925 3020 deri,
955 2943 1048 3023 culpa

84 3068 90 3081 r
119 3043 182 3086 non
204 3027 302 3086 estin
332 3024 433 3102 iaicis,
463 3025 518 3084 sed
549 3024 769 3086 sacerdotibus.
813 3025 1045 3086 Sacramentum

120 3125 181 3168 uon
205 3116 252 3168 est
275 3106 479 3186 sacerdotum,
502 3107 556 3167 sed
579 3109 724 3188 omnium,
748 3127 806 3169 nec
827 3108 950 3169 Domini
974 3117 1047 3168 sunt

120 3191 307 3269 sacerdotes,
329 3189 384 3250 sed
406 3191 542 3267 ministri,
566 3190 711 3252 debentes
734 3190 861 3252 reddere
883 3199 1045 3270 utramque

118 3275 253 3354 speciem
276 3272 466 3352 petentibus,
497 3275 738 3354 quotiescunque
760 3275 910 3354 petierint.
952 3274 1045 3350 Quod

121 3356 147 3415 si
167 3355 228 3416 hoc
248 3358 294 3416 ius
315 3356 472 3434 rapuerint
495 3355 579 3415 laicis
603 3364 633 3416 et
655 3358 684 3416 vi
706 3358 898 3436 negaverint,
920 3359 1044 3438 tyranni

121 3444 206 3516 sunt,
228 3436 299 3500 laici
321 3439 387 3496 sine
410 3437 515 3515 culpa,
545 3438 592 3496 vei
616 3458 675 3499 una
696 3439 744 3499 vei
769 3446 895 3520 utraque
921 3448 1043 3504 carent:

178 3617 211 3683 1)
231 3617 261 3669 lu
280 3617 325 3671 ed?
340 3616 418 3671 dem:
437 3616 583 3670 stabilitur.
