2254 4008
153 164 195 232 38
410 163 452 220 De
472 162 550 234 Gapt.
571 162 667 234 Babyl.
685 161 824 220 Ecclesiae

153 319 315 400 Scriptnris
338 316 448 392 verba,
476 323 611 398 pactum,
634 317 757 399 foedus,
780 323 995 378 testamentum
1018 315 1074 377 Do·

154 399 243 481 mini,
278 399 388 480 quibus
420 401 650 481 significabatur
684 401 765 462 Deus
801 401 872 461 oiim
908 400 1072 460 moriturus.

154 487 231 548 Num
256 484 306 546 ubi
321 479 537 546 ¹testamentum
561 492 618 561 est,
640 503 722 544 mors
737 484 890 544 testatoris
912 481 1077 544 intercedat

152 588 281 630 necesse
310 574 374 645 est,
402 567 511 630 surae.
535 571 563 634 9.
612 568 694 629 Deus
726 575 827 628 eutem
863 572 992 628 testatus
1023 576 1074 643 est,

151 651 221 714 ideo
245 670 372 712 necesse
394 651 450 711 fuit
470 670 539 711 eum
563 652 650 726 mori,
674 654 750 712 mori
773 661 952 712 autemnon
970 651 1076 729 potuit,

152 736 209 796 nisi
232 741 314 796 esset
335 734 445 810 homo,
474 736 517 795 its
537 735 574 801 ein
598 734 708 796 eodem
730 733 904 794 testamenti
927 731 1075 795 vocabulo

152 817 460 898 compendiosissime
482 826 511 878 et
532 817 703 878 incarnatio
726 824 758 878 et
770 835 852 878 mors
864 815 978 877 Christi
1000 834 1076 876 ecm-
1120 885 1121 888 Ἴ

152 901 304 982 prehensa
326 907 382 961 est.

235 983 284 1042 Ex
306 981 415 1062 quibus
437 982 499 1043 iam
521 1001 577 1042 sua
598 989 710 1062 sponte
733 990 834 1061 patet,
857 982 925 1061 quis
948 983 986 1042 sit
1010 1001 1077 1042 usus

151 1073 183 1128 et
203 1053 317 1127 {abusus
338 1066 466 1143 missae,
495 1083 574 1144 quse
601 1061 708 1145 digne¹
721 1065 768 1124 vei
800 1065 928 1144 indigna
950 1083 1077 1146 praepa-

151 1151 240 1212 ratio.
283 1147 315 1212 si
338 1149 418 1210 enim
440 1148 603 1229 promissio
626 1155 689 1226 cst,
711 1155 744 1208 ut
765 1148 878 1209 dietum
903 1156 964 1225 est,
989 1147 1077 1208 nullis

153 1231 306 1312 operibus,
329 1231 419 1292 nuliis
442 1230 566 1306 viribus,
589 1231 679 1292 nullis
701 1232 815 1292 meritis
838 1231 876 1292 ed
901 1250 969 1292 eam
995 1249 1077 1292 accc·

153 1314 243 1390 ditur,
264 1313 318 1376 sed
340 1313 408 1376 soie
430 1312 501 1378 fide.
545 1313 603 1374 Ubi
633 1315 713 1374 enim
736 1321 783 1375 est
805 1313 932 1374 verbum
955 1315 1078 1394 promit·
1120 1323 1121 1328 ’

153 1399 242 1458 tentis
264 1397 333 1474 Dei,
353 1396 395 1457 ibi
417 1397 592 1458 necessaria
614 1405 661 1456 est
679 1397 756 1458 fides
779 1397 968 1478 acceptantis
988 1396 1081 1456 homi·

153 1482 210 1558 nis,
234 1486 266 1540 ut
288 1479 403 1542 olerum
425 1482 474 1558 sit,
496 1481 613 1540 initium
630 1481 736 1542 salutis
760 1487 883 1542 nostrae
897 1499 966 1540 esse
979 1479 1081 1553 tidem,

153 1582 233 1642 quae
259 1561 393 1643 pendeat
418 1564 449 1624 in
474 1562 568 1624 verbo
596 1564 801 1643 promittentis
823 1564 898 1643 Dei,
927 1564 978 1642 qui
1011 1564 1082 1624 citra

153 1665 247 1707 omne
269 1651 407 1708 nostrum
429 1645 564 1706 studium
587 1648 720 1726 gratuite
741 1654 772 1708 et
792 1647 945 1708 immerita
968 1647 1081 1707 miseri·

151 1727 258 1789 cordia
291 1748 347 1790 nos
388 1730 548 1810 praevenit
583 1737 615 1790 et
646 1729 735 1792 offert
762 1731 974 1810 promissionis
1009 1748 1081 1790 suae

151 1811 287 1874 verbum.
331 1812 413 1872 Misit
439 1813 520 1871 enim
544 1811 669 1873 verbum
699 1833 803 1889 suum,
836 1821 867 1874 et
895 1813 940 1873 sio
961 1814 1082 1874 sanavit

151 1915 215 1956 eos.
258 1894 328 1956 Nou
353 1900 455 1957 eutem
479 1895 598 1974 accepit
628 1913 705 1975 opus
736 1903 872 1962 nostrum
904 1902 935 1956 et
958 1897 1006 1956 sio
1028 1895 1084 1955 sai·

153 1979 236 2039 vovit
257 1997 325 2040 nos.
369 1977 503 2038 Verbum
525 1976 582 2038 Dei
606 1980 740 2040 omnium
763 1979 895 2058 primum
919 1985 975 2060 est,
1000 1978 1081 2058 quod

153 2062 292 2141 sequitur
319 2059 411 2137 fides,
443 2059 535 2120 fidem
557 2061 686 2141 caritas,
720 2062 831 2140 caritas
868 2061 981 2122 deinde
1012 2062 1083 2122 facit

153 2163 245 2204 omne
267 2142 382 2203 bonum
404 2160 498 2224 opus,
521 2143 676 2222 quianon
699 2153 844 2224 operatur
865 2144 998 2223 malum,
1020 2146 1082 2204 imo

153 2233 201 2286 est
221 2224 379 2307 plenitudo
401 2225 488 2304 legis.
531 2225 597 2286 Nec
618 2225 679 2288 elie
705 2228 754 2286 via
776 2234 877 2306 potest
898 2227 1083 2288 homocum

154 2309 220 2370 Deo
243 2315 296 2370 eut
318 2309 484 2368 convenire
506 2315 558 2368 aut
581 2327 690 2388 egere,
718 2327 810 2388 quam
832 2329 886 2390 per·
908 2309 1020 2388 iidem,
1053 2309 1082 2371 id

153 2397 213 2470 est,
236 2396 351 2453 utnon
374 2389 468 2452 homo
491 2392 553 2450 suis
576 2391 719 2471 operibus
742 2391 822 2470 ullis,
844 2393 898 2454 sed
920 2393 1005 2454 Deus
1029 2413 1084 2454 sue

154 2473 359 2553 promissione
386 2474 426 2534 sit
454 2480 543 2534 autor
567 2473 692 2556 salutis,
726 2481 758 2534 ut
785 2477 890 2538 omnia
916 2475 1083 2556 pendeant,

152 2562 311 2637 portentur
332 2562 552 2638 serventurque
573 2557 604 2616 in
626 2557 720 2618 verbo
752 2559 869 2620 virtutis
898 2579 989 2636 suae,
1021 2577 1082 2638 quo

152 2636 258 2719 genuit
273 2657 342 2717 uos,
364 2645 397 2699 ut
410 2657 548 2700 essemus
564 2640 680 2700 initium
696 2640 820 2721 aliquod
836 2649 996 2704 creaturae
1007 2643 1082 2705 eius.

235 2721 287 2784 Sic
314 2721 403 2782 Adae
443 2729 514 2803 post
546 2722 664 2802 lapsum
706 2723 853 2804 erigendo
887 2723 971 2786 dedit
1002 2725 1084 2785 hene

149 2805 395 2884 promissionem,
419 2805 524 2865 dicens
547 2805 586 2866 ad
609 2816 798 2886 serpentem:
825 2807 1004 2870 Inimicitias
1026 2827 1081 2888 po·

151 2907 222 2948 nam
244 2889 323 2950 iuter
345 2895 374 2951 te
397 2894 428 2949 et
450 2888 625 2966 mulierem,
648 2891 727 2950 inter
748 2909 853 2950 semen
877 2898 961 2953 tuum
984 2898 1016 2951 et
1037 2911 1083 2952 se·

152 2990 219 3030 men
243 2971 339 3050 iliius,
360 2972 428 3049 ipse
449 2978 588 3032 conteret
611 2982 703 3052 caput
726 2979 827 3052 tuum,
850 2981 881 3034 et
904 2980 936 3037 tu
959 2973 1082 3034 insidia·

150 3053 231 3114 beris
260 3054 408 3114 calcaneo
437 3053 528 3115 iliius.
579 3053 612 3114 ln
642 3055 702 3116 hoc
733 3058 946 3136 promissionis
985 3055 1080 3118 verbo

151 3136 249 3198 Adam
283 3156 351 3196 cum
383 3137 445 3196 suis
474 3145 618 3215 tanquam
647 3139 675 3198 in
710 3140 827 3220 gremio
854 3141 912 3202 Dei
941 3146 1082 3221 portatus

150 3226 210 3292 est,
237 3227 267 3280 et
289 3218 349 3279 fide
370 3219 450 3280 illius
473 3226 628 3298 servatus,
657 3231 842 3302 exspectans
863 3223 1081 3303 longanimiter

151 3302 319 3380 mulierem,
332 3320 411 3381 quae
424 3301 597 3384 couteretl)
620 3311 712 3384 caput
726 3308 886 3384 serpentis,
906 3309 984 3368 sicut
996 3307 1080 3366 Deus

150 3385 299 3462 promisit.
343 3383 383 3444 Et
394 3385 425 3443 in
448 3383 578 3444 hacfide
592 3393 621 3444 et
634 3389 865 3468 exspectatione
887 3391 978 3450 etiam
1001 3407 1080 3450 mor·

150 3475 220 3524 tuus
240 3473 296 3546 est,
318 3467 453 3547 ignarus,
476 3467 600 3544 quando
615 3475 645 3528 et
657 3469 755 3549 qualis
772 3478 853 3532 esset
873 3472 982 3548 futura,
1002 3471 1080 3532 futu·

207 3652 238 3716 1)
258 3651 289 3704 ln
308 3652 352 3709 ed.
370 3652 448 3720 ienis
469 3659 631 3707 contereret.
