2258 4002
827 71 832 102 t

132 139 194 210 168
335 139 557 202 Assarttoomn.
580 143 681 198 artD.
700 141 854 215 rthprr

133 299 172 360 sit
194 304 373 380 suseepturo
391 304 636 388 sacramentpm,
664 301 690 361 si
719 299 838 362 desinet
866 257 1000 380 peooare
1022 302 1060 356 et

132 383 323 464 propositum
348 382 497 463 deponat,
520 345 638 444 etia'rnsi
660 382 775 444 nullum
799 382 915 444 bonnm
940 399 1058 462 propo·

134 466 226 526 situm
249 466 371 528 formet.
408 465 538 543 Quidum
562 468 642 528 enim
665 465 886 544 exeisdiount,
910 483 967 526 neo
991 483 1060 524 mo·

133 556 196 609 turn
219 548 333 610 bonnm
357 549 458 610 oordis
480 550 600 628 requiri.
624 550 710 611 Haeo
731 551 844 625 omnia,
865 550 1060 629 quiasupra-

135 631 224 693 dietis
249 633 402 694 contraria
424 639 504 709 sunt,
528 651 601 694 vere
620 633 776 695 haeretios
798 640 877 694 sunt.
913 629 1061 693 Inoredu·

133 716 253 776 litatem
277 734 349 777 vero
372 735 428 796 pro
451 715 535 776 nullo
558 715 646 777 obioe
661 716 784 794 hebent,
806 717 949 793 seientes,
971 713 1062 794 quod

136 818 199 861 non
222 807 271 860 est
291 800 321 859 in
345 804 499 879 potestate
521 806 641 878 nostre,
663 819 779 880 ponere
801 798 1061 873 incredulitatem,

134 882 188 943 sed
210 883 305 943 solius
327 881 401 961 Dei,
423 883 474 960 qui
503 882 633 943 infundit
661 883 744 944 solus
776 882 878 947 fldem.
922 880 1059 958 Quidam

133 971 235 1026 autem
258 985 299 1026 ex
320 965 363 1026 eis
386 963 502 1026 addunt
521 967 634 1044 requiri
656 967 840 1028 attritionem
855 975 885 1026 et
901 965 995 1025 fldem
1011 982 1061 1023 aa

133 1049 285 1130 quiritem,
306 1067 386 1128 quae
408 1048 487 1109 duae
509 1067 568 1128 res,
582 1048 654 1128 quid
667 1050 736 1124 sint,
759 1049 984 1110 nemoiliorum
998 1065 1058 1128 po·

133 1131 189 1192 tuit
211 1149 344 1211 unquam
367 1130 487 1193 dooere.

216 1214 318 1277 Causa
339 1218 451 1292 autern,
473 1233 553 1294 quae
574 1222 679 1276 movet
699 1233 754 1275 eos
786 1217 830 1275 sio
853 1213 976 1293 doeere,
1001 1219 1061 1288 est,

134 1298 216 1378 quod
237 1298 351 1378 alioqui
380 1316 441 1358 non
476 1297 613 1359 videatur
641 1297 810 1359 differentia
839 1296 948 1358 dabilis
978 1297 1064 1356 inter

134 1382 244 1442 veteris
267 1387 297 1442 et
318 1399 418 1441 novae
439 1380 516 1459 legis
539 1388 741 1445 saoramenta.
785 1381 898 1442 Vetera
919 1381 1005 1440 enim
1029 1381 1060 1439 in

101 1461 194 1538 [fide
221 1469 364 1544 susoepto
393 1463 614 1541 iustifioabant,
643 1463 703 1524 hoo
735 1469 790 1540 est,
819 1464 873 1540 iis,
905 1465 956 1544 qui
985 1462 1063 1524 boni

134 1554 230 1627 erant,
252 1547 337 1609 utilia
358 1545 478 1606 iuemnt
503 1547 599 1622 (siout
620 1546 752 1620 dieunt).
794 1547 878 1628 Ergo
901 1564 984 1607 nove
1009 1545 1061 1606 de-

135 1629 208 1691 bont
229 1649 298 1692 esse
320 1629 493 1692 effioaoiora
509 1636 540 1691 et
561 1629 709 1710 prodesse
731 1631 822 1691 etiam
845 1631 891 1710 iis,
916 1630 968 1709 qui
981 1628 1061 1690 boni

135 1733 196 1775 non
216 1719 295 1791 sunt,
316 1719 349 1774 ut
370 1711 443 1774 boni
467 1712 551 1792 fiant,
573 1732 641 1774 oum
664 1715 737 1774 novi
754 1713 941 1774 Testamenti
955 1712 1064 1773 omnia

135 1797 338 1878 perfectiora,
367 1813 458 1877 quam
481 1797 592 1856 veteris
614 1796 801 1857 Testamenti
825 1815 893 1856 esse
917 1794 1064 1856 debeant.

218 1879 283 1940 Nos
306 1886 407 1940 autem
433 1878 578 1958 dioimus,
611 1897 669 1939 neo
686 1881 758 1939 novi
789 1897 847 1939 neo
868 1879 980 1940 veteris
1005 1878 1064 1938 Te

134 1963 277 2024 stamenti
301 1970 515 2040 santamente,
539 1961 592 2023 sed
617 1963 713 2023 soidm
743 1960 835 2023 fidem
864 1960 1063 2040 iusti‘fioasse,

135 2046 214 2107 siout
233 2045 346 2106 Paulus
360 2044 447 2106 dioit:
468 2045 569 2108 Iustus
585 2064 624 2106 ex
640 2044 701 2105 fide
711 2065 768 2106 sua
780 2045 871 2121 vivet,
894 2050 925 2105 et
938 2067 945 2104 :
958 2043 1064 2106 Corde

136 2128 267 2190 ereditur
289 2127 327 2189 ad
350 2127 515 2206 iustitiam,
540 2129 611 2189 ideo
640 2129 718 2189 ratio
739 2129 867 2189 istorum
899 2127 973 2187 nihil
1004 2133 1063 2203 est,

134 2213 212 2273 siout
233 2219 263 2272 et
279 2212 393 2288 omnia,
415 2230 495 2292 quae
517 2230 558 2272 ex
578 2210 630 2272 illa
651 2208 855 2288 deduount¹).
878 2210 984 2271 Potius
1008 2209 1066 2270 dii-

136 2295 239 2355 ferunt
261 2299 455 2355 sacramente
474 2294 674 2376 novaelegis
706 2313 767 2356 non
797 2313 816 2354 u
848 2294 1063 2366 sacramentis,

133 2377 187 2438 sed
204 2398 222 2438 a
234 2377 391 2438 saorifioiis
400 2378 620 2438 etaeremoniis
632 2376 795 2439 saoerdotii
807 2377 962 2455 Aaronioi,
975 2374 1062 2456 quod

134 2479 190 2540 psr
212 2460 290 2522 haee
313 2459 538 2521 mundabantur
561 2479 701 2540 corporo,
723 2466 834 2536 vestes,
857 2459 916 2520 eibi
929 2465 961 2520 et
982 2478 1062 2520 vasa

134 2562 337 2623 quaeeunque
366 2543 404 2605 ab
433 2542 648 2618 immunditiis,
679 2562 759 2623 quae
788 2562 828 2602 ex
856 2549 966 2604 natura
994 2560 1060 2603 non

133 2634 237 2704 erant,
258 2626 312 2687 sed
336 2626 467 2705 exlege
490 2626 585 2702 Mosi,
608 2625 678 2686 ideo
704 2632 737 2687 ut
768 2624 850 2686 nulla
882 2625 1060 2706 promissio,

134 2710 178 2770 ita
199 2709 282 2770 nulls
304 2707 381 2770 fides
403 2709 433 2768 in
457 2710 500 2768 eis
514 2716 587 2771 erat.
610 2709 679 2770 Non
692 2710 773 2770 enim
786 2715 895 2770 natura
917 2714 965 2769 est
984 2725 1060 2789 peo-

135 2800 236 2853 oatum
261 2800 313 2853 aut
333 2790 542 2870 immunditia,
564 2793 589 2852 si
614 2792 746 2854 cadaver
770 2793 921 2873 tetigeris,
944 2798 996 2852 aut
1020 2791 1058 2852 ie·

40 2881 48 2896 ⁴
132 2894 219 2955 pram
236 2881 288 2936 aut
308 2881 537 2952 menstruatam,
559 2874 629 2936 ideo
652 2894 710 2936 neo
731 2881 903 2956 pennatum,
923 2874 978 2936 se'd
1000 2874 1058 2934 im-

134 2956 282 3018 munditia
305 2957 481 3020 vocabatur.

217 3041 258 3100 At
278 3059 333 3120 per
354 3039 407 3101 illa
428 3047 534 3102 nostra
555 3047 750 3101 sacramenta
782 3040 965 3102 mundantur
986 3009 1057 3102 oon·

133 3124 279 3184 scientiae
295 3123 339 3184 ab
361 3121 560 3185 immunditiis
583 3124 671 3198 veris,
696 3142 775 3202 quae
790 3143 829 3184 ex
854 3130 962 3186 nature
983 3123 1058 3183 vitia

134 3213 165 3266 et
186 3210 315 3286 peecata
337 3213 416 3267 sunt.
440 3205 513 3268 ideo
535 3207 698 3286 promissio
722 3219 753 3266 et
774 3205 849 3266 fides
871 3206 921 3266 hio
942 3207 1057 3286 vigent,

133 3288 215 3369 quod
239 3298 270 3349 et
288 3289 319 3350 in
342 3289 443 3350 multis
467 3289 533 3348 eliis
546 3289 640 3368 signis
653 3289 774 3350 Petrum
793 3288 895 3353 videre
908 3295 965 3366 est,
976 3307 1055 3368 quae

133 3370 171 3431 ad
195 3373 386 3432 ceremonias
409 3371 485 3450 legis
510 3391 571 3433 non
594 3371 797 3451 pertinebant.
841 3371 954 3433 Verum
977 3371 1055 3432 haee

134 3459 221 3512 extra
243 3453 444 3533 propositum.

192 3635 223 3703 1)
243 3637 274 3690 In
293 3637 335 3694 od.
355 3639 442 3708 origo
463 3637 600 3693 diducunt.
