<?xml version="1.0" encoding="UTF-8"?>
<!DOCTYPE html PUBLIC "-//W3C//DTD XHTML 1.0 Transitional//EN"
    "http://www.w3.org/TR/xhtml1/DTD/xhtml1-transitional.dtd">
<html xmlns="http://www.w3.org/1999/xhtml" xml:lang="en" lang="en">
 <head>
  <title>
</title>
<meta http-equiv="Content-Type" content="text/html;charset=utf-8" />
  <meta name='ocr-system' content='tesseract 3.04.00' />
  <meta name='ocr-capabilities' content='ocr_page ocr_carea ocr_par ocr_line ocrx_word'/>
</head>
<body>
  <div class='ocr_page' id='page_1' title='image "./operalatinavari03schmgoog_0271.png"; bbox 0 0 2252 4006; ppageno 0'>
   <div class='ocr_carea' id='block_1_1' title="bbox 131 161 741 242">
    <p class='ocr_par' dir='ltr' id='par_1_1' title="bbox 131 117 741 242">
     <span class='ocr_line' id='line_1_1' title="bbox 131 161 741 242; baseline -0.005 -13"><span class='ocrx_word' id='word_1_1' title='bbox 131 161 201 242; x_wconf 63' lang='lat'><strong>260,</strong></span> <span class='ocrx_word' id='word_1_2' title='bbox 437 163 568 228; x_wconf 71' lang='grc' dir='ltr'><strong>Λιιίωῑί</strong></span> <span class='ocrx_word' id='word_1_3' title='bbox 586 176 615 224; x_wconf 80' lang='lat' dir='ltr'><strong>et</strong></span> <span class='ocrx_word' id='word_1_4' title='bbox 631 179 741 226; x_wconf 69' lang='lat' dir='ltr'><strong>onereb</strong></span> 
     </span>
    </p>
   </div>
   <div class='ocr_carea' id='block_1_2' title="bbox 130 295 1125 3312">
    <p class='ocr_par' dir='ltr' id='par_1_2' title="bbox 130 295 1053 558">
     <span class='ocr_line' id='line_1_2' title="bbox 233 295 1053 421; baseline -0.007 -32"><span class='ocrx_word' id='word_1_5' title='bbox 233 323 358 389; x_wconf 62' lang='lat'><strong>&amp;6010</strong></span> <span class='ocrx_word' id='word_1_6' title='bbox 380 295 544 405; x_wconf 69' lang='lat' dir='ltr'><strong>dignificari</strong></span> <span class='ocrx_word' id='word_1_7' title='bbox 577 325 730 421; x_wconf 80' lang='lat' dir='ltr'><strong>papalem,</strong></span> <span class='ocrx_word' id='word_1_8' title='bbox 765 325 838 386; x_wconf 87' lang='lat' dir='ltr'><strong>luna</strong></span> <span class='ocrx_word' id='word_1_9' title='bbox 859 323 1053 404; x_wconf 79' lang='lat' dir='ltr'><strong>imperialem</strong></span> 
     </span>
     <span class='ocr_line' id='line_1_3' title="bbox 130 405 1053 558; baseline -0.002 -90"><span class='ocrx_word' id='word_1_10' title='bbox 130 427 198 558; x_wconf 50' lang='lat' dir='ltr'><strong>avg</strong></span> <span class='ocrx_word' id='word_1_11' title='bbox 230 407 403 470; x_wconf 72' lang='lat' dir='ltr'><strong>secularem</strong></span> <span class='ocrx_word' id='word_1_12' title='bbox 441 415 624 488; x_wconf 83' lang='lat' dir='ltr'><strong>potestatem</strong></span> <span class='ocrx_word' id='word_1_13' title='bbox 660 411 690 468; x_wconf 92' lang='lat' dir='ltr'><strong>in</strong></span> <span class='ocrx_word' id='word_1_14' title='bbox 726 407 900 469; x_wconf 78' lang='lat' dir='ltr'><strong>Christiana</strong></span> <span class='ocrx_word' id='word_1_15' title='bbox 942 405 1053 487; x_wconf 86' lang='lat' dir='ltr'><strong>repub.</strong></span> 
     </span>
    </p>

    <p class='ocr_par' dir='ltr' id='par_1_3' title="bbox 168 509 258 554">
     <span class='ocr_line' id='line_1_4' title="bbox 168 509 258 554; baseline -0.025 0"><span class='ocrx_word' id='word_1_16' title='bbox 168 509 258 554; x_wconf 83' lang='lat' dir='ltr'><strong>rom.</strong></span> 
     </span>
    </p>

    <p class='ocr_par' dir='ltr' id='par_1_4' title="bbox 132 571 1055 736">
     <span class='ocr_line' id='line_1_5' title="bbox 232 571 1055 653; baseline -0.007 -17"><span class='ocrx_word' id='word_1_17' title='bbox 232 574 263 636; x_wconf 87' lang='grc'><strong>4.</strong></span> <span class='ocrx_word' id='word_1_18' title='bbox 285 573 398 653; x_wconf 81' lang='lat' dir='ltr'><strong>Pupam</strong></span> <span class='ocrx_word' id='word_1_19' title='bbox 422 576 528 634; x_wconf 80' lang='lat' dir='ltr'><strong>eteius</strong></span> <span class='ocrx_word' id='word_1_20' title='bbox 552 573 662 634; x_wconf 84' lang='lat' dir='ltr'><strong>Sedem</strong></span> <span class='ocrx_word' id='word_1_21' title='bbox 693 592 753 634; x_wconf 91' lang='lat' dir='ltr'><strong>uon</strong></span> <span class='ocrx_word' id='word_1_22' title='bbox 777 575 872 634; x_wconf 88' lang='lat' dir='ltr'><strong>teneri</strong></span> <span class='ocrx_word' id='word_1_23' title='bbox 896 571 1055 634; x_wconf 82' lang='lat' dir='ltr'><strong>oabieotoa</strong></span> 
     </span>
     <span class='ocr_line' id='line_1_6' title="bbox 132 655 1013 746; baseline -0.008 -25"><span class='ocrx_word' id='word_1_24' title='bbox 132 675 201 721; x_wconf 72' lang='lat' dir='ltr'><strong>eme</strong></span> <span class='ocrx_word' id='word_1_25' title='bbox 224 656 361 718; x_wconf 78' lang='lat' dir='ltr'><strong>oonoiliie</strong></span> <span class='ocrx_word' id='word_1_26' title='bbox 383 664 414 718; x_wconf 87' lang='lat' dir='ltr'><strong>ot</strong></span> <span class='ocrx_word' id='word_1_27' title='bbox 434 656 582 746; x_wconf 81' lang='lat' dir='ltr'><strong>Deoretiu,</strong></span> <span class='ocrx_word' id='word_1_28' title='bbox 604 676 630 716; x_wconf 93' lang='lat' dir='ltr'><strong>o.</strong></span> <span class='ocrx_word' id='word_1_29' title='bbox 652 655 835 736; x_wconf 78' lang='lat' dir='ltr'><strong>Signifloosti</strong></span> <span class='ocrx_word' id='word_1_30' title='bbox 858 656 898 716; x_wconf 92' lang='lat' dir='ltr'><strong>de</strong></span> <span class='ocrx_word' id='word_1_31' title='bbox 920 655 1013 716; x_wconf 83' lang='lat' dir='ltr'><strong>eleut.</strong></span> 
     </span>
    </p>

    <p class='ocr_par' dir='ltr' id='par_1_5' title="bbox 132 723 1125 986">
     <span class='ocr_line' id='line_1_7' title="bbox 237 723 1125 819; baseline -0.009 -15"><span class='ocrx_word' id='word_1_32' title='bbox 237 743 273 804; x_wconf 79' lang='lat'>5</span> <span class='ocrx_word' id='word_1_33' title='bbox 289 739 403 819; x_wconf 87' lang='lat' dir='ltr'><strong>Papam</strong></span> <span class='ocrx_word' id='word_1_34' title='bbox 426 723 589 803; x_wconf 82' lang='lat' dir='ltr'><strong>haberem</strong></span> <span class='ocrx_word' id='word_1_35' title='bbox 612 741 725 801; x_wconf 79' lang='lat' dir='ltr'><strong>aorinio</strong></span> <span class='ocrx_word' id='word_1_36' title='bbox 754 741 888 818; x_wconf 78' lang='lat' dir='ltr'><strong>pectoris</strong></span> <span class='ocrx_word' id='word_1_37' title='bbox 916 739 964 798; x_wconf 84' lang='lat' dir='ltr'><strong>oui</strong></span> <span class='ocrx_word' id='word_1_38' title='bbox 987 755 1056 798; x_wconf 90' lang='lat' dir='ltr'><strong>om</strong></span> <span class='ocrx_word' id='word_1_39' title='bbox 1124 759 1125 764; x_wconf 46' lang='lat'>¹</span> 
     </span>
     <span class='ocr_line' id='line_1_8' title="bbox 132 822 1057 942; baseline -0.002 -61"><span class='ocrx_word' id='word_1_40' title='bbox 132 823 183 882; x_wconf 84' lang='lat' dir='ltr'><strong>nia</strong></span> <span class='ocrx_word' id='word_1_41' title='bbox 202 824 269 884; x_wconf 80' lang='lat' dir='ltr'><strong>iure</strong></span> <span class='ocrx_word' id='word_1_42' title='bbox 291 830 322 882; x_wconf 87' lang='lat' dir='ltr'><strong>et</strong></span> <span class='ocrx_word' id='word_1_43' title='bbox 343 823 465 942; x_wconf 80' lang='lat' dir='ltr'><strong>plenam</strong></span> <span class='ocrx_word' id='word_1_44' title='bbox 488 830 670 920; x_wconf 82' lang='lat' dir='ltr'><strong>potestatem</strong></span> <span class='ocrx_word' id='word_1_45' title='bbox 692 841 784 902; x_wconf 86' lang='lat' dir='ltr'><strong>euper</strong></span> <span class='ocrx_word' id='word_1_46' title='bbox 803 824 907 884; x_wconf 87' lang='lat' dir='ltr'><strong>omniu</strong></span> <span class='ocrx_word' id='word_1_47' title='bbox 923 823 1001 899; x_wconf 82' lang='lat' dir='ltr'><strong>iura,</strong></span> <span class='ocrx_word' id='word_1_48' title='bbox 1026 822 1057 880; x_wconf 91' lang='lat' dir='ltr'><strong>iu</strong></span> 
     </span>
     <span class='ocr_line' id='line_1_9' title="bbox 133 902 425 986; baseline -0.014 -18"><span class='ocrx_word' id='word_1_49' title='bbox 133 905 262 986; x_wconf 78' lang='lat' dir='ltr'>prologo</span> <span class='ocrx_word' id='word_1_50' title='bbox 284 902 401 970; x_wconf 74' lang='lat' dir='ltr'><strong>Sexti-¹</strong></span> <span class='ocrx_word' id='word_1_51' title='bbox 413 915 425 980; x_wconf 77' lang='lat' dir='ltr'>J</span> 
     </span>
    </p>

    <p class='ocr_par' dir='ltr' id='par_1_6' title="bbox 132 987 1062 1317">
     <span class='ocr_line' id='line_1_10' title="bbox 237 987 1059 1068; baseline -0.005 -17"><span class='ocrx_word' id='word_1_52' title='bbox 237 991 267 1054; x_wconf 83' lang='lat'><strong>6.</strong></span> <span class='ocrx_word' id='word_1_53' title='bbox 288 988 338 1048; x_wconf 85' lang='lat' dir='ltr'><strong>Ex</strong></span> <span class='ocrx_word' id='word_1_54' title='bbox 360 1007 420 1067; x_wconf 90' lang='lat' dir='ltr'><strong>quo</strong></span> <span class='ocrx_word' id='word_1_55' title='bbox 443 989 588 1066; x_wconf 80' lang='lat' dir='ltr'><strong>seqnitur,</strong></span> <span class='ocrx_word' id='word_1_56' title='bbox 611 987 1059 1068; x_wconf 80' lang='lat' dir='ltr'><strong>pupombaberepotestatem,</strong></span> 
     </span>
     <span class='ocr_line' id='line_1_11' title="bbox 132 1069 1061 1136; baseline -0.002 -4"><span class='ocrx_word' id='word_1_57' title='bbox 132 1072 237 1135; x_wconf 79' lang='lat' dir='ltr'><strong>omnia</strong></span> <span class='ocrx_word' id='word_1_58' title='bbox 258 1071 388 1136; x_wconf 80' lang='lat' dir='ltr'><strong>oouoilia</strong></span> <span class='ocrx_word' id='word_1_59' title='bbox 416 1082 446 1130; x_wconf 88' lang='lat' dir='ltr'><strong>et</strong></span> <span class='ocrx_word' id='word_1_60' title='bbox 475 1090 581 1132; x_wconf 80' lang='lat' dir='ltr'><strong>ornnes</strong></span> <span class='ocrx_word' id='word_1_61' title='bbox 604 1070 845 1132; x_wconf 80' lang='lat' dir='ltr'><strong>constitutiones</strong></span> <span class='ocrx_word' id='word_1_62' title='bbox 874 1069 1061 1132; x_wconf 75' lang='lat' dir='ltr'><strong>etordiua·</strong></span> 
     </span>
     <span class='ocr_line' id='line_1_12' title="bbox 133 1151 1062 1233; baseline -0.005 -15"><span class='ocrx_word' id='word_1_63' title='bbox 133 1156 234 1218; x_wconf 74' lang='lat' dir='ltr'><strong>tiones</strong></span> <span class='ocrx_word' id='word_1_64' title='bbox 254 1153 458 1233; x_wconf 82' lang='lat' dir='ltr'><strong>oouvullendi‚</strong></span> <span class='ocrx_word' id='word_1_65' title='bbox 488 1154 623 1215; x_wconf 85' lang='lat' dir='ltr'><strong>mutandi</strong></span> <span class='ocrx_word' id='word_1_66' title='bbox 656 1163 688 1214; x_wconf 89' lang='lat' dir='ltr'><strong>et</strong></span> <span class='ocrx_word' id='word_1_67' title='bbox 717 1151 881 1233; x_wconf 77' lang='lat' dir='ltr'><strong>statuendi,</strong></span> <span class='ocrx_word' id='word_1_68' title='bbox 913 1155 997 1214; x_wconf 81' lang='lat' dir='ltr'><strong>siout</strong></span> <span class='ocrx_word' id='word_1_69' title='bbox 1027 1161 1062 1213; x_wconf 86' lang='lat' dir='ltr'><strong>et</strong></span> 
     </span>
     <span class='ocr_line' id='line_1_13' title="bbox 134 1236 960 1317; baseline -0.007 -19"><span class='ocrx_word' id='word_1_70' title='bbox 134 1236 270 1317; x_wconf 72' lang='lat' dir='ltr'>quotidie</span> <span class='ocrx_word' id='word_1_71' title='bbox 293 1237 374 1297; x_wconf 83' lang='lat' dir='ltr'><strong>fouit.</strong></span> <span class='ocrx_word' id='word_1_72' title='bbox 958 1275 960 1280; x_wconf 88' lang='lat'>-</span> 
     </span>
    </p>

    <p class='ocr_par' dir='ltr' id='par_1_7' title="bbox 134 1319 1062 1468">
     <span class='ocr_line' id='line_1_14' title="bbox 172 1319 1062 1400; baseline 0.002 -24"><span class='ocrx_word' id='word_1_73' title='bbox 172 1368 174 1376; x_wconf 93' lang='lat'>.</span> <span class='ocrx_word' id='word_1_74' title='bbox 214 1319 273 1380; x_wconf 88' lang='lat' dir='ltr'><strong>Per</strong></span> <span class='ocrx_word' id='word_1_75' title='bbox 290 1319 373 1399; x_wconf 89' lang='lat' dir='ltr'><strong>quod</strong></span> <span class='ocrx_word' id='word_1_76' title='bbox 385 1320 457 1380; x_wconf 90' lang='lat' dir='ltr'><strong>nihil</strong></span> <span class='ocrx_word' id='word_1_77' title='bbox 472 1319 649 1398; x_wconf 86' lang='lat' dir='ltr'><strong>relinquitur</strong></span> <span class='ocrx_word' id='word_1_78' title='bbox 658 1339 762 1399; x_wconf 84' lang='lat' dir='ltr'><strong>neque</strong></span> <span class='ocrx_word' id='word_1_79' title='bbox 771 1321 933 1400; x_wconf 75' lang='lat' dir='ltr'><strong>potestatis</strong></span> <span class='ocrx_word' id='word_1_80' title='bbox 956 1337 1062 1398; x_wconf 84' lang='lat' dir='ltr'><strong>neque</strong></span> 
     </span>
     <span class='ocr_line' id='line_1_15' title="bbox 134 1402 973 1468; baseline 0 -5"><span class='ocrx_word' id='word_1_81' title='bbox 134 1402 271 1468; x_wconf 79' lang='lat' dir='ltr'><strong>utilitotla</strong></span> <span class='ocrx_word' id='word_1_82' title='bbox 301 1402 550 1464; x_wconf 85' lang='lat' dir='ltr'><strong>Ordinationibue</strong></span> <span class='ocrx_word' id='word_1_83' title='bbox 573 1410 604 1462; x_wconf 85' lang='lat' dir='ltr'><strong>et</strong></span> <span class='ocrx_word' id='word_1_84' title='bbox 624 1404 761 1462; x_wconf 86' lang='lat' dir='ltr'><strong>oonoiliie</strong></span> <span class='ocrx_word' id='word_1_85' title='bbox 784 1403 973 1463; x_wconf 77' lang='lat' dir='ltr'><strong>Christianis.</strong></span> 
     </span>
    </p>

    <p class='ocr_par' dir='ltr' id='par_1_8' title="bbox 134 1484 1062 1732">
     <span class='ocr_line' id='line_1_16' title="bbox 235 1484 1061 1567; baseline -0.007 -16"><span class='ocrx_word' id='word_1_86' title='bbox 235 1490 264 1551; x_wconf 84' lang='lat'><strong>7.</strong></span> <span class='ocrx_word' id='word_1_87' title='bbox 285 1485 426 1548; x_wconf 83' lang='lat' dir='ltr'><strong>Pontifioi</strong></span> <span class='ocrx_word' id='word_1_88' title='bbox 449 1486 590 1546; x_wconf 86' lang='lat' dir='ltr'><strong>Romano</strong></span> <span class='ocrx_word' id='word_1_89' title='bbox 620 1488 665 1545; x_wconf 80' lang='lat' dir='ltr'><strong>ius</strong></span> <span class='ocrx_word' id='word_1_90' title='bbox 688 1505 756 1546; x_wconf 81' lang='lat' dir='ltr'><strong>ease</strong></span> <span class='ocrx_word' id='word_1_91' title='bbox 779 1484 956 1567; x_wconf 75' lang='lat' dir='ltr'><strong>postulandi</strong></span> <span class='ocrx_word' id='word_1_92' title='bbox 979 1487 1061 1546; x_wconf 59' lang='lat' dir='ltr'><strong>iura*</strong></span> 
     </span>
     <span class='ocr_line' id='line_1_17' title="bbox 137 1567 1062 1650; baseline -0.003 -20"><span class='ocrx_word' id='word_1_93' title='bbox 137 1577 270 1634; x_wconf 84' lang='lat' dir='ltr'><strong>mentum</strong></span> <span class='ocrx_word' id='word_1_94' title='bbox 285 1576 315 1630; x_wconf 89' lang='lat' dir='ltr'><strong>et</strong></span> <span class='ocrx_word' id='word_1_95' title='bbox 327 1569 545 1650; x_wconf 71' lang='lat' dir='ltr'>obligationem</span> <span class='ocrx_word' id='word_1_96' title='bbox 554 1567 592 1629; x_wconf 86' lang='lat' dir='ltr'><strong>ub</strong></span> <span class='ocrx_word' id='word_1_97' title='bbox 600 1571 754 1650; x_wconf 80' lang='lat' dir='ltr'><strong>episeopis</strong></span> <span class='ocrx_word' id='word_1_98' title='bbox 764 1589 818 1650; x_wconf 88' lang='lat' dir='ltr'><strong>pro</strong></span> <span class='ocrx_word' id='word_1_99' title='bbox 831 1587 936 1630; x_wconf 89' lang='lat' dir='ltr'><strong>eorum</strong></span> <span class='ocrx_word' id='word_1_100' title='bbox 947 1568 1062 1648; x_wconf 77' lang='lat' dir='ltr'><strong>palliis.</strong></span> 
     </span>
     <span class='ocr_line' id='line_1_18' title="bbox 134 1650 580 1732; baseline 0.004 -22"><span class='ocrx_word' id='word_1_101' title='bbox 134 1669 162 1714; x_wconf 87' lang='lat' dir='ltr'><strong>o.</strong></span> <span class='ocrx_word' id='word_1_102' title='bbox 184 1650 367 1732; x_wconf 74' lang='lat' dir='ltr'><strong>Siguiflouoti</strong></span> <span class='ocrx_word' id='word_1_103' title='bbox 392 1653 430 1714; x_wconf 90' lang='lat' dir='ltr'><strong>de</strong></span> <span class='ocrx_word' id='word_1_104' title='bbox 451 1652 580 1730; x_wconf 83' lang='lat' dir='ltr'><strong>eleot.²)</strong></span> 
     </span>
    </p>

    <p class='ocr_par' dir='ltr' id='par_1_9' title="bbox 179 1733 978 1812">
     <span class='ocr_line' id='line_1_19' title="bbox 179 1733 978 1812; baseline -0.003 -16"><span class='ocrx_word' id='word_1_105' title='bbox 179 1788 182 1796; x_wconf 91' lang='lat'>.</span> <span class='ocrx_word' id='word_1_106' title='bbox 218 1735 332 1799; x_wconf 78' lang='lat' dir='ltr'><strong>(luntre</strong></span> <span class='ocrx_word' id='word_1_107' title='bbox 352 1734 440 1796; x_wconf 92' lang='lat' dir='ltr'><strong>illud:</strong></span> <span class='ocrx_word' id='word_1_108' title='bbox 464 1733 565 1796; x_wconf 76' lang='lat' dir='ltr'><strong>Gratia</strong></span> <span class='ocrx_word' id='word_1_109' title='bbox 587 1733 758 1812; x_wconf 65' lang='lat' dir='ltr'><strong>ademistis,</strong></span> <span class='ocrx_word' id='word_1_110' title='bbox 780 1735 874 1811; x_wconf 83' lang='lat' dir='ltr'><strong>gratis</strong></span> <span class='ocrx_word' id='word_1_111' title='bbox 897 1734 978 1794; x_wconf 84' lang='lat' dir='ltr'><strong>date.</strong></span> 
     </span>
    </p>

    <p class='ocr_par' dir='ltr' id='par_1_10' title="bbox 135 1814 1063 2312">
     <span class='ocr_line' id='line_1_20' title="bbox 158 1814 1063 1898; baseline -0.001 -23"><span class='ocrx_word' id='word_1_112' title='bbox 158 1866 161 1875; x_wconf 86' lang='lat'><em>.</em></span> <span class='ocrx_word' id='word_1_113' title='bbox 237 1817 321 1882; x_wconf 64' lang='lat' dir='ltr'><strong>&amp;Si</strong></span> <span class='ocrx_word' id='word_1_114' title='bbox 350 1836 432 1898; x_wconf 85' lang='lat' dir='ltr'><strong>papa</strong></span> <span class='ocrx_word' id='word_1_115' title='bbox 464 1837 539 1878; x_wconf 82' lang='lat' dir='ltr'><strong>suae</strong></span> <span class='ocrx_word' id='word_1_116' title='bbox 571 1826 602 1878; x_wconf 91' lang='lat' dir='ltr'><strong>et</strong></span> <span class='ocrx_word' id='word_1_117' title='bbox 633 1817 785 1876; x_wconf 78' lang='lat' dir='ltr'><strong>fraternae</strong></span> <span class='ocrx_word' id='word_1_118' title='bbox 811 1817 918 1878; x_wconf 79' lang='lat' dir='ltr'><strong>uelutis</strong></span> <span class='ocrx_word' id='word_1_119' title='bbox 947 1817 992 1876; x_wconf 81' lang='lat' dir='ltr'><strong>ita</strong></span> <span class='ocrx_word' id='word_1_120' title='bbox 1022 1814 1063 1876; x_wconf 84' lang='lat' dir='ltr'><strong>eit</strong></span> 
     </span>
     <span class='ocr_line' id='line_1_21' title="bbox 137 1898 1061 1982; baseline -0.005 -20"><span class='ocrx_word' id='word_1_121' title='bbox 137 1901 308 1982; x_wconf 70' lang='lat' dir='ltr'><strong>negligere,</strong></span> <span class='ocrx_word' id='word_1_122' title='bbox 330 1903 372 1964; x_wconf 85' lang='lat' dir='ltr'><strong>ita</strong></span> <span class='ocrx_word' id='word_1_123' title='bbox 393 1901 507 1962; x_wconf 84' lang='lat' dir='ltr'><strong>inutilis</strong></span> <span class='ocrx_word' id='word_1_124' title='bbox 530 1907 561 1961; x_wconf 91' lang='lat' dir='ltr'><strong>et</strong></span> <span class='ocrx_word' id='word_1_125' title='bbox 581 1900 743 1979; x_wconf 79' lang='lat' dir='ltr'><strong>ruminum,</strong></span> <span class='ocrx_word' id='word_1_126' title='bbox 766 1905 798 1958; x_wconf 91' lang='lat' dir='ltr'><strong>nt</strong></span> <span class='ocrx_word' id='word_1_127' title='bbox 819 1898 1061 1960; x_wconf 77' lang='lat' dir='ltr'><strong>innumerabiles</strong></span> 
     </span>
     <span class='ocr_line' id='line_1_22' title="bbox 135 1983 1061 2066; baseline -0.004 -21"><span class='ocrx_word' id='word_1_128' title='bbox 135 1985 269 2066; x_wconf 78' lang='lat' dir='ltr'><strong>populos</strong></span> <span class='ocrx_word' id='word_1_129' title='bbox 292 1984 383 2044; x_wconf 85' lang='lat' dir='ltr'><strong>duoat</strong></span> <span class='ocrx_word' id='word_1_130' title='bbox 410 2003 514 2044; x_wconf 84' lang='lat' dir='ltr'><strong>seeum</strong></span> <span class='ocrx_word' id='word_1_131' title='bbox 536 1987 637 2065; x_wconf 87' lang='lat' dir='ltr'><strong>primo</strong></span> <span class='ocrx_word' id='word_1_132' title='bbox 658 1983 810 2060; x_wconf 81' lang='lat' dir='ltr'><strong>maooipio</strong></span> <span class='ocrx_word' id='word_1_133' title='bbox 838 1983 1002 2063; x_wconf 85' lang='lat' dir='ltr'><strong>gehennae</strong></span> <span class='ocrx_word' id='word_1_134' title='bbox 1030 1984 1061 2041; x_wconf 93' lang='lat' dir='ltr'><strong>in</strong></span> 
     </span>
     <span class='ocr_line' id='line_1_23' title="bbox 137 2067 1063 2147; baseline -0.003 -19"><span class='ocrx_word' id='word_1_135' title='bbox 137 2075 293 2128; x_wconf 85' lang='lat' dir='ltr'><strong>aeteruum</strong></span> <span class='ocrx_word' id='word_1_136' title='bbox 316 2067 414 2147; x_wconf 83' lang='lat' dir='ltr'><strong>plagis</strong></span> <span class='ocrx_word' id='word_1_137' title='bbox 436 2067 538 2128; x_wconf 81' lang='lat' dir='ltr'><strong>multia</strong></span> <span class='ocrx_word' id='word_1_138' title='bbox 567 2067 777 2147; x_wconf 75' lang='lat' dir='ltr'><strong>vapulaturus,</strong></span> <span class='ocrx_word' id='word_1_139' title='bbox 801 2067 889 2126; x_wconf 82' lang='lat' dir='ltr'><strong>huius</strong></span> <span class='ocrx_word' id='word_1_140' title='bbox 911 2067 1021 2146; x_wconf 82' lang='lat' dir='ltr'><strong>eulpae</strong></span> <span class='ocrx_word' id='word_1_141' title='bbox 1044 2083 1063 2125; x_wconf 88' lang='lat' dir='ltr'><strong>a</strong></span> 
     </span>
     <span class='ocr_line' id='line_1_24' title="bbox 137 2148 1061 2230; baseline 0 -18"><span class='ocrx_word' id='word_1_142' title='bbox 137 2153 260 2212; x_wconf 90' lang='lat' dir='ltr'><strong>nemine</strong></span> <span class='ocrx_word' id='word_1_143' title='bbox 294 2151 478 2211; x_wconf 78' lang='lat' dir='ltr'><strong>mortalium</strong></span> <span class='ocrx_word' id='word_1_144' title='bbox 501 2148 729 2230; x_wconf 84' lang='lat' dir='ltr'><strong>redarguendae</strong></span> <span class='ocrx_word' id='word_1_145' title='bbox 765 2167 848 2227; x_wconf 81' lang='lat' dir='ltr'><strong>esse,</strong></span> <span class='ocrx_word' id='word_1_146' title='bbox 889 2149 958 2211; x_wconf 85' lang='lat' dir='ltr'><strong>diet.</strong></span> <span class='ocrx_word' id='word_1_147' title='bbox 993 2151 1061 2214; x_wconf 85' lang='lat'><strong>40.:</strong></span> 
     </span>
     <span class='ocr_line' id='line_1_25' title="bbox 138 2235 284 2316; baseline -0.022 -17"><span class='ocrx_word' id='word_1_148' title='bbox 138 2235 170 2299; x_wconf 78' lang='lat' dir='ltr'><strong>si</strong></span> <span class='ocrx_word' id='word_1_149' title='bbox 192 2235 284 2316; x_wconf 84' lang='lat' dir='ltr'><strong>Papo</strong></span> 
     </span>
    </p>

    <p class='ocr_par' dir='ltr' id='par_1_11' title="bbox 139 2293 1062 2804">
     <span class='ocr_line' id='line_1_26' title="bbox 220 2293 1062 2394; baseline -0.005 -16"><span class='ocrx_word' id='word_1_150' title='bbox 220 2309 278 2378; x_wconf 90' lang='lat' dir='ltr'><strong>Hio</strong></span> <span class='ocrx_word' id='word_1_151' title='bbox 298 2306 452 2393; x_wconf 82' lang='lat' dir='ltr'><strong>articulus</strong></span> <span class='ocrx_word' id='word_1_152' title='bbox 473 2319 589 2376; x_wconf 79' lang='lat' dir='ltr'><strong>etiamsi</strong></span> <span class='ocrx_word' id='word_1_153' title='bbox 613 2315 799 2394; x_wconf 82' lang='lat' dir='ltr'><strong>uolueeeset,</strong></span> <span class='ocrx_word' id='word_1_154' title='bbox 822 2293 977 2376; x_wconf 82' lang='lat' dir='ltr'><strong>sulfioiens</strong></span> <span class='ocrx_word' id='word_1_155' title='bbox 999 2315 1062 2376; x_wconf 84' lang='lat' dir='ltr'><strong>lue</strong></span> 
     </span>
     <span class='ocr_line' id='line_1_27' title="bbox 139 2397 1060 2479; baseline -0.004 -18"><span class='ocrx_word' id='word_1_156' title='bbox 139 2402 177 2462; x_wconf 88' lang='lat' dir='ltr'><strong>rit</strong></span> <span class='ocrx_word' id='word_1_157' title='bbox 215 2420 309 2461; x_wconf 86' lang='lat' dir='ltr'><strong>oansa</strong></span> <span class='ocrx_word' id='word_1_158' title='bbox 343 2419 449 2460; x_wconf 79' lang='lat' dir='ltr'><strong>omnes</strong></span> <span class='ocrx_word' id='word_1_159' title='bbox 487 2399 581 2460; x_wconf 77' lang='lat' dir='ltr'><strong>libror</strong></span> <span class='ocrx_word' id='word_1_160' title='bbox 613 2397 769 2476; x_wconf 80' lang='lat' dir='ltr'><strong>Pontificio</strong></span> <span class='ocrx_word' id='word_1_161' title='bbox 803 2398 1013 2459; x_wconf 77' lang='lat' dir='ltr'><strong>comburendi.</strong></span> <span class='ocrx_word' id='word_1_162' title='bbox 1026 2397 1060 2479; x_wconf 82' lang='lat'><strong>³)</strong></span> 
     </span>
     <span class='ocr_line' id='line_1_28' title="bbox 140 2468 1060 2563; baseline -0.004 -19"><span class='ocrx_word' id='word_1_163' title='bbox 140 2483 219 2560; x_wconf 77' lang='lat' dir='ltr'><strong>Quid</strong></span> <span class='ocrx_word' id='word_1_164' title='bbox 243 2503 317 2563; x_wconf 88' lang='lat' dir='ltr'><strong>ergo</strong></span> <span class='ocrx_word' id='word_1_165' title='bbox 340 2501 401 2543; x_wconf 92' lang='lat' dir='ltr'><strong>nou</strong></span> <span class='ocrx_word' id='word_1_166' title='bbox 426 2482 631 2544; x_wconf 79' lang='lat' dir='ltr'><strong>diabolicum?</strong></span> <span class='ocrx_word' id='word_1_167' title='bbox 656 2468 726 2561; x_wconf 86' lang='lat' dir='ltr'><strong>qnid</strong></span> <span class='ocrx_word' id='word_1_168' title='bbox 741 2500 801 2542; x_wconf 91' lang='lat' dir='ltr'><strong>non</strong></span> <span class='ocrx_word' id='word_1_169' title='bbox 818 2481 1060 2542; x_wconf 84' lang='lat' dir='ltr'><strong>abominandum</strong></span> 
     </span>
     <span class='ocr_line' id='line_1_29' title="bbox 139 2563 1061 2648; baseline -0.011 -15"><span class='ocrx_word' id='word_1_170' title='bbox 139 2563 359 2648; x_wconf 62' lang='lat' dir='ltr'><strong>proponunm)</strong></span> <span class='ocrx_word' id='word_1_171' title='bbox 383 2566 456 2640; x_wconf 80' lang='lat' dir='ltr'><strong>eibi</strong></span> <span class='ocrx_word' id='word_1_172' title='bbox 491 2575 552 2626; x_wconf 87' lang='lat' dir='ltr'><strong>tam</strong></span> <span class='ocrx_word' id='word_1_173' title='bbox 577 2565 794 2626; x_wconf 85' lang='lat' dir='ltr'><strong>abominabilia</strong></span> <span class='ocrx_word' id='word_1_174' title='bbox 815 2565 1009 2645; x_wconf 88' lang='lat' dir='ltr'><strong>impudenter</strong></span> <span class='ocrx_word' id='word_1_175' title='bbox 1031 2571 1061 2624; x_wconf 90' lang='lat' dir='ltr'><strong>et</strong></span> 
     </span>
     <span class='ocr_line' id='line_1_30' title="bbox 140 2611 1059 2726; baseline -0.005 -15"><span class='ocrx_word' id='word_1_176' title='bbox 140 2651 339 2711; x_wconf 80' lang='lat' dir='ltr'><strong>observantes</strong></span> <span class='ocrx_word' id='word_1_177' title='bbox 352 2657 382 2709; x_wconf 87' lang='lat' dir='ltr'><strong>et</strong></span> <span class='ocrx_word' id='word_1_178' title='bbox 399 2611 565 2709; x_wconf 81' lang='lat' dir='ltr'><strong>dodentesl</strong></span> <span class='ocrx_word' id='word_1_179' title='bbox 589 2648 677 2722; x_wconf 83' lang='lat' dir='ltr'><strong>Vide</strong></span> <span class='ocrx_word' id='word_1_180' title='bbox 686 2648 857 2713; x_wconf 78' lang='lat' dir='ltr'><strong>Christiane</strong></span> <span class='ocrx_word' id='word_1_181' title='bbox 869 2649 976 2725; x_wconf 79' lang='lat' dir='ltr'><strong>bomo,</strong></span> <span class='ocrx_word' id='word_1_182' title='bbox 988 2647 1059 2726; x_wconf 87' lang='lat' dir='ltr'><strong>quid</strong></span> 
     </span>
     <span class='ocr_line' id='line_1_31' title="bbox 140 2732 651 2804; baseline -0.004 -10"><span class='ocrx_word' id='word_1_183' title='bbox 140 2735 199 2804; x_wconf 74' lang='lat' dir='ltr'><strong>te</strong></span> <span class='ocrx_word' id='word_1_184' title='bbox 190 2751 257 2795; x_wconf 84' lang='lat' dir='ltr'><strong>mro</strong></span> <span class='ocrx_word' id='word_1_185' title='bbox 277 2733 487 2794; x_wconf 76' lang='lat' dir='ltr'><strong>ecelesiastica</strong></span> <span class='ocrx_word' id='word_1_186' title='bbox 510 2732 651 2795; x_wconf 86' lang='lat' dir='ltr'><strong>dooeout</strong></span> 
     </span>
    </p>

    <p class='ocr_par' dir='ltr' id='par_1_12' title="bbox 141 2813 1059 2978">
     <span class='ocr_line' id='line_1_32' title="bbox 220 2813 1059 2894; baseline -0.006 -15"><span class='ocrx_word' id='word_1_187' title='bbox 220 2818 272 2883; x_wconf 88' lang='grc'><strong>,9.</strong></span> <span class='ocrx_word' id='word_1_188' title='bbox 296 2815 431 2884; x_wconf 81' lang='lat' dir='ltr'><strong>Salutem</strong></span> <span class='ocrx_word' id='word_1_189' title='bbox 455 2817 658 2882; x_wconf 77' lang='lat' dir='ltr'><strong>universitatis</strong></span> <span class='ocrx_word' id='word_1_190' title='bbox 680 2813 835 2893; x_wconf 83' lang='lat' dir='ltr'><strong>fidelium,</strong></span> <span class='ocrx_word' id='word_1_191' title='bbox 857 2823 930 2894; x_wconf 84' lang='lat' dir='ltr'><strong>poet</strong></span> <span class='ocrx_word' id='word_1_192' title='bbox 951 2813 1059 2890; x_wconf 82' lang='lat' dir='ltr'><strong>Deum,</strong></span> 
     </span>
     <span class='ocr_line' id='line_1_33' title="bbox 141 2897 868 2978; baseline 0.003 -20"><span class='ocrx_word' id='word_1_193' title='bbox 141 2918 184 2970; x_wconf 63' lang='lat' dir='ltr'><strong>en</strong></span> <span class='ocrx_word' id='word_1_194' title='bbox 201 2917 303 2978; x_wconf 82' lang='lat' dir='ltr'><strong>papae</strong></span> <span class='ocrx_word' id='word_1_195' title='bbox 324 2900 533 2960; x_wconf 77' lang='lat' dir='ltr'><strong>incolumitate</strong></span> <span class='ocrx_word' id='word_1_196' title='bbox 557 2899 699 2978; x_wconf 82' lang='lat' dir='ltr'><strong>pendere.</strong></span> <span class='ocrx_word' id='word_1_197' title='bbox 742 2897 868 2960; x_wconf 85' lang='lat' dir='ltr'><strong>ibidem.</strong></span> 
     </span>
    </p>

    <p class='ocr_par' dir='ltr' id='par_1_13' title="bbox 141 2978 1060 3230">
     <span class='ocr_line' id='line_1_34' title="bbox 206 2978 1060 3052; baseline -0.005 -9.914"><span class='ocrx_word' id='word_1_198' title='bbox 206 2981 339 3051; x_wconf 75' lang='lat' dir='ltr'><strong>uonna</strong></span> <span class='ocrx_word' id='word_1_199' title='bbox 358 2982 448 3042; x_wconf 86' lang='lat' dir='ltr'><strong>illud:</strong></span> <span class='ocrx_word' id='word_1_200' title='bbox 473 2981 571 3043; x_wconf 82' lang='lat' dir='ltr'><strong>Credo</strong></span> <span class='ocrx_word' id='word_1_201' title='bbox 595 2982 757 3042; x_wconf 83' lang='lat' dir='ltr'><strong>eooleeiurn</strong></span> <span class='ocrx_word' id='word_1_202' title='bbox 771 2987 910 3052; x_wconf 72' lang='lat' dir='ltr'><strong>uauotom</strong></span> <span class='ocrx_word' id='word_1_203' title='bbox 932 2985 990 3038; x_wconf 89' lang='lat' dir='ltr'><strong>eto.</strong></span> <span class='ocrx_word' id='word_1_204' title='bbox 1012 2978 1060 3040; x_wconf 87' lang='lat' dir='ltr'><strong>Ite</strong></span> 
     </span>
     <span class='ocr_line' id='line_1_35' title="bbox 142 3063 1059 3143; baseline -0.004 -18"><span class='ocrx_word' id='word_1_205' title='bbox 142 3083 269 3128; x_wconf 81' lang='lat' dir='ltr'><strong>neoeeee</strong></span> <span class='ocrx_word' id='word_1_206' title='bbox 302 3073 404 3141; x_wconf 76' lang='lat' dir='ltr'><strong>emet,</strong></span> <span class='ocrx_word' id='word_1_207' title='bbox 428 3067 526 3143; x_wconf 82' lang='lat' dir='ltr'><strong>perire</strong></span> <span class='ocrx_word' id='word_1_208' title='bbox 562 3085 669 3127; x_wconf 80' lang='lat' dir='ltr'><strong>omues</strong></span> <span class='ocrx_word' id='word_1_209' title='bbox 702 3063 902 3141; x_wconf 79' lang='lat' dir='ltr'><strong>Christianos,</strong></span> <span class='ocrx_word' id='word_1_210' title='bbox 940 3063 1059 3141; x_wconf 77' lang='lat' dir='ltr'><strong>quoties</strong></span> 
     </span>
     <span class='ocr_line' id='line_1_36' title="bbox 141 3147 456 3230; baseline -0.02 -16"><span class='ocrx_word' id='word_1_211' title='bbox 141 3167 224 3230; x_wconf 76' lang='lat' dir='ltr'><strong>papa</strong></span> <span class='ocrx_word' id='word_1_212' title='bbox 245 3147 343 3211; x_wconf 80' lang='lat' dir='ltr'><strong>malua</strong></span> <span class='ocrx_word' id='word_1_213' title='bbox 365 3155 456 3212; x_wconf 78' lang='lat' dir='ltr'><strong>esset</strong></span> 
     </span>
    </p>

    <p class='ocr_par' dir='ltr' id='par_1_14' title="bbox 225 3229 1057 3312">
     <span class='ocr_line' id='line_1_37' title="bbox 225 3229 1057 3312; baseline -0.007 -18"><span class='ocrx_word' id='word_1_214' title='bbox 225 3235 275 3297; x_wconf 88' lang='grc'><strong>10.</strong></span> <span class='ocrx_word' id='word_1_215' title='bbox 298 3231 407 3311; x_wconf 86' lang='lat' dir='ltr'><strong>Neque</strong></span> <span class='ocrx_word' id='word_1_216' title='bbox 427 3250 539 3312; x_wconf 86' lang='lat' dir='ltr'><strong>papam</strong></span> <span class='ocrx_word' id='word_1_217' title='bbox 562 3249 664 3310; x_wconf 87' lang='lat' dir='ltr'><strong>neque</strong></span> <span class='ocrx_word' id='word_1_218' title='bbox 689 3231 754 3291; x_wconf 86' lang='lat' dir='ltr'><strong>eino</strong></span> <span class='ocrx_word' id='word_1_219' title='bbox 777 3230 959 3290; x_wconf 86' lang='lat' dir='ltr'><strong>seutentiam</strong></span> <span class='ocrx_word' id='word_1_220' title='bbox 981 3229 1057 3307; x_wconf 88' lang='lat' dir='ltr'><strong>quie·</strong></span> 
     </span>
    </p>
   </div>
   <div class='ocr_carea' id='block_1_3' title="bbox 145 3509 1057 3722">
    <p class='ocr_par' dir='ltr' id='par_1_15' title="bbox 145 3509 1057 3722">
     <span class='ocr_line' id='line_1_38' title="bbox 215 3509 1056 3578; baseline -0.002 -13"><span class='ocrx_word' id='word_1_221' title='bbox 215 3513 247 3576; x_wconf 85' lang='grc'><strong>1)</strong></span> <span class='ocrx_word' id='word_1_222' title='bbox 267 3512 297 3565; x_wconf 92' lang='lat' dir='ltr'><strong>In</strong></span> <span class='ocrx_word' id='word_1_223' title='bbox 319 3513 361 3566; x_wconf 89' lang='lat' dir='ltr'><strong>ed.</strong></span> <span class='ocrx_word' id='word_1_224' title='bbox 380 3511 457 3566; x_wconf 75' lang='lat' dir='ltr'><strong>len:</strong></span> <span class='ocrx_word' id='word_1_225' title='bbox 487 3514 543 3566; x_wconf 83' lang='lat' dir='ltr'><strong>el</strong></span> <span class='ocrx_word' id='word_1_226' title='bbox 573 3512 607 3566; x_wconf 89' lang='lat' dir='ltr'><strong>de</strong></span> <span class='ocrx_word' id='word_1_227' title='bbox 633 3514 742 3566; x_wconf 77' lang='lat' dir='ltr'><strong>constit</strong></span> <span class='ocrx_word' id='word_1_228' title='bbox 769 3513 815 3566; x_wconf 87' lang='lat' dir='ltr'><strong>nb.</strong></span> <span class='ocrx_word' id='word_1_229' title='bbox 836 3512 860 3568; x_wconf 84' lang='lat'><strong>6.</strong></span> <span class='ocrx_word' id='word_1_230' title='bbox 898 3511 931 3578; x_wconf 82' lang='lat'><strong>2)</strong></span> <span class='ocrx_word' id='word_1_231' title='bbox 951 3509 1056 3565; x_wconf 86' lang='lat' dir='ltr'><strong>Ibidem</strong></span> 
     </span>
     <span class='ocr_line' id='line_1_39' title="bbox 145 3579 1057 3722; baseline 0 -84"><span class='ocrx_word' id='word_1_232' title='bbox 145 3579 359 3722; x_wconf 41' lang='lat' dir='ltr'><strong>gfflzssba:</strong></span> <span class='ocrx_word' id='word_1_233' title='bbox 380 3583 414 3636; x_wconf 86' lang='lat' dir='ltr'><strong>de</strong></span> <span class='ocrx_word' id='word_1_234' title='bbox 432 3583 509 3636; x_wconf 82' lang='lat' dir='ltr'><strong>eleut</strong></span> <span class='ocrx_word' id='word_1_235' title='bbox 529 3583 563 3647; x_wconf 82' lang='lat'><strong>3)</strong></span> <span class='ocrx_word' id='word_1_236' title='bbox 582 3582 668 3640; x_wconf 84' lang='lat' dir='ltr'><strong>lbid.:</strong></span> <span class='ocrx_word' id='word_1_237' title='bbox 688 3583 901 3640; x_wconf 74' lang='lat' dir='ltr'><strong>comburendos.</strong></span> <span class='ocrx_word' id='word_1_238' title='bbox 920 3583 952 3645; x_wconf 81' lang='lat'><strong>4)</strong></span> <span class='ocrx_word' id='word_1_239' title='bbox 974 3583 1057 3638; x_wconf 89' lang='lat' dir='ltr'><strong>lbid.:</strong></span> 
     </span>
    </p>
   </div>
   <div class='ocr_carea' id='block_1_4' title="bbox 0 0 1144 4006">
    <p class='ocr_par' dir='ltr' id='par_1_16' title="bbox 0 0 1144 4006">
     <span class='ocr_line' id='line_1_40' title="bbox 0 0 1144 4006; baseline 0 0"><span class='ocrx_word' id='word_1_240' title='bbox 0 0 1144 4006; x_wconf 95' lang='lat' dir='ltr'><strong> </strong></span> 
     </span>
    </p>
   </div>
  </div>
 </body>
</html>
