2258 4002
222 181 329 250 flauam
347 182 434 246 Iseon
451 183 483 245 X.
503 181 625 243 dannot
643 196 668 241 a
688 182 768 246 152οι
908 177 970 252 908

130 336 198 398 Nec
219 336 732 422 carandahntninumraprnbarum
752 336 909 398 distinctio
932 334 970 397 da

56 419 173 481 cerebro
198 440 254 482 suo
277 416 409 483 conflata
432 421 470 483 de
491 420 599 506 poenis
622 420 811 482 medicativis
833 426 864 481 et
885 419 970 496 satis·

54 504 191 566 totonis.
235 504 337 566 Venta
368 503 481 568 Psalmi
513 505 595 565 clara
623 503 751 580 docent,
784 507 914 584 peccate
941 508 973 563 et

53 587 222 665 iniquitates
236 588 324 668 virga
335 588 460 650 visitari.
504 589 544 648 nt
555 603 646 648 nemo
661 588 719 650 nisi
741 588 866 647 insanus
879 591 971 666 queat

53 688 176 749 negare,
206 671 323 752 virgam
343 671 426 734 illam
448 690 518 734 esee
539 689 672 752 poenam
692 690 749 750 pro
772 670 906 750 pcccatis
928 670 970 728 in-

53 751 171 832 ninam,
194 753 261 814 sive
282 751 362 816 hana
382 753 599 818 satisfactionis
621 754 685 816 aiva
705 752 831 817 alterius
852 751 970 832 negotii

53 835 172 900 duram.
216 836 285 900 Non
308 856 381 917 ergo
404 835 522 914 credas,
539 837 663 902 -etirmri
678 836 806 916 angelus
829 837 866 898 de
881 835 970 900 coela

53 917 128 982 aliud
151 918 306 997 docuerit,
335 928 442 984 contra
469 927 530 984 tam
556 921 751 984 manitatem
774 918 970 1000 Scripseram.

52 999 158 1066 ndum
181 1001 324 1066 sidraco
347 1003 543 1083 blasphemus
563 1002 603 1064 de
626 1002 715 1064 Curia
735 1002 876 1064 Romana
889 1001 969 1064 aliud

51 1083 164 1146 tanat
208 1084 278 1148 Non
298 1088 434 1148 remittet
458 1087 553 1150 homo
581 1093 634 1148 aut
656 1085 743 1148 tollet
764 1086 969 1150 visitationem

50 1167 134 1232 huius
156 1168 272 1250 virgae.

307 1358 528 1420 Vicesimus
556 1359 720 1419 tertius:

108 1506 537 1574 Excommunicationessunt
549 1514 667 1574 hatum
682 1527 802 1588 poenae
825 1514 973 1574 externae

108 1608 167 1650 nec
189 1592 313 1672 privant
337 1592 493 1653 hominem
524 1590 736 1652 communibus
763 1590 970 1671 spiritualibus

107 1673 261 1736 ecclesiae
283 1675 482 1740 orationum.

127 1812 219 1874 Hanc
241 1816 315 1876 satis
332 1815 461 1876 limitet
488 1813 616 1896 probavi
642 1815 673 1874 in
694 1831 837 1874 sermone
858 1811 897 1872 da
920 1832 971 1872 ex·

51 1897 343 1972 communicatione,
372 1899 463 1958 stiam
485 1917 540 1978 par
560 1898 762 1977 ipsorummet
781 1893 890 1969 verba,
920 1894 970 1955 ubi

51 1997 126 2058 papa
150 1978 225 2040 dicit
245 1980 303 2042 lib.
324 1985 353 2047 6.
378 1980 416 2041 de
443 1987 732 2044 eenamcenam:
761 1977 970 2038 medicinalem

50 2067 77 2119 et
96 2080 158 2122 non
184 2064 361 2138 mortalem,
390 2083 452 2124 non
475 2063 680 2124 eradicantem
703 2080 771 2121 esee
795 2079 970 2121 excommu-

51 2143 242 2210 nicationem.
293 2148 336 2213 nt
363 2147 387 2209 si
417 2147 551 2228 privaret
573 2143 782 2226 spiritualibus
806 2143 971 2208 communi·

52 2225 101 2288 bus
122 2223 232 2371 benig,
255 2238 336 2292 certe
360 2230 496 2294 mortalis
518 2235 615 2307 esset,
637 2229 709 2308 quia
729 2227 863 2290 animam
885 2245 971 2308 sepa·

51 2317 165 2372 rareta
220 2330 266 2378 en.

127 2391 199 2474 Ego
222 2401 324 2457 autem
346 2393 520 2459 fortioribus
543 2396 634 2456 nixus
656 2413 738 2471 sum,
771 2391 842 2472 quic
865 2391 894 2452 in
914 2410 971 2472 po·

52 2475 301 2540 testatehominis
320 2497 381 2544 non
403 2485 459 2556 eat,
481 2484 515 2538 ut
538 2479 604 2557 quis
628 2476 732 2539 credat
753 2473 802 2536 vel
823 2493 884 2536 non
909 2493 970 2534 cre·

53 2557 113 2636 dat,
143 2557 213 2622 sola
236 2565 336 2628 autem
365 2558 441 2622 tides
469 2559 518 2622 rel
545 2558 740 2624 incredulitas
775 2556 899 2639 copulat
923 2555 971 2620 vel

52 2647 171 2721 separat
200 2644 334 2704 annnam
361 2641 511 2704 ecclesiae
533 2641 609 2718 Dei,
638 2643 717 2704 sicut
739 2639 875 2702 Christus
899 2639 972 2701 dicit

53 2721 139 2784 Marci
163 2723 233 2786 ult:
258 2723 317 2802 Qui
340 2725 510 2804 crediderit,
532 2725 635 2787 salvus
658 2725 728 2802 erit,
750 2724 800 2804 qni
823 2741 885 2785 nnn
908 2740 970 2786 cre·

53 2805 167 2885 diderit,
190 2807 451 2876 condemnabitur.
494 2807 601 2870 Nullus
619 2813 665 2870 ast
677 2826 748 2867 rere
764 2805 971 2882 articulorum,

54 2890 98 2966 qui
120 2889 335 2956 manifestioris
358 2892 397 2952 sit
418 2891 565 2971 veritatis,
588 2910 679 2970 qnam
694 2891 762 2968 iste,
785 2895 817 2948 ut
830 2907 889 2968 ego
909 2906 970 2951 non

53 2970 203 3052 possim¹)
228 2975 301 3036 satis
322 2973 448 3036 laudare
470 2972 602 3036 divinam
623 2971 863 3054 providentiam,
891 2989 971 3049 quae

55 3053 214 3118 draconem
236 3056 326 3122 istum
349 3057 505 3138 antiquum
528 3076 597 3120 cum
618 3075 701 3138 papa
730 3061 761 3116 at
781 3053 894 3118 rabidis
916 3073 969 3134 pa-

54 3137 131 3214 pietis
145 3138 208 3203 suis
224 3138 467 3216 sicexcaecavit,
491 3146 523 3200 ut
543 3139 654 3202 lutam
676 3137 789 3201 cleram
813 3137 970 3199 veritatem

55 3220 139 3286 etiam
162 3241 181 3282 a
202 3240 236 3282 se
255 3221 329 3301 ipsis
351 3227 496 3284 statutam
517 3221 734 3302 impingerent,
757 3238 817 3300 qna
840 3218 970 3282 vel-una

56 3302 195 3365 caecitate
218 3307 311 3370 totius
333 3303 421 3368 huius
444 3303 551 3366 Bullae
571 3305 765 3367 autoritatem
788 3320 850 3362 uon
874 3299 967 3362 modo

58 3384 141 3465 milri,
163 3385 217 3450 sed
240 3389 295 3448 toti
318 3386 383 3450 orbi
406 3386 514 3450 merito
536 3391 743 3467 contemptam
765 3382 970 3448 reddiderunt.

107 3666 136 3737 t)
156 3665 187 3722 la
203 3665 270 3724 enat
287 3669 372 3740 erip:
400 3683 524 3738 mnne.
