2250 4008
136 209 199 276 494
428 213 586 268 Gonlntatio
605 213 772 268 luthericus

137 385 199 427 non
226 370 300 427 satis
333 376 399 427 erat
427 369 566 429 remissio
599 369 822 449 peccatorum?
866 367 977 427 Nonne
999 365 1056 424 huc

137 453 293 530 congruit,
326 450 407 530 quod
437 456 625 532 poenitentia
656 462 701 512 εει
730 453 901 512 immutatio
935 469 1055 528 corrup-

136 534 228 594 tionis
252 543 283 593 et
313 537 473 596 renovatio
497 535 534 594 de
556 545 685 614 peccato
709 537 846 611 assidua,
870 553 960 613 quam
986 551 1054 612 ope-

136 625 219 677 ratur
235 617 322 692 fides,
345 617 458 677 donum
477 617 533 678 Dei
557 629 587 678 et
609 620 771 680 remissio?
793 619 920 680 Gratiae
942 616 1054 676 donum

137 707 192 778 est,
217 709 332 760 utnon
355 702 454 760 sitibi
478 709 637 781 peccatum
661 705 733 764 irae.
777 703 842 762 Nec
866 702 947 760 enim
970 719 1055 778 prae-

137 783 231 843 dicari
260 782 352 845 docet
379 785 599 864 poenitentiam
629 787 710 844 illam
739 786 876 864 fictitiam
900 783 1055 863 Sophiste-

136 885 212 944 rum‚
235 885 313 946 quae
336 866 374 926 ad
396 867 503 926 horam
526 866 622 930 durat.
676 867 828 943 Quamdiu
851 865 1055 948 praedicatur,

134 951 281 1029 quamdiu
313 951 441 1027 vivitur,
471 951 690 1031 poenitendum
732 961 763 1012 et
790 951 968 1012 novandum
1002 959 1056 1025 est,

136 1040 169 1092 ut
190 1041 349 1112 peccatum
372 1034 553 1113 expellatur.
597 1033 741 1114 Nunquid
770 1045 858 1116 potes
882 1036 928 1093 sie
950 1039 1055 1112 aptare

136 1118 194 1176 ista
218 1117 278 1176 duo
301 1115 467 1177 infirmitati
490 1125 520 1176 et
541 1118 684 1197 poenae?
716 1121 783 1198 quis
817 1119 854 1177 ds
882 1115 1056 1176 infirmitate

135 1198 312 1280 poeniteat?
346 1201 413 1278 quis
435 1219 567 1280 poenam
595 1202 743 1260 innovet?
788 1202 868 1262 ldem
897 1199 971 1260 iacit
994 1219 1055 1257 ver-

137 1285 207 1342 bum
228 1282 373 1342 iohannis
385 1283 542 1362 Baptistae
566 1304 585 1342 a
607 1284 728 1343 Christo
750 1283 927 1364 repetitum:
948 1281 1055 1340 Poeni-

135 1367 260 1426 tentiam
281 1367 373 1446 agite,
395 1369 761 1449 appropinquatreguum
779 1368 946 1428 coelorum.
976 1364 1056 1439 Quid

135 1448 196 1508 hoc
218 1458 280 1526 est,
313 1450 370 1508 nisi
394 1461 511 1510 mutare
534 1453 645 1530 vitam,
678 1451 760 1530 quod
794 1451 869 1510 fides
893 1451 964 1509 lacit
987 1467 1055 1527 pec-

136 1542 236 1592 catum
267 1551 459 1612 expurgans,
495 1539 525 1592 et
556 1531 611 1591 sub
639 1533 696 1594 Dei
723 1554 819 1614 regno
854 1553 939 1606 esse,
972 1531 1056 1610 quod

135 1617 234 1694 gratia
256 1615 327 1674 lacit
348 1615 528 1675 remittens?
552 1615 628 1674 Nam
651 1616 708 1676 hos
731 1618 845 1678 fructus
870 1615 981 1695 dignos
1005 1633 1057 1674 vo-

135 1710 185 1759 cat
202 1699 362 1779 lohannes,
384 1701 409 1758 si
426 1705 585 1779 peccatum
603 1709 799 1780 expurgetur,
822 1710 852 1760 et
876 1719 936 1760 non
960 1717 1057 1776 opera
1123 1695 1124 1712 ²

135 1790 264 1842 externa
307 1782 495 1844 simulentur.
548 1781 615 1841 Huc
647 1791 709 1843 tam
749 1784 875 1864 pulchre
915 1783 1054 1860 congruit

135 1864 282 1946 parabola
311 1866 416 1927 lllatth.
441 1867 487 1928 13.
521 1863 559 1924 de
588 1866 737 1926 fermento
770 1872 801 1927 et
838 1867 954 1926 larinas
981 1867 1056 1923 satis

136 1949 245 2027 tribus,
275 1954 307 2008 ut
329 1949 401 2008 nihil
430 1949 529 2029 aptius
552 1951 658 2028 possit.
701 1949 769 2010 Non
794 1951 839 2009 sic
860 1956 962 2009 autem
985 1966 1057 2008 oon-

134 2033 224 2112 gruit,
247 2034 271 2090 si
294 2030 499 2092 infirmitatem
522 2039 553 2091 et
572 2051 706 2111 poenam
720 2033 858 2114 appelles
881 2039 1056 2114 peceatum,

131 2118 194 2175 imo
217 2117 277 2174 iam
301 2115 443 2175 tenebras
466 2113 600 2175 offudisti
622 2117 667 2175 his
691 2119 835 2190 vocibus,
871 2128 903 2175 ut
925 2113 1054 2194 parabo-

132 2199 191 2258 lem
221 2217 282 2259 non
313 2199 418 2258 videas
446 2216 504 2258 nec
532 2200 641 2278 sapias.
691 2199 758 2260 Huc
786 2207 816 2259 et
844 2198 994 2280 parabola
1018 2195 1056 2255 de

131 2283 279 2342 semivivo
303 2283 526 2342 aSamaritano
549 2291 654 2344 curato
679 2281 781 2357 total)
808 2293 838 2342 et
860 2284 959 2362 primo
982 2280 1055 2339 loco

132 2368 277 2447 pertinet,
300 2366 350 2444 qui
373 2385 435 2426 non
459 2364 548 2424 simul
570 2374 710 2444 sanatus,
734 2366 823 2426 simul
846 2373 907 2425 tam
931 2382 1056 2443 suscep·
1121 2429 1122 2442 χ

133 2458 181 2509 tus
208 2458 255 2509 est
283 2451 397 2526 curari,
427 2449 520 2508 levita
547 2457 577 2507 et
605 2449 766 2510 sacerdote
788 2449 877 2530 Legis
907 2449 1055 2507 ministris
1121 2457 1122 2462 ’

132 2532 303 2593 videntibus
327 2551 407 2616 eum,
430 2532 567 2592 sednon
590 2533 773 2594 iuvantibus.
806 2533 868 2592 Lex
891 2537 1054 2610 peccatum
1121 2531 1122 2536 ’

136 2615 186 2700 (nt
208 2617 289 2692 dixi)
316 2633 507 2696 cognoscere
528 2616 614 2692 iacit,
645 2617 699 2676 sed
723 2616 859 2677 Christus
882 2613 1053 2696 perfidem

131 2713 230 2777 sanat,
252 2705 283 2759 et
303 2700 332 2760 iu
355 2701 485 2778 gratiam
508 2699 564 2758 Dei
586 2699 711 2760 reducit.

215 2783 281 2842 Huc
301 2783 375 2843 illud
398 2783 504 2843 lohan.
531 2785 584 2846 13:
620 2783 678 2858 Qui
713 2783 792 2843 lotus
826 2787 887 2859 est,
920 2778 1054 2839 muudus

133 2873 179 2926 εει
201 2872 299 2944 totus,
323 2885 436 2947 nempe
459 2868 682 2947 pergratiam,
716 2875 746 2926 et
767 2874 869 2928 tamen
892 2863 977 2922 lavat
999 2881 1054 2942 per

132 2949 223 3010 fidem
255 2957 433 3029 operantem
455 2949 551 3029 pedes
573 2953 691 3030 peccati
714 2949 837 3030 reliqui3
866 2947 946 3024 huo,
969 2943 1053 3026 quod
1120 2959 1121 2970 ¹

132 3052 188 3093 nos
212 3032 351 3113 palmites
373 3033 403 3091 in
419 3032 539 3094 Christo
552 3031 603 3113 i),
622 3035 671 3112 qui
696 3042 742 3092 est
763 3035 842 3109 vilis,
865 3049 932 3091 cum
951 3030 1054 3088 fructi·

131 3117 256 3178 ficemus
279 3125 312 3176 ut
333 3116 437 3175 mundi
465 3136 519 3196 per
547 3119 664 3193 omnia,
692 3125 793 3176 tamen
822 3113 962 3195 agricola
984 3131 1054 3172 coe-

133 3202 216 3261 lestis
240 3199 384 3276 mundum
408 3208 528 3281 purgat,
551 3211 583 3261 ιιι
604 3199 752 3260 fructuum
775 3201 842 3281 plus
866 3197 994 3259 afferat:

216 3283 297 3343 Nihil
327 3285 436 3344 horum
464 3291 552 3364 potes
588 3284 626 3344 ad
654 3303 772 3364 poenas
803 3291 831 3343 et
859 3281 1054 3342 infirmitates
1119 3309 1120 3326 ι

134 3377 250 3448 aptare,
272 3369 373 3426 statim
398 3368 476 3426 enim
493 3369 572 3447 perit
587 3367 718 3446 lavandi,
741 3367 902 3448 purgandi,
926 3360 1054 3424 curandi

133 3467 250 3528 sensus,
272 3451 329 3508 nisi
353 3449 434 3528 quod
460 3469 539 3530 vaga
561 3452 692 3511 venialia
715 3451 773 3509 huc
795 3452 895 3530 possis
921 3449 1053 3507 trahere.

207 3635 237 3773 ἐξ
257 3633 467 3762 lJnhedil‘sdeu':
488 3639 555 3691 toto.

277 3722 293 3759 o
315 3723 358 3761 an.
412 3744 421 3761 .
