2250 4008
317 161 441 220 anissis
460 150 641 219 [atomum
659 169 709 218 etc.
920 158 983 236 468

61 316 188 379 actions
208 322 335 396 potans,
370 318 401 378 in
424 316 475 378 ubi
503 324 533 376 et
561 315 684 396 quaudo
713 315 878 394 regnabat,
909 317 982 394 quia

61 397 179 477 ubique
200 406 231 460 et
251 419 373 480 semper
404 402 432 460 in
467 401 608 462 omnibus
631 398 758 476 viribus,
795 400 877 458 omni
906 398 982 460 bora

60 481 274 559 praevalebat.
312 483 347 547 ln
368 485 520 563 passionis
544 501 616 544 vero
640 482 889 562 praedicamento
910 479 983 542 nihii

60 571 147 641 erat,
169 583 232 626 non
253 566 334 626 anim
357 564 530 646 patiebatur
551 567 650 646 legem
672 571 867 644 arguentem,
897 562 980 625 nole·

61 647 116 706 bai
140 650 222 728 tangi
246 647 348 712 etiam.
392 648 510 713 Deinde
537 649 627 710 situm
649 668 736 708 auum
759 649 788 707 in
812 647 905 706 corde
927 666 981 726 pc·

60 738 185 808 suerat,
215 729 370 795 declinere
392 731 501 792 faciem
524 750 610 794 suam
635 731 794 805 deorsum,
826 739 856 790 et
876 729 915 790 ad
938 732 980 793 in-

59 813 146 876 feros
168 833 343 894 properare.
386 813 480 875 Porro
511 814 619 877 relatio
653 825 718 876 erat
752 815 886 874 omnium
914 831 982 893 pes·

60 897 153 973 sima,
176 897 495 978 quodopponebatar
515 899 652 978 gratiae,
675 896 844 959 subiectum
868 896 939 956 irae.
953 903 984 957 st

31 1051 32 1062 ἵ
58 979 157 1038 furori
180 979 248 1041 Dei.
291 979 342 1042 Sic
363 980 520 1060 regnabat,
545 999 602 1042 uns
624 978 832 1042 serviebamus
853 979 906 1040 illi.
1007 1017 1008 1020 =

77 1127 81 1138 ,
147 1063 190 1124 At
211 1082 278 1127 cum
300 1065 435 1124 venisset
455 1083 581 1143 regnum
605 1063 680 1138 Dei,
703 1063 831 1122 divisum
854 1070 901 1124 est
923 1063 982 1122 boc

59 1163 211 1226 regnum,
244 1149 386 1226 princeps
408 1149 511 1207 muudi
533 1147 647 1207 ciectus
670 1145 767 1228 foras,
801 1153 895 1224 caput
921 1163 981 1208 aet·

58 1229 168 1306 pentis
191 1231 367 1309 contritum,
391 1248 487 1308 usqua
509 1229 548 1292 ad
563 1229 665 1293 faeces
681 1238 713 1288 et
733 1227 878 1308 reliquias
895 1246 982 1306 ques-

59 1309 145 1388 dam,
169 1329 248 1390 quae
270 1320 376 1374 nostra
399 1313 519 1374 demum
542 1331 616 1374 cara
637 1314 697 1372 sint
724 1311 984 1373 exterminandae.

57 1390 114 1452 Sic
132 1395 278 1473 ingressis
290 1394 359 1457 filiis
371 1395 463 1457 lsrael
481 1405 591 1456 terram
600 1395 746 1456 Obauaan
770 1413 877 1454 omues
891 1395 983 1475 plano

57 1495 152 1558 reges
178 1477 405 1560 occidebantur,
427 1479 520 1538 virtus
542 1497 647 1540 eorum
670 1478 815 1554 contrita,
839 1477 984 1556 reliquiae

58 1560 672 1640 tamenlebusaeorum,0haueuaeorurn,
685 1565 921 1621 amorraeorum
933 1568 984 1633 (ut

59 1641 160 1706 ludic.
185 1648 212 1706 1.
234 1643 392 1724 scribitur)
416 1653 644 1722 remanserunt,
675 1643 821 1704 naturalis
856 1654 885 1705 et
916 1659 1026 1722 ger-„¹

59 1745 156 1786 meua
179 1729 277 1806 portio
299 1727 420 1792 illorum
449 1729 632 1810 populorum
660 1726 839 1804 deletorum,
861 1726 915 1787 sed
939 1727 984 1786 sio

60 1817 94 1870 nt
118 1817 224 1870 esseut
245 1809 394 1871 tributarii
415 1817 446 1871 et
473 1813 568 1892 servi,
602 1830 664 1870 non
693 1819 793 1871 autem
822 1815 984 1888 regnarent

58 1899 115 1952 ant
144 1897 348 1972 aequarentur
380 1892 448 1954 filiis
469 1895 581 1972 lsrael,
619 1912 696 1973 quos
731 1891 852 1954 demum
882 1889 983 1954 David

58 1973 237 2036 confortato
258 1995 355 2056 regno
378 1976 499 2040 delerit.
548 1977 595 2038 lta
622 1995 679 2038 nos
707 1977 737 2036 in
760 1994 887 2055 regnum
910 1974 980 2038 fidet

60 2059 168 2120 vocati
190 2077 245 2138 per
267 2057 411 2140 baptismi
431 2061 560 2140 gratiam
583 2077 711 2140 regnum
725 2060 845 2139 peccati
863 2057 982 2120 obtine?

60 2139 144 2218 mus,
167 2143 264 2202 caesis
288 2142 431 2204 omnibus
455 2141 566 2204 viribus
579 2143 654 2204 eius.
682 2142 812 2203 Tantum
835 2142 865 2201 in
889 2161 980 2205 mant·

61 2226 126 2284 bris
149 2225 294 2304 reliquiae
323 2235 464 2306 maneat,
497 2233 768 2303 remurmurantes,
800 2232 831 2284 at
861 2227 981 2304 generis

61 2307 157 2368 deleti
179 2309 225 2368 sui
247 2310 401 2390 ingenium
424 2317 455 2370 et
476 2318 615 2370 naturam
632 2308 808 2384 relerentes,
829 2326 906 2387 quas
928 2327 982 2372 uc·

11 2412 16 2420 ·
60 2400 128 2452 stro
154 2399 248 2452 marte
262 2392 389 2454 abolere
411 2392 568 2456 debemus.
611 2391 676 2452 Fiet
695 2399 814 2468 actm,
849 2392 900 2453 nbi
921 2391 980 2453 Da·

62 2475 116 2534 vid
141 2483 244 2535 noster
266 2477 437 2539 confortato
459 2495 555 2556 regno
585 2475 698 2538 sederit
729 2477 760 2534 in
790 2474 863 2536 sede
890 2476 981 2536 maie-

60 2562 152 2620 statis
174 2578 259 2621 suae.

150 2642 197 2704 De
229 2641 289 2704 boc
317 2641 434 2722 reliquo
468 2649 596 2722 peccato
626 2643 699 2702 mibi
733 2662 801 2702 curn
828 2641 983 2722 sophistis

62 2727 206 2806 quaestio
243 2732 305 2806 est,
350 2745 389 2786 an
425 2726 463 2786 sit
497 2725 683 2786 censendam
717 2745 788 2787 vere
819 2734 981 2807 peccatum

64 2807 184 2870 necne?
207 2807 246 2868 Et
268 2817 299 2870 ut
321 2807 434 2870 dictum
458 2817 514 2889 est,
536 2827 650 2888 negare
672 2827 733 2870 non
750 2819 889 2889 possunt,
911 2827 983 2889 pan·

64 2906 168 2952 catum
192 2891 232 2954 ab
254 2891 406 2973 Apostolo
429 2891 498 2970 dici,
520 2893 608 2952 sicuti
631 2892 754 2972 vellent,
776 2892 846 2954 ideo
869 2893 907 2952 ad
926 2887 981 2954 Pa·

64 2983 146 3037 trum
169 2974 289 3056 glossas
312 2982 342 3036 et
368 2976 577 3038 distinctiones
609 2975 806 3057 confugiunt,
839 2976 917 3037 adeo
951 2983 986 3036 ut

65 3060 267 3138 obtinuerint,
300 3059 439 3126 utPauli
474 3079 536 3120 vox
567 3061 748 3123 conticuerit
779 3079 834 3139 per
865 3060 984 3135 orbem,

66 3160 221 3222 nemoque
242 3144 281 3202 sit
303 3142 443 3222 amplius,
465 3144 516 3222 qui
538 3141 611 3203 illud
633 3147 794 3222 peccatum
818 3149 908 3202 aocet
929 3160 981 3204 oc-

67 3228 164 3302 mine,
194 3245 254 3305 quo
277 3223 389 3287 Paulus
412 3235 518 3302 vocat,
550 3225 687 3287 volentes
709 3245 778 3285 esse
799 3244 906 3286 vocem
929 3224 980 3283 sb-

66 3307 193 3386 surdam
214 3318 244 3382 et
266 3309 486 3390 periculosam,
521 3309 607 3388 quasi
629 3307 757 3388 Spiritus
785 3317 907 3369 saumas
928 3309 981 3368 mi-

69 3413 125 3458 nus
157 3391 306 3473 providus
338 3393 441 3468 luerit,
474 3401 525 3454 aut
560 3391 653 3454 rerba
679 3393 841 3470 ignorarit,
872 3389 1002 3471 quibus

68 3479 135 3539 sine
151 3475 292 3556 periculo
316 3476 354 3538 de
372 3473 465 3536 rebus
477 3477 540 3536 suis
559 3476 745 3557 loqueretur,
768 3483 798 3534 et
818 3493 876 3536 nos
897 3474 984 3552 loqui

70 3560 202 3622 doceret.
245 3557 376 3620 Proinde
398 3577 454 3639 pro
475 3557 652 3620 reducendo
685 3577 740 3618 usu
762 3557 907 3620 Paulinae
930 3574 982 3616 vo·

70 3644 113 3703 cis
137 3641 186 3702 hic
207 3644 310 3704 omnia
326 3643 461 3704 omnium
473 3643 595 3704 Petrum
619 3643 699 3703 dicta
719 3640 814 3702 semel
836 3642 866 3702 in
889 3657 982 3702 unum
