2252 4006
239 183 347 238 Bullarn
358 185 448 260 'laeam
467 185 502 240 X.
520 184 642 240 damnat.
661 200 687 240 a.
709 185 787 242 1520.
911 187 973 254 205

45 340 164 421 pliciter
186 345 217 400 et
239 357 362 420 semper
383 345 414 400 et
442 337 554 420 ubique
575 338 710 419 impiata.
753 342 793 402 At
820 343 968 422 primatus

43 427 102 484 iste
135 440 174 482 na
208 441 268 482 una
300 421 422 501 quidem
456 422 533 482 hora
572 422 715 502 impletus
745 431 792 484 est
825 443 969 504 unquam.

41 504 238 585 Impossibile
260 513 362 565 autam
386 505 493 565 fuisset
514 525 582 565 eum
611 524 672 566 non
702 505 837 588 impleri,
866 511 891 568 si
920 509 968 570 vel

42 594 228 669 praeseptus
252 588 300 648 val
321 589 490 668 promissus
503 590 617 649 fuisset.
652 588 776 668 Eligant
789 608 862 671 argo
886 591 968 670 quod

43 671 168 750 volunt,
199 670 282 730 Deus
310 672 473 750 primatum
502 672 583 732 Petri
610 673 742 732 instituit
762 691 800 732 ae
820 676 968 752 promisit,

41 764 77 814 et
97 772 253 834 nunquam
285 754 436 833 impiavit,
469 773 543 834 ergo
577 757 720 814 mentitus
756 763 811 816 est.
854 756 968 818 Sinon

43 838 189 896 mentitus
220 841 285 915 ast,
321 855 477 916 nunquam
508 839 652 914 instituit,
689 856 788 917 neque
819 842 968 919 promisit.

42 919 132 980 Hanc
153 921 355 981 ratiunoulam
378 939 479 999 neque
509 921 647 999 solvunt,
677 940 735 980 neo
765 921 886 983 solvent
917 921 970 984 nu-'

42 1021 136 1081 quam
159 1021 269 1064 omnes
289 1004 429 1082 papistae
450 1004 480 1062 iu
503 1023 595 1062 unum
618 1003 712 1064 ehaos
735 1005 862 1072 eonfuei.

125 1086 291 1147 Praeterea
322 1086 394 1164 quid
422 1106 484 1146 non
512 1086 646 1146 audeant
668 1089 885 1166 praesumere?
916 1093 968 1169 qui

42 1172 208 1248 primatum
231 1167 516 1230 tribuuntRomano
539 1170 697 1250 episcopo,
719 1172 820 1234 sinon
846 1190 968 1234 morea·

43 1265 93 1310 tur
113 1251 313 1332 insuperabili
340 1261 370 1312 et
395 1271 413 1312 a
440 1271 475 1312 se
503 1253 577 1332 ipsis
606 1254 748 1316 eoniesso
777 1264 968 1335 argumento,

41 1333 128 1413 qnod
157 1352 265 1394 omnes
297 1335 431 1413 apostoli
465 1335 611 1414 aequales
646 1338 767 1396 fuerunt
794 1338 900 1415 Petro,
939 1349 969 1402 et

43 1418 161 1477 nullum
184 1436 288 1478 eorum
322 1420 388 1498 ipse
414 1419 523 1498 elegit,
545 1417 625 1498 feeit,
648 1419 856 1498 confirmavit,
880 1423 969 1499 misit,

42 1510 98 1560 eut
120 1501 236 1581 aliquid
259 1501 424 1562 mandavit.
460 1501 540 1576 Quid
562 1503 642 1561 euim
664 1502 809 1580 fecerent,
832 1508 857 1564 si
873 1506 968 1567 semel

44 1585 173 1643 missum
202 1584 334 1662 aliquem
363 1602 387 1653 a,
409 1584 500 1644 Patro
533 1592 661 1665 possent
683 1587 861 1668 ostendere,
890 1590 969 1648 sieut

44 1685 103 1726 nos
127 1667 316 1726 ostendimus
337 1667 458 1728 Petrum
486 1667 525 1728 ab
554 1667 622 1726 aliis
646 1668 791 1728 missurn?
826 1672 917 1731 Aeto.
939 1672 967 1735 8.

128 1749 221 1810 Miser
242 1748 292 1810 ilie
308 1749 401 1810 homo
415 1751 505 1812 Rom.
518 1755 683 1830 episeopus
695 1770 781 1812 suam
805 1755 967 1814 eeclesiam

44 1833 220 1892 Romanam
243 1851 344 1911 neque
364 1834 443 1912 regit
464 1852 564 1913 neque
586 1835 694 1913 pascit,
717 1835 770 1895 sed
792 1855 893 1916 neque
914 1856 968 1919 po·

43 1924 115 1975 test.
160 1915 278 1976 Deinde
300 1916 421 1977 Curiam
449 1935 535 1976 suam
567 1919 701 1976 omnium
730 1918 879 1979 scelerum
910 1922 967 1980 ler-

44 2019 119 2058 nam
141 2001 233 2058 etism
257 2001 348 2060 nutrit
370 2018 407 2058 ae
427 1999 526 2080 fovet,
550 2008 580 2060 et
601 2002 694 2060 totius
716 2001 797 2064 orbis
820 2003 967 2064 eeclesias

44 2083 101 2144 sibi
130 2089 255 2161 arrogat
277 2082 316 2141 ad
337 2081 516 2162 regendum,
538 2084 600 2143 imo
621 2102 679 2144 nse
701 2103 787 2146 suem
806 2105 968 2165 personam

46 2183 154 2244 regere
176 2166 238 2224 iarn
261 2167 393 2226 amuitis
407 2167 518 2226 seculis
541 2168 651 2247 potuit,
672 2173 733 2227 tarn
747 2187 866 2230 orasses
889 2179 970 2230 tene·

46 2248 115 2308 bras
138 2249 317 2308 temeritatis
339 2249 440 2310 adhue
460 2268 521 2310 non
545 2250 716 2329 palpamus.
756 2251 795 2312 Et
816 2252 894 2312 haee
915 2251 968 2332 flg-

50 2340 152 2392 meuta
174 2330 335 2392 verborum
349 2333 639 2412 incompositissima
651 2334 752 2394 adhue
772 2336 969 2414 admittimus,

49 2434 119 2475 vere
146 2413 307 2474 eredentes
336 2435 405 2476 eum
438 2435 510 2476 vere
536 2435 664 2496 pascere
693 2436 730 2477 ae
755 2437 863 2498 regere
893 2419 969 2480 velie

49 2509 99 2558 sut
130 2515 224 2578 posse
258 2516 365 2558 omnes
397 2499 560 2574 ecelesias,
596 2501 648 2579 qui
680 2519 767 2561 suam
795 2504 968 2583 proximam

50 2584 139 2641 etiam
163 2588 271 2643 vastat.
314 2581 416 2662 Lupus
448 2585 478 2642 in
506 2602 562 2646 suo
591 2583 679 2662 oniti,
712 2589 818 2658 pastor
850 2588 906 2645 erit
937 2587 998 2658 in,

49 2665 176 2728 alienis?

132 2750 233 2812 Unum
252 2747 314 2810 hoe
334 2767 394 2828 ago
416 2750 565 2830 admiror,
600 2770 653 2810 eur
687 2759 768 2812 totus
797 2751 879 2812 urbis
910 2752 970 2814 hoe

53 2837 178 2915 primatu
202 2851 306 2892 serere
328 2851 389 2892 nun
412 2835 526 2914 possit,
557 2837 641 2894 euius
670 2853 748 2914 opus
776 2844 807 2895 et
835 2834 969 2896 officium

55 2935 205 2997 nunquam
227 2915 323 2976 sensit
350 2934 408 2978 nee
435 2934 567 2995 unquam
598 2919 709 2978 sentire
736 2917 859 2998 potest?
890 2918 994 2997 Quidx

54 3003 129 3060 enim
151 2999 338 3081 principatus
360 3001 426 3060 siue
449 3019 558 3079 opere,
588 3002 648 3061 imo
679 3003 832 3063 contrario
855 3001 970 3082 opera?

55 3085 83 3144 Si
103 3083 233 3144 eeclesia
261 3089 321 3144 stat
348 3085 414 3143 sine
435 3084 514 3144 illius
536 3103 629 3163 opere
662 3093 693 3146 et
724 3085 844 3163 officio,
878 3085 970 3146 etiam

56 3169 116 3228 sine
137 3168 205 3247 ipso
228 3167 359 3246 primatu
382 3165 489 3244 stabit,
518 3173 549 3226 et
574 3170 639 3228 sine
667 3165 759 3230 dubio
782 3169 889 3228 meiius
912 3176 972 3228 sta·

58 3249 111 3329 bit,
132 3250 257 3330 perinde
281 3252 361 3310 enirn
383 3257 446 3328 est,
473 3269 510 3311 au
532 3251 556 3308 si
579 3251 678 3311 nuilus
700 3251 753 3326 sit,
784 3253 868 3312 euius
891 3268 969 3330 opus
1004 3283 1008 3290 ·

59 3341 85 3392 et
105 3333 235 3394 officium
258 3332 372 3394 nulium
395 3341 450 3396 est.
495 3332 574 3408 Quid
604 3353 677 3414 ergo
700 3335 836 3413 garriunt
859 3335 970 3411 miseri,

59 3426 195 3496 papatum
218 3435 286 3476 esse
308 3423 450 3497 oportere
473 3417 511 3476 ad
533 3417 698 3496 regendam
722 3417 882 3479 eeclesiam
906 3417 969 3476 uni-

62 3500 216 3577 versalem,
237 3518 276 3560 ne
298 3501 335 3559 sit
354 3493 522 3580 acephala,
551 3501 674 3578 quando
700 3502 814 3579 regitur
834 3499 873 3559 ab
896 3498 970 3582 ille?

62 3580 122 3642 Nou
144 3588 190 3644 est
210 3582 374 3664 acephala,
402 3601 481 3663 qnae
509 3584 618 3663 eapitis
648 3584 694 3642 sui
725 3599 823 3660 neque
852 3589 968 3641 motum

63 3683 151 3746 neque
171 3685 306 3746 sensum,
326 3667 389 3728 imo
413 3667 597 3728 eontrarium
620 3668 783 3747 experitur.
819 3664 884 3724 Vae
903 3681 968 3726 ›rna-
