2254 4008
257 187 795 258 urnam.sneuem.1sso.
947 183 987 260 e

64 340 205 404 sosrbius
237 344 378 408 assidere
409 365 517 427 posse,
552 363 644 427 quem
682 346 772 409 nobis
806 339 989 430 viventibus,

64 433 92 486 et
134 435 244 489 nostro
278 430 450 510 petrosinio
477 430 599 509 sliquos
633 431 826 514 perniciosos
868 449 987 492 errores

63 512 167 589 spargi
190 519 220 571 et
242 512 427 589 confirmari,
450 521 483 576 ut
503 514 583 574 hene
603 521 741 574 nostrum
763 520 895 575 mentem
910 514 988 576 detis

64 593 158 655 literis
199 594 238 655 ad
269 597 556 658 reverendissimum
591 596 759 658 Dominum
796 597 989 660 cardinalem

63 676 91 738 S.
104 675 245 759 Georgii,
266 679 431 742 Dominum
455 688 485 742 et
506 681 636 742 smienm
659 687 809 758 nostrum,
830 683 988 762 eopiosiue

62 763 274 840 exposuimus.
973 773 976 780 '

146 845 213 905 Vos
232 849 346 924 temen,
368 851 401 907 ut
423 851 568 926 tanquam
592 865 660 907 eum
679 847 747 907 eive
760 853 876 922 nostro,
899 865 988 928 prop·

63 934 105 988 ter
126 945 326 990 communem
343 931 461 1010 patriae
479 932 737 1006 coniunctionem,
758 929 852 1010 paulo
867 929 989 993 liberius

63 1009 269 1090 eonfersmus,
293 1014 382 1074 etiem
406 1033 453 1093 es,
476 1032 556 1093 quse
577 1033 617 1074 ex
639 1011 852 1074 communibus
875 1032 988 1074 sermo·

63 1093 150 1154 nibus
174 1095 334 1156 hominum
356 1097 569 1178 intelligimus,
602 1097 744 1158 nolumus
771 1096 883 1158 oelsre.
928 1095 988 1156 Ad·

61 1176 184 1238 firment
205 1178 309 1255 multi,
330 1179 500 1241 Dsetorem
521 1180 684 1242 Mertiuum
706 1179 886 1258 Lutherum,
908 1181 988 1240 sieut

64 1268 92 1322 ot
119 1262 193 1341 ipse
224 1261 334 1322 dieitur
371 1264 491 1344 seriptis
523 1273 555 1324 et·
586 1281 729 1324 sermone
759 1262 862 1343 palem
892 1262 989 1340 fateri,

63 1363 122 1404 non
145 1364 204 1405 sua
227 1344 403 1424 voluntate,
431 1345 485 1407 ssd
513 1348 641 1408 invitum
669 1345 708 1406 ed
735 1345 792 1406 hes
814 1351 989 1406 eontrover-

64 1429 123 1488 sies
146 1426 186 1488 de
208 1427 327 1508 Pspstu
350 1428 557 1509 descendisse,
580 1429 723 1490 videlisset
743 1446 782 1489 eo
802 1435 988 1508 pertrsetum

64 1510 350 1588 sDoetorel'deeio,
373 1518 405 1573 et
424 1531 518 1593 ssepe
540 1520 741 1595 provoestum
754 1528 792 1573 ee
813 1511 988 1572 lsoessitum

64 1593 258 1672 quorundam
281 1596 401 1674 seriptis
413 1596 532 1656 Romae
553 1604 584 1656 et
605 1595 730 1657 sliunde
748 1596 780 1655 iu
802 1594 902 1674 ipsum
925 1595 988 1655 edi·

64 1678 109 1749 tis,
132 1684 278 1738 eoeotum
305 1678 398 1738 luisse
426 1679 629 1760 respondere,
665 1679 715 1758 qui
744 1678 770 1738 si
791 1679 989 1756 quievissent,

64 1779 220 1839 nunquam
242 1761 311 1837 iste,
334 1779 413 1840 quse
435 1781 517 1823 nuno
538 1763 745 1844 disputentur,
772 1761 901 1821 tuissent
923 1780 990 1840 pro·

64 1843 139 1918 lats,
164 1843 222 1904 sed
243 1863 369 1924 prorsus
393 1845 514 1906 silentio
537 1846 659 1925 sepulte
679 1847 823 1906 iseerent

144 1925 186 1986 ut
209 1945 278 1988 eum
301 1926 560 1990 nuneGermsnin
582 1927 691 1989 floreat
703 1926 845 2006 ingeniis,
857 1924 897 1986 'et
915 1925 990 1986 mul·

64 2011 99 2069 tis
121 2009 267 2070 doetrius
288 2017 320 2071 et
347 2012 497 2092 sepientis
516 2011 744 2092 praestantibus
766 2010 854 2083 viris,
887 2010 992 2088 peritis

66 2092 240 2172 linguarum
264 2099 295 2154 et
316 2095 416 2154 omnis
429 2096 550 2174 generis
572 2095 736 2172 literarum,
759 2094 990 2171 eumqueetlom

64 2194 145 2236 nune
178 2176 273 2256 vulgo
303 2176 372 2237 leioi
402 2195 511 2258 supere
538 2179 703 2258 insipient,
732 2182 764 2236 et
789 2175 891 2236 studio
920 2193 991 2256 eog-

63 2258 243 2349 npseendse
255 2258 430 2340 seripturse
451 2265 621 2336 teneantur,
645 2259 729 2320 multi
743 2258 880 2320 iudiesnt
901 2257 993 2318 rslde

65 2341 262 2403 metuendum
286 2361 365 2424 esse,
388 2345 414 2403 si
429 2344 578 2424 neglectis
593 2343 785 2424 aequissimis
808 2340 991 2402 conditioni·
1016 2369 1020 2378 «

64 2423 119 2486 bns
141 2445 161 2486 s
184 2425 323 2487 Doetore
343 2426 475 2487 Luthero
503 2426 631 2505 oblatis,
658 2427 725 2488 sine
752 2426 888 2504 legitime
919 2443 990 2504 eog-

65 2509 197 2586 nitione,
227 2514 346 2570 tentum
375 2508 592 2572 ecelesiasticis
615 2509 750 2570 sensuris
777 2507 917 2584 ferietur,
950 2525 990 2566 ne

63 2591 120 2652 hee
143 2593 359 2654 eontentioues
381 2598 413 2653 et
430 2593 598 2654 certamine
620 2592 832 2672 multomagis
863 2607 989 2670 exsepe-

64 2682 176 2753 rentur,
198 2679 233 2735 ut
253 2682 364 2756 postes
386 2693 447 2738 nen
480 2677 523 2737 ita
544 2675 633 2738 lseile
662 2675 702 2737 sd
731 2675 825 2735 olium
856 2681 886 2734 et
909 2691 991 2733 eom·

65 2758 236 2838 positiones
258 2776 309 2820 res
330 2757 441 2820 deduei
463 2760 570 2840 possit.
612 2759 690 2819 Nem
708 2757 829 2820 Lutheri
852 2755 991 2817 doetrins

64 2839 106 2900 its
124 2841 187 2900 ism
208 2841 325 2921 possim
353 2842 383 2902 in
406 2840 604 2922 plurimorum
633 2842 743 2903 snimis
770 2840 800 2900 iu
823 2839 990 2901 Germanis

67 2929 96 2984 et
115 2921 189 2984 olibi
210 2923 308 2984 infixe
328 2923 447 2986 rsdloes
470 2926 542 3006 egit,
565 2931 597 2985 ut
619 2927 643 2985 si
657 2941 719 2984 non
741 2924 874 2983 serisso
894 2921 989 2982 firmis

66 3007 251 3086 argumentis
283 3013 315 3068 et
341 3008 512 3088 perspieuis
543 3007 725 3068 testimoniis
747 3005 921 3086 Scripturas
944 3023 991 3064 rs·

66 3089 218 3167 sinentur,
253 3087 307 3148 sed
336 3089 405 3152 solo
433 3090 662 3152 seelesisstiese
689 3091 852 3170 potestatis
873 3097 990 3149 terrore

66 3170 103 3231 sd
125 3191 194 3232 eum
218 3172 451 3252 opprimendum
474 3173 668 3254 prooedstur,
691 3191 752 3233 non
772 3171 916 3233 uideatur
937 3189 987 3231 res

66 3253 109 3313 sio
128 3253 258 3331 obituro,
280 3255 352 3336 quin
375 3257 406 3316 in
424 3255 589 3317 Germanis
612 3257 776 3317 seerrimss
800 3253 987 3315 offensiones
1030 3287 1036 3293 ·

67 3341 97 3397 et
125 3335 285 3398 horribiles
320 3357 358 3399 se
385 3339 526 3400 exitis-les
555 3339 704 3400 tumultus
736 3339 907 3400 exeitsturs
938 3337 986 3414 sit,

67 3417 146 3481 unde
176 3439 235 3482 nee
267 3420 306 3482 ed
336 3423 561 3484 sanctissimum
594 3423 759 3484 Dominum
796 3420 987 3496 Pontifloem,

68 3519 124 3562 nee
144 3502 211 3564 sliis
241 3502 407 3584 quidquem
435 3506 575 3567 utilitatis
600 3505 699 3566 redire
753 3504 852 3565 eterit
902 3502 988 3562 Heeo

69 3601 124 3645 nos
145 3583 233 3646 vobis
255 3585 338 3648 bono
361 3587 473 3670 studio,
495 3595 529 3650 ut
551 3589 601 3667 qui
622 3595 654 3651 et
675 3523 836 3649 esslsslsm
860 3590 889 3644 et
912 3603 985 3642 rem·

70 3665 221 3747 pannem
242 3677 337 3748 quom
364 3671 498 3733 maxime
526 3671 645 3734 salvem
673 3676 832 3752 optemus,
861 3684 986 3746 respon-
