2250 4008
61 261 66 267 -
148 187 211 253 484
441 190 597 248 Oculutstio
615 192 781 248 Luthcrisns

41 339 50 360 '
149 346 202 422 cis,
223 351 393 424 peccatum.
429 345 493 409 Vos
516 347 674 417 invenistis
694 348 921 409 distinctionem
938 348 1070 428 pseusti,

151 434 183 487 ut
204 427 364 490 solveretis
384 431 474 491 istam
498 431 646 491 rationem
670 437 701 491 et
721 432 846 492 verbum
870 429 976 504 Pauli,
1009 447 1070 490 non

150 517 291 591 potentes
313 513 376 574 ullo
399 514 491 577 modo
513 515 572 574 iste
595 512 654 575 duo
678 514 888 590 concordare,
915 519 1070 574 ettamen

149 595 247 674 ipsum
271 594 352 657 hunc
373 591 598 658 distinctionem
622 596 704 656 nullo
727 598 797 658 loco
820 597 1000 678 Scripturas
1021 614 1072 675 po-

148 680 236 737 testis
259 679 401 759 probare,
424 680 478 741 sed
495 687 542 741 est
565 679 728 740 humanum
752 683 930 760 inventum,
955 686 991 738 ut
1013 698 1071 740 nco

150 768 238 841 potes
260 781 392 844 negare,
420 763 474 824 sed
505 765 709 824 necessarium
736 772 786 835 (ut
813 763 934 824 videtur
966 761 1069 836 vobis)

150 852 275 925 propter
307 849 456 908 tudonem
486 846 685 927 praedictum.
728 846 838 908 Nonne
869 848 914 907 ita
937 843 1073 906 hebent?

150 927 261 988 Nonne
284 948 343 1009 ego
367 939 419 990 tus
441 929 602 1009 intelligo?
635 934 666 990 et
686 929 760 990 nihil
789 936 898 991 contre
920 929 1003 990 hsec
1022 930 1074 988 im-

151 1010 283 1091 prudens
305 1019 358 1072 sut
389 1013 535 1093 ignorans
568 1014 671 1092 posui,
705 1020 737 1072 ut
770 1022 799 1074 te
821 1013 976 1094 Megistrn
1005 1010 1074 1072 mihi

151 1093 244 1173 plene
266 1094 340 1155 nihil
362 1095 451 1157 luerit
473 1115 558 1176 opus.

231 1176 344 1240 Iamsi
367 1197 426 1259 ego
449 1178 572 1240 modum
595 1178 764 1240 illustrante
776 1179 889 1260 Spiritu
912 1180 1073 1254 invenero,

76 1279 81 1288 ’
150 1267 182 1320 nt
211 1267 241 1319 et
270 1260 368 1341 pietus
400 1261 506 1322 illaeso
541 1268 662 1322 moneat
698 1263 894 1324 articulorum
924 1260 1016 1338 fidei,
1047 1270 1075 1320 et

149 1342 262 1410 Puulus
285 1344 376 1404 simul
399 1343 539 1422 illaesus,
574 1364 633 1405 non
659 1364 753 1424 egens
777 1345 838 1406 ulle
858 1342 1010 1406 vocabuli
1031 1345 1076 1403 sui

151 1427 391 1507 metamorphosi
414 1429 550 1488 violento
573 1437 603 1488 et
625 1428 775 1507 inaudite,
803 1429 858 1489 sed
880 1426 1076 1508 simpliciter,

93 1521 97 1532 ·
150 1511 273 1590 proprie
296 1516 326 1571 et
347 1529 503 1591 germane,
526 1511 556 1571 id
578 1510 660 1590 quod
678 1511 754 1571 nlius
771 1511 948 1592 siguificare
966 1511 1077 1590 possit,

150 1611 219 1653 curn
242 1612 303 1673 quo
333 1600 363 1655 et
392 1594 521 1656 satisfiet
553 1596 663 1657 reticui
697 1594 741 1655 illi
774 1599 892 1675 urgenti
925 1612 1003 1666 vos,
1038 1591 1074 1652 sd

150 1676 414 1755 aequivocsudum
429 1677 612 1738 vccabulum
635 1678 702 1738 solo
720 1680 778 1740 isto
801 1677 883 1755 loco,
906 1677 938 1737 id
962 1683 1022 1754 est,
1046 1677 1074 1736 in

150 1758 256 1837 Paulo,
280 1780 317 1821 cc
337 1771 497 1841 praeterea
518 1780 667 1841 nusquam
689 1762 718 1820 in
732 1760 897 1842 Scriptura,
922 1759 1024 1820 velles
1043 1766 1074 1818 tu

151 1843 223 1903 mihi
244 1843 400 1906 invidere?
436 1851 528 1924 etque
550 1847 574 1904 si
597 1852 629 1905 tu
652 1844 750 1906 nolles
780 1843 942 1924 amplecti,
977 1841 1074 1903 velles

151 1945 199 1986 me
221 1944 346 2007 quoque
368 1947 437 1988 meo
461 1927 574 2006 gaudio
597 1927 746 2008 spoliare,
769 1926 893 2007 quaudo
915 1929 947 1987 in
972 1945 1073 1987 rerum

151 2029 270 2070 summe
292 2010 419 2091 pulchre
442 2011 696 2072 conveniremus?
740 2012 779 2072 At
801 2029 860 2090 ego
883 2030 900 2070 e
925 2009 1073 2090 simplici-

150 2098 213 2152 tote
235 2092 396 2154 verborum
418 2094 475 2155 Dei
500 2113 560 2162 non
583 2103 704 2173 paterer
731 2113 779 2156 me
802 2093 908 2171 avelli,
944 2111 1026 2172 quse
1049 2095 1074 2151 si

151 2175 236 2236 salvs
258 2177 371 2261 pietate
392 2175 463 2236 fidei
494 2196 625 2258 possem·
652 2177 735 2238 bono
768 2196 859 2238 sensu
889 2176 1073 2257 intelbgere

151 2259 259 2320 vestris
280 2258 421 2320 humanis
444 2262 575 2322 inventis
598 2260 688 2340 plane
710 2260 819 2322 cedere
840 2260 965 2322 nollem.

232 2342 317 2404 Dicis
338 2350 453 2403 cutem:
489 2342 522 2405 ei
551 2345 579 2404 in
611 2363 730 2405 summo
753 2343 969 2421 convenimus,
999 2342 1073 2422 quid

150 2425 294 2505 prolunss
327 2445 439 2487 vocum
471 2429 624 2489 novitates
657 2428 803 2504 suscitas,
838 2435 869 2486 et
901 2445 963 2487 non
996 2427 1074 2486 citro

151 2507 330 2570 scandulum
380 2510 540 2571 nobiscum
589 2509 820 2572 communices?
870 2508 1075 2590 Respondes,

151 2591 234 2671 quud
258 2593 338 2653 melo
363 2592 401 2655 de
423 2594 506 2654 fonte
528 2613 619 2675 quam
643 2595 680 2655 de
702 2595 806 2655 rivulis
828 2592 950 2671 bibere3
973 2612 1016 2654 sn
1041 2601 1071 2652 tu

151 2694 200 2735 me
221 2675 281 2737 hoo
303 2675 500 2755 prohibebis?
543 2678 611 2739 Duo
634 2679 714 2738 enim
738 2685 808 2739 sunt
830 2697 909 2759 quse
931 2696 981 2737 me
1006 2695 1071 2737 mu-
1111 2713 1120 2720 -

152 2765 231 2818 vent.
276 2756 424 2836 Primum,
458 2761 540 2840 quod
562 2760 731 2841 Scripturas
759 2763 790 2821 in
820 2763 882 2821 suis
907 2759 1025 2821 viribus
1038 2756 1069 2842 ¹)

150 2859 253 2921 purus,
275 2841 314 2903 sb
337 2845 420 2905 omni
444 2843 616 2925 hominum,
650 2845 740 2906 etism
763 2843 960 2921 Sanctorum,
998 2862 1071 2904 con·

150 2929 233 2985 tectu
256 2925 394 3004 mundus,
419 2927 563 2988 ablomni
581 2935 700 2988 terreno
719 2927 916 2990 condimento
932 2927 1070 2986 sincerus

150 3007 264 3069 hebere
286 3008 368 3070 volo.
413 3010 476 3071 Vos
500 3013 579 3072 enim
603 3013 695 3088 estis,
717 3013 768 3090 qui
790 3009 934 3091 profanus
956 3028 1068 3070 vocum

151 3091 303 3153 novitates
326 3110 387 3152 non
412 3094 547 3172 vitastis,
569 3103 602 3154 ut
622 3095 734 3156 Paulus
757 3096 815 3171 eit,
851 3091 905 3154 sed
926 3092 1069 3154 humenis

151 3175 262 3254 glossis
296 3175 408 3236 vestire
436 3186 467 3237 et
494 3178 619 3238 terrenis
642 3176 844 3239 condimentis
867 3175 993 3238 condire
1015 3193 1068 3235 vo-

151 3258 247 3319 luistis
281 3263 403 3320 sanctus
436 3260 509 3320 istus
543 3261 666 3322 delicies
688 3261 755 3322 Dei.
799 3261 839 3320 ut
869 3261 970 3321 enims
1000 3277 1067 3320 mes

151 3349 298 3422 nauseet,
321 3359 390 3401 cum
413 3341 642 3419 Ezechielefj,
676 3363 785 3424 penem
810 3342 972 3405 comedere
995 3349 1065 3402 ster-

151 3440 223 3482 core
251 3423 384 3483 humsno
416 3432 572 3503 opertum3
606 3429 666 3486 scis
696 3427 769 3506 quid
798 3427 859 3486 hoc
892 3424 1065 3506 significet?

154 3549 572 3564 Μ

222 3602 255 3735 9)
268 3601 366 3728 Idsddi
378 3602 454 3732 din:
473 3609 575 3663 verbis.

331 3691 346 3726 c
368 3713 374 3725 .
