<?xml version="1.0" encoding="UTF-8"?>
<!DOCTYPE html PUBLIC "-//W3C//DTD XHTML 1.0 Transitional//EN"
    "http://www.w3.org/TR/xhtml1/DTD/xhtml1-transitional.dtd">
<html xmlns="http://www.w3.org/1999/xhtml" xml:lang="en" lang="en">
 <head>
  <title>
</title>
<meta http-equiv="Content-Type" content="text/html;charset=utf-8" />
  <meta name='ocr-system' content='tesseract 3.04.00' />
  <meta name='ocr-capabilities' content='ocr_page ocr_carea ocr_par ocr_line ocrx_word'/>
</head>
<body>
  <div class='ocr_page' id='page_1' title='image "./operalatinavari03schmgoog_0384.png"; bbox 0 0 2262 4006; ppageno 0'>
   <div class='ocr_carea' id='block_1_1' title="bbox 304 236 973 335">
    <p class='ocr_par' dir='ltr' id='par_1_1' title="bbox 304 236 973 335">
     <span class='ocr_line' id='line_1_1' title="bbox 304 236 973 335; baseline 0.012 -39"><span class='ocrx_word' id='word_1_1' title='bbox 304 239 446 335; x_wconf 76' lang='lat' dir='ltr'><strong>Ambrosii</strong></span> <span class='ocrx_word' id='word_1_2' title='bbox 465 239 576 296; x_wconf 79' lang='lat' dir='ltr'><strong>Gathar.</strong></span> <span class='ocrx_word' id='word_1_3' title='bbox 596 258 620 296; x_wconf 80' lang='lat' dir='ltr'><strong>s.</strong></span> <span class='ocrx_word' id='word_1_4' title='bbox 643 241 716 298; x_wconf 73' lang='lat'><strong>1521.</strong></span> <span class='ocrx_word' id='word_1_5' title='bbox 911 236 973 304; x_wconf 81' lang='grc'><strong>373</strong></span> 
     </span>
    </p>
   </div>
   <div class='ocr_carea' id='block_1_2' title="bbox 43 395 1061 2304">
    <p class='ocr_par' dir='ltr' id='par_1_2' title="bbox 46 395 973 560">
     <span class='ocr_line' id='line_1_2' title="bbox 46 395 973 477; baseline -0.001 -21"><span class='ocrx_word' id='word_1_6' title='bbox 46 395 247 473; x_wconf 76' lang='grc' dir='ltr'>εειιιιιιίιιιΙίι,</span> <span class='ocrx_word' id='word_1_7' title='bbox 280 396 373 477; x_wconf 85' lang='lat' dir='ltr'><strong>plane</strong></span> <span class='ocrx_word' id='word_1_8' title='bbox 395 416 456 460; x_wconf 90' lang='lat' dir='ltr'><strong>non</strong></span> <span class='ocrx_word' id='word_1_9' title='bbox 481 398 717 477; x_wconf 75' lang='lat' dir='ltr'><strong>superstitiosis,</strong></span> <span class='ocrx_word' id='word_1_10' title='bbox 753 395 807 456; x_wconf 88' lang='lat' dir='ltr'><strong>sed</strong></span> <span class='ocrx_word' id='word_1_11' title='bbox 840 395 973 469; x_wconf 82' lang='lat' dir='ltr'><strong>furiosis,</strong></span> 
     </span>
     <span class='ocr_line' id='line_1_3' title="bbox 46 479 814 560; baseline 0 -20"><span class='ocrx_word' id='word_1_12' title='bbox 46 481 249 560; x_wconf 79' lang='lat' dir='ltr'><strong>vertiginosis</strong></span> <span class='ocrx_word' id='word_1_13' title='bbox 273 489 303 540; x_wconf 91' lang='lat' dir='ltr'><strong>et</strong></span> <span class='ocrx_word' id='word_1_14' title='bbox 326 479 506 560; x_wconf 79' lang='lat' dir='ltr'><strong>deploratae</strong></span> <span class='ocrx_word' id='word_1_15' title='bbox 526 483 679 542; x_wconf 84' lang='lat' dir='ltr'><strong>amentiae</strong></span> <span class='ocrx_word' id='word_1_16' title='bbox 701 480 814 542; x_wconf 81' lang='lat' dir='ltr'><strong>fatuis?</strong></span> 
     </span>
    </p>

    <p class='ocr_par' dir='ltr' id='par_1_3' title="bbox 43 563 1061 2137">
     <span class='ocr_line' id='line_1_4' title="bbox 137 563 972 643; baseline -0.005 -19"><span class='ocrx_word' id='word_1_17' title='bbox 137 564 272 624; x_wconf 85' lang='lat' dir='ltr'><strong>Breviter</strong></span> <span class='ocrx_word' id='word_1_18' title='bbox 301 571 461 643; x_wconf 89' lang='lat' dir='ltr'><strong>peccatum</strong></span> <span class='ocrx_word' id='word_1_19' title='bbox 491 571 546 638; x_wconf 86' lang='lat' dir='ltr'><strong>est,</strong></span> <span class='ocrx_word' id='word_1_20' title='bbox 570 565 732 626; x_wconf 77' lang='lat' dir='ltr'><strong>autoritate</strong></span> <span class='ocrx_word' id='word_1_21' title='bbox 746 583 856 643; x_wconf 80' lang='lat' dir='ltr'><strong>papae,</strong></span> <span class='ocrx_word' id='word_1_22' title='bbox 878 563 972 623; x_wconf 79' lang='lat' dir='ltr'><strong>fermo</strong></span> 
     </span>
     <span class='ocr_line' id='line_1_5' title="bbox 47 644 972 726; baseline -0.001 -22"><span class='ocrx_word' id='word_1_23' title='bbox 47 654 117 708; x_wconf 85' lang='lat' dir='ltr'><strong>tota</strong></span> <span class='ocrx_word' id='word_1_24' title='bbox 144 653 282 708; x_wconf 86' lang='lat' dir='ltr'><strong>creatura</strong></span> <span class='ocrx_word' id='word_1_25' title='bbox 302 647 357 706; x_wconf 85' lang='lat' dir='ltr'><strong>Dei</strong></span> <span class='ocrx_word' id='word_1_26' title='bbox 382 649 602 726; x_wconf 84' lang='lat' dir='ltr'><strong>universusque</strong></span> <span class='ocrx_word' id='word_1_27' title='bbox 624 651 689 708; x_wconf 83' lang='lat' dir='ltr'><strong>eius</strong></span> <span class='ocrx_word' id='word_1_28' title='bbox 709 667 791 707; x_wconf 91' lang='lat' dir='ltr'><strong>usus.</strong></span> <span class='ocrx_word' id='word_1_29' title='bbox 835 644 972 707; x_wconf 75' lang='lat' dir='ltr'><strong>Christos</strong></span> 
     </span>
     <span class='ocr_line' id='line_1_6' title="bbox 45 728 972 810; baseline 0.002 -23"><span class='ocrx_word' id='word_1_30' title='bbox 45 731 132 790; x_wconf 87' lang='lat' dir='ltr'><strong>enim</strong></span> <span class='ocrx_word' id='word_1_31' title='bbox 158 732 186 790; x_wconf 93' lang='lat' dir='ltr'><strong>in</strong></span> <span class='ocrx_word' id='word_1_32' title='bbox 210 730 246 789; x_wconf 90' lang='lat' dir='ltr'><strong>iis</strong></span> <span class='ocrx_word' id='word_1_33' title='bbox 269 730 412 790; x_wconf 90' lang='lat' dir='ltr'><strong>omnibus</strong></span> <span class='ocrx_word' id='word_1_34' title='bbox 435 731 550 790; x_wconf 88' lang='lat' dir='ltr'><strong>nullum</strong></span> <span class='ocrx_word' id='word_1_35' title='bbox 578 751 647 792; x_wconf 89' lang='lat' dir='ltr'><strong>esse</strong></span> <span class='ocrx_word' id='word_1_36' title='bbox 677 739 837 810; x_wconf 85' lang='lat' dir='ltr'><strong>peccatum</strong></span> <span class='ocrx_word' id='word_1_37' title='bbox 867 728 972 803; x_wconf 84' lang='lat' dir='ltr'><strong>voluit,</strong></span> 
     </span>
     <span class='ocr_line' id='line_1_7' title="bbox 44 813 972 891; baseline 0.001 -20"><span class='ocrx_word' id='word_1_38' title='bbox 44 813 100 872; x_wconf 90' lang='lat' dir='ltr'><strong>sed</strong></span> <span class='ocrx_word' id='word_1_39' title='bbox 128 833 187 874; x_wconf 88' lang='lat' dir='ltr'><strong>nec</strong></span> <span class='ocrx_word' id='word_1_40' title='bbox 215 815 377 888; x_wconf 89' lang='lat' dir='ltr'><strong>iustitiam,</strong></span> <span class='ocrx_word' id='word_1_41' title='bbox 410 814 488 874; x_wconf 81' lang='lat' dir='ltr'><strong>forte</strong></span> <span class='ocrx_word' id='word_1_42' title='bbox 520 815 591 891; x_wconf 83' lang='lat' dir='ltr'><strong>qriia</strong></span> <span class='ocrx_word' id='word_1_43' title='bbox 625 815 723 875; x_wconf 89' lang='lat' dir='ltr'><strong>solum</strong></span> <span class='ocrx_word' id='word_1_44' title='bbox 758 819 881 873; x_wconf 86' lang='lat' dir='ltr'><strong>sanctus</strong></span> <span class='ocrx_word' id='word_1_45' title='bbox 915 817 972 885; x_wconf 83' lang='lat' dir='ltr'><strong>cst,</strong></span> 
     </span>
     <span class='ocr_line' id='line_1_8' title="bbox 43 895 974 975; baseline 0 -21"><span class='ocrx_word' id='word_1_46' title='bbox 43 897 244 958; x_wconf 87' lang='lat' dir='ltr'><strong>sanctissimo</strong></span> <span class='ocrx_word' id='word_1_47' title='bbox 284 915 356 957; x_wconf 86' lang='lat' dir='ltr'><strong>vero</strong></span> <span class='ocrx_word' id='word_1_48' title='bbox 390 896 501 958; x_wconf 79' lang='lat' dir='ltr'><strong>Christi</strong></span> <span class='ocrx_word' id='word_1_49' title='bbox 543 899 656 958; x_wconf 79' lang='lat' dir='ltr'><strong>vicano</strong></span> <span class='ocrx_word' id='word_1_50' title='bbox 689 895 909 975; x_wconf 80' lang='lat' dir='ltr'><strong>conveniebat,</strong></span> <span class='ocrx_word' id='word_1_51' title='bbox 940 904 974 954; x_wconf 92' lang='lat' dir='ltr'><strong>ut</strong></span> 
     </span>
     <span class='ocr_line' id='line_1_9' title="bbox 46 977 972 1059; baseline 0 -22"><span class='ocrx_word' id='word_1_52' title='bbox 46 979 175 1040; x_wconf 86' lang='lat' dir='ltr'><strong>Christo</strong></span> <span class='ocrx_word' id='word_1_53' title='bbox 199 979 343 1040; x_wconf 85' lang='lat' dir='ltr'><strong>resistens</strong></span> <span class='ocrx_word' id='word_1_54' title='bbox 371 988 499 1059; x_wconf 85' lang='lat' dir='ltr'><strong>peecata</strong></span> <span class='ocrx_word' id='word_1_55' title='bbox 533 989 563 1038; x_wconf 84' lang='lat' dir='ltr'><strong>et</strong></span> <span class='ocrx_word' id='word_1_56' title='bbox 591 982 720 1040; x_wconf 89' lang='lat' dir='ltr'><strong>iustitias</strong></span> <span class='ocrx_word' id='word_1_57' title='bbox 755 979 804 1039; x_wconf 92' lang='lat' dir='ltr'><strong>bio</strong></span> <span class='ocrx_word' id='word_1_58' title='bbox 832 977 972 1058; x_wconf 89' lang='lat' dir='ltr'><strong>multipli-</strong></span> 
     </span>
     <span class='ocr_line' id='line_1_10' title="bbox 44 1061 1038 1144; baseline 0 -24"><span class='ocrx_word' id='word_1_59' title='bbox 44 1071 136 1122; x_wconf 89' lang='lat' dir='ltr'><strong>caret</strong></span> <span class='ocrx_word' id='word_1_60' title='bbox 159 1069 189 1122; x_wconf 91' lang='lat' dir='ltr'><strong>et</strong></span> <span class='ocrx_word' id='word_1_61' title='bbox 213 1071 307 1122; x_wconf 90' lang='lat' dir='ltr'><strong>totum</strong></span> <span class='ocrx_word' id='word_1_62' title='bbox 332 1061 436 1122; x_wconf 80' lang='lat' dir='ltr'><strong>orbem</strong></span> <span class='ocrx_word' id='word_1_63' title='bbox 459 1063 620 1124; x_wconf 82' lang='lat' dir='ltr'><strong>devastata</strong></span> <span class='ocrx_word' id='word_1_64' title='bbox 640 1063 780 1124; x_wconf 87' lang='lat' dir='ltr'><strong>libertate</strong></span> <span class='ocrx_word' id='word_1_65' title='bbox 802 1061 973 1122; x_wconf 74' lang='lat' dir='ltr'><strong>Christiane</strong></span> <span class='ocrx_word' id='word_1_66' title='bbox 1036 1138 1038 1144; x_wconf 27' lang='grc' dir='ltr'>Ι</span> 
     </span>
     <span class='ocr_line' id='line_1_11' title="bbox 45 1143 973 1224; baseline -0.002 -19"><span class='ocrx_word' id='word_1_67' title='bbox 45 1155 75 1205; x_wconf 91' lang='lat' dir='ltr'><strong>et</strong></span> <span class='ocrx_word' id='word_1_68' title='bbox 101 1152 250 1224; x_wconf 89' lang='lat' dir='ltr'><strong>corrupta</strong></span> <span class='ocrx_word' id='word_1_69' title='bbox 272 1143 333 1205; x_wconf 89' lang='lat' dir='ltr'><strong>fide</strong></span> <span class='ocrx_word' id='word_1_70' title='bbox 355 1148 550 1206; x_wconf 76' lang='lat' dir='ltr'><strong>conscientiis</strong></span> <span class='ocrx_word' id='word_1_71' title='bbox 573 1147 663 1206; x_wconf 88' lang='lat' dir='ltr'><strong>stulte</strong></span> <span class='ocrx_word' id='word_1_72' title='bbox 686 1154 717 1206; x_wconf 86' lang='lat' dir='ltr'><strong>et</strong></span> <span class='ocrx_word' id='word_1_73' title='bbox 739 1148 867 1206; x_wconf 81' lang='lat' dir='ltr'><strong>erronee</strong></span> <span class='ocrx_word' id='word_1_74' title='bbox 888 1145 973 1224; x_wconf 83' lang='lat' dir='ltr'><strong>pari·</strong></span> 
     </span>
     <span class='ocr_line' id='line_1_12' title="bbox 46 1227 972 1309; baseline 0 -23"><span class='ocrx_word' id='word_1_75' title='bbox 46 1228 93 1288; x_wconf 90' lang='lat' dir='ltr'><strong>dis</strong></span> <span class='ocrx_word' id='word_1_76' title='bbox 118 1237 152 1288; x_wconf 90' lang='lat' dir='ltr'><strong>et</strong></span> <span class='ocrx_word' id='word_1_77' title='bbox 174 1227 371 1308; x_wconf 87' lang='lat' dir='ltr'><strong>pereuntibus</strong></span> <span class='ocrx_word' id='word_1_78' title='bbox 394 1229 533 1309; x_wconf 84' lang='lat' dir='ltr'><strong>repleret.</strong></span> <span class='ocrx_word' id='word_1_79' title='bbox 579 1229 623 1288; x_wconf 73' lang='lat' dir='ltr'><strong>En</strong></span> <span class='ocrx_word' id='word_1_80' title='bbox 647 1230 710 1306; x_wconf 91' lang='lat' dir='ltr'><strong>tibi,</strong></span> <span class='ocrx_word' id='word_1_81' title='bbox 734 1230 801 1307; x_wconf 91' lang='lat' dir='ltr'><strong>quis</strong></span> <span class='ocrx_word' id='word_1_82' title='bbox 823 1228 863 1287; x_wconf 92' lang='lat' dir='ltr'><strong>sit</strong></span> <span class='ocrx_word' id='word_1_83' title='bbox 877 1227 972 1287; x_wconf 87' lang='lat' dir='ltr'><strong>homo</strong></span> 
     </span>
     <span class='ocr_line' id='line_1_13' title="bbox 44 1310 972 1391; baseline -0.002 -19"><span class='ocrx_word' id='word_1_84' title='bbox 44 1313 170 1390; x_wconf 81' lang='lat' dir='ltr'><strong>peccati</strong></span> <span class='ocrx_word' id='word_1_85' title='bbox 193 1321 223 1370; x_wconf 85' lang='lat' dir='ltr'><strong>et</strong></span> <span class='ocrx_word' id='word_1_86' title='bbox 245 1310 322 1370; x_wconf 86' lang='lat' dir='ltr'><strong>iilius</strong></span> <span class='ocrx_word' id='word_1_87' title='bbox 354 1313 541 1391; x_wconf 78' lang='lat' dir='ltr'><strong>perditionis.</strong></span> <span class='ocrx_word' id='word_1_88' title='bbox 586 1312 722 1372; x_wconf 86' lang='lat' dir='ltr'><strong>Necdum</strong></span> <span class='ocrx_word' id='word_1_89' title='bbox 752 1328 825 1371; x_wconf 87' lang='lat' dir='ltr'><strong>vero</strong></span> <span class='ocrx_word' id='word_1_90' title='bbox 856 1310 972 1370; x_wconf 82' lang='lat' dir='ltr'><strong>conier-</strong></span> 
     </span>
     <span class='ocr_line' id='line_1_14' title="bbox 45 1393 973 1474; baseline 0 -21"><span class='ocrx_word' id='word_1_91' title='bbox 45 1403 111 1454; x_wconf 92' lang='lat' dir='ltr'><strong>tum</strong></span> <span class='ocrx_word' id='word_1_92' title='bbox 138 1401 170 1454; x_wconf 85' lang='lat' dir='ltr'><strong>et</strong></span> <span class='ocrx_word' id='word_1_93' title='bbox 193 1394 360 1472; x_wconf 88' lang='lat' dir='ltr'><strong>legitimum</strong></span> <span class='ocrx_word' id='word_1_94' title='bbox 383 1393 457 1454; x_wconf 90' lang='lat' dir='ltr'><strong>illud</strong></span> <span class='ocrx_word' id='word_1_95' title='bbox 481 1415 589 1474; x_wconf 86' lang='lat' dir='ltr'><strong>agmen</strong></span> <span class='ocrx_word' id='word_1_96' title='bbox 616 1397 805 1456; x_wconf 78' lang='lat' dir='ltr'><strong>exercituum</strong></span> <span class='ocrx_word' id='word_1_97' title='bbox 828 1394 973 1454; x_wconf 80' lang='lat' dir='ltr'><strong>huiusne</strong></span> 
     </span>
     <span class='ocr_line' id='line_1_15' title="bbox 45 1476 1061 1560; baseline 0 -24"><span class='ocrx_word' id='word_1_98' title='bbox 45 1479 92 1558; x_wconf 88' lang='lat' dir='ltr'><strong>gis</strong></span> <span class='ocrx_word' id='word_1_99' title='bbox 117 1478 257 1546; x_wconf 80' lang='lat' dir='ltr'><strong>recitavi</strong></span> <span class='ocrx_word' id='word_1_100' title='bbox 280 1476 395 1538; x_wconf 88' lang='lat' dir='ltr'><strong>scilicet</strong></span> <span class='ocrx_word' id='word_1_101' title='bbox 417 1478 611 1554; x_wconf 81' lang='lat' dir='ltr'><strong>Cardinales,</strong></span> <span class='ocrx_word' id='word_1_102' title='bbox 634 1480 808 1558; x_wconf 81' lang='lat' dir='ltr'><strong>episcopos,</strong></span> <span class='ocrx_word' id='word_1_103' title='bbox 831 1477 972 1537; x_wconf 88' lang='lat' dir='ltr'><strong>sacerdo·</strong></span> <span class='ocrx_word' id='word_1_104' title='bbox 1058 1553 1061 1560; x_wconf 15' lang='grc' dir='ltr'><strong><em>Δ</em></strong></span> 
     </span>
     <span class='ocr_line' id='line_1_16' title="bbox 45 1548 972 1638; baseline 0.003 -21"><span class='ocrx_word' id='word_1_105' title='bbox 45 1570 110 1638; x_wconf 88' lang='lat' dir='ltr'><strong>tes,</strong></span> <span class='ocrx_word' id='word_1_106' title='bbox 143 1548 322 1636; x_wconf 85' lang='lat' dir='ltr'><strong>monachos,</strong></span> <span class='ocrx_word' id='word_1_107' title='bbox 362 1562 526 1636; x_wconf 77' lang='lat' dir='ltr'><strong>moniales</strong></span> <span class='ocrx_word' id='word_1_108' title='bbox 557 1561 721 1638; x_wconf 87' lang='lat' dir='ltr'><strong>diaconos,</strong></span> <span class='ocrx_word' id='word_1_109' title='bbox 756 1560 972 1634; x_wconf 81' lang='lat' dir='ltr'><strong>subdiaconos</strong></span> 
     </span>
     <span class='ocr_line' id='line_1_17' title="bbox 49 1642 994 1724; baseline -0.001 -22"><span class='ocrx_word' id='word_1_110' title='bbox 49 1662 107 1702; x_wconf 90' lang='lat' dir='ltr'><strong>nec</strong></span> <span class='ocrx_word' id='word_1_111' title='bbox 133 1642 356 1715; x_wconf 76' lang='lat' dir='ltr'><strong>tonsuristas¹t</strong></span> <span class='ocrx_word' id='word_1_112' title='bbox 383 1643 479 1724; x_wconf 83' lang='lat' dir='ltr'><strong>(quos</strong></span> <span class='ocrx_word' id='word_1_113' title='bbox 502 1647 633 1722; x_wconf 78' lang='lat' dir='ltr'><strong>vocent)</strong></span> <span class='ocrx_word' id='word_1_114' title='bbox 657 1644 770 1706; x_wconf 87' lang='lat' dir='ltr'><strong>liberos</strong></span> <span class='ocrx_word' id='word_1_115' title='bbox 792 1644 910 1724; x_wconf 85' lang='lat' dir='ltr'><strong>alege</strong></span> <span class='ocrx_word' id='word_1_116' title='bbox 935 1607 994 1718; x_wconf 49' lang='lat' dir='ltr'><strong>Hi¹</strong></span> 
     </span>
     <span class='ocr_line' id='line_1_18' title="bbox 49 1727 972 1806; baseline 0 -21"><span class='ocrx_word' id='word_1_117' title='bbox 49 1727 130 1786; x_wconf 89' lang='lat' dir='ltr'><strong>enim</strong></span> <span class='ocrx_word' id='word_1_118' title='bbox 155 1733 281 1804; x_wconf 87' lang='lat' dir='ltr'><strong>propter</strong></span> <span class='ocrx_word' id='word_1_119' title='bbox 303 1747 374 1786; x_wconf 90' lang='lat' dir='ltr'><strong>suas</strong></span> <span class='ocrx_word' id='word_1_120' title='bbox 398 1747 533 1803; x_wconf 88' lang='lat' dir='ltr'><strong>rasuras,</strong></span> <span class='ocrx_word' id='word_1_121' title='bbox 557 1737 667 1805; x_wconf 74' lang='lat' dir='ltr'><strong>testes,</strong></span> <span class='ocrx_word' id='word_1_122' title='bbox 689 1729 781 1788; x_wconf 88' lang='lat' dir='ltr'><strong>boras</strong></span> <span class='ocrx_word' id='word_1_123' title='bbox 808 1734 839 1788; x_wconf 88' lang='lat' dir='ltr'><strong>et</strong></span> <span class='ocrx_word' id='word_1_124' title='bbox 868 1733 972 1806; x_wconf 80' lang='lat' dir='ltr'><strong>gestus</strong></span> 
     </span>
     <span class='ocr_line' id='line_1_19' title="bbox 48 1809 972 1889; baseline 0.002 -22"><span class='ocrx_word' id='word_1_125' title='bbox 48 1816 93 1870; x_wconf 92' lang='lat' dir='ltr'><strong>tot</strong></span> <span class='ocrx_word' id='word_1_126' title='bbox 115 1810 255 1889; x_wconf 87' lang='lat' dir='ltr'><strong>peccatis</strong></span> <span class='ocrx_word' id='word_1_127' title='bbox 278 1817 411 1886; x_wconf 86' lang='lat' dir='ltr'><strong>scatent,</strong></span> <span class='ocrx_word' id='word_1_128' title='bbox 444 1821 475 1868; x_wconf 90' lang='lat' dir='ltr'><strong>nt</strong></span> <span class='ocrx_word' id='word_1_129' title='bbox 498 1831 554 1870; x_wconf 89' lang='lat' dir='ltr'><strong>nec</strong></span> <span class='ocrx_word' id='word_1_130' title='bbox 579 1821 625 1872; x_wconf 91' lang='lat' dir='ltr'><strong>tot</strong></span> <span class='ocrx_word' id='word_1_131' title='bbox 651 1811 816 1870; x_wconf 80' lang='lat' dir='ltr'><strong>relationes</strong></span> <span class='ocrx_word' id='word_1_132' title='bbox 837 1809 972 1870; x_wconf 88' lang='lat' dir='ltr'><strong>babeant</strong></span> 
     </span>
     <span class='ocr_line' id='line_1_20' title="bbox 48 1892 972 1972; baseline 0.001 -21"><span class='ocrx_word' id='word_1_133' title='bbox 48 1893 214 1967; x_wconf 85' lang='lat' dir='ltr'><strong>Scotistae,</strong></span> <span class='ocrx_word' id='word_1_134' title='bbox 240 1913 296 1952; x_wconf 89' lang='lat' dir='ltr'><strong>nec</strong></span> <span class='ocrx_word' id='word_1_135' title='bbox 320 1900 364 1952; x_wconf 92' lang='lat' dir='ltr'><strong>tot</strong></span> <span class='ocrx_word' id='word_1_136' title='bbox 385 1892 540 1954; x_wconf 84' lang='lat' dir='ltr'><strong>realitates</strong></span> <span class='ocrx_word' id='word_1_137' title='bbox 562 1893 755 1972; x_wconf 76' lang='lat' dir='ltr'><strong>i&#39;homistae,</strong></span> <span class='ocrx_word' id='word_1_138' title='bbox 778 1911 904 1972; x_wconf 87' lang='lat' dir='ltr'><strong>quarum</strong></span> <span class='ocrx_word' id='word_1_139' title='bbox 928 1900 972 1952; x_wconf 90' lang='lat' dir='ltr'><strong>ta·</strong></span> 
     </span>
     <span class='ocr_line' id='line_1_21' title="bbox 48 1974 972 2058; baseline -0.001 -24"><span class='ocrx_word' id='word_1_140' title='bbox 48 1993 117 2035; x_wconf 91' lang='lat' dir='ltr'><strong>men</strong></span> <span class='ocrx_word' id='word_1_141' title='bbox 141 1977 173 2034; x_wconf 92' lang='lat' dir='ltr'><strong>in</strong></span> <span class='ocrx_word' id='word_1_142' title='bbox 196 1974 330 2052; x_wconf 89' lang='lat' dir='ltr'><strong>qualibet</strong></span> <span class='ocrx_word' id='word_1_143' title='bbox 364 1977 520 2036; x_wconf 89' lang='lat' dir='ltr'><strong>remundi</strong></span> <span class='ocrx_word' id='word_1_144' title='bbox 557 1985 602 2037; x_wconf 91' lang='lat' dir='ltr'><strong>tot</strong></span> <span class='ocrx_word' id='word_1_145' title='bbox 636 1986 762 2058; x_wconf 89' lang='lat' dir='ltr'><strong>ponunt,</strong></span> <span class='ocrx_word' id='word_1_146' title='bbox 795 1984 871 2055; x_wconf 90' lang='lat' dir='ltr'><strong>quot</strong></span> <span class='ocrx_word' id='word_1_147' title='bbox 902 1985 972 2035; x_wconf 88' lang='lat' dir='ltr'><strong>sunt</strong></span> 
     </span>
     <span class='ocr_line' id='line_1_22' title="bbox 48 2065 578 2137; baseline 0.008 -20"><span class='ocrx_word' id='word_1_148' title='bbox 48 2065 210 2118; x_wconf 83' lang='lat' dir='ltr'><strong>creaturae</strong></span> <span class='ocrx_word' id='word_1_149' title='bbox 233 2067 263 2116; x_wconf 88' lang='lat' dir='ltr'><strong>et</strong></span> <span class='ocrx_word' id='word_1_150' title='bbox 283 2071 441 2137; x_wconf 85' lang='lat' dir='ltr'><strong>respectus</strong></span> <span class='ocrx_word' id='word_1_151' title='bbox 466 2079 578 2122; x_wconf 85' lang='lat' dir='ltr'><strong>earum.</strong></span> 
     </span>
    </p>

    <p class='ocr_par' dir='ltr' id='par_1_4' title="bbox 51 2140 972 2304">
     <span class='ocr_line' id='line_1_23' title="bbox 130 2140 972 2222; baseline -0.001 -22"><span class='ocrx_word' id='word_1_152' title='bbox 130 2141 217 2200; x_wconf 87' lang='lat' dir='ltr'><strong>Deus</strong></span> <span class='ocrx_word' id='word_1_153' title='bbox 241 2140 337 2214; x_wconf 90' lang='lat' dir='ltr'><strong>boue,</strong></span> <span class='ocrx_word' id='word_1_154' title='bbox 368 2141 438 2200; x_wconf 91' lang='lat' dir='ltr'><strong>nibil</strong></span> <span class='ocrx_word' id='word_1_155' title='bbox 464 2145 519 2202; x_wconf 90' lang='lat' dir='ltr'><strong>nisi</strong></span> <span class='ocrx_word' id='word_1_156' title='bbox 542 2150 703 2222; x_wconf 86' lang='lat' dir='ltr'><strong>peccatum</strong></span> <span class='ocrx_word' id='word_1_157' title='bbox 726 2149 772 2202; x_wconf 88' lang='lat' dir='ltr'><strong>est</strong></span> <span class='ocrx_word' id='word_1_158' title='bbox 793 2148 889 2202; x_wconf 90' lang='lat' dir='ltr'><strong>totum</strong></span> <span class='ocrx_word' id='word_1_159' title='bbox 911 2140 972 2201; x_wconf 86' lang='lat' dir='ltr'><strong>boc</strong></span> 
     </span>
     <span class='ocr_line' id='line_1_24' title="bbox 51 2223 971 2304; baseline 0 -22"><span class='ocrx_word' id='word_1_160' title='bbox 51 2223 161 2304; x_wconf 88' lang='lat' dir='ltr'><strong>vulgus</strong></span> <span class='ocrx_word' id='word_1_161' title='bbox 185 2223 341 2284; x_wconf 91' lang='lat' dir='ltr'><strong>bominum</strong></span> <span class='ocrx_word' id='word_1_162' title='bbox 373 2223 532 2302; x_wconf 88' lang='lat' dir='ltr'><strong>perditum.</strong></span> <span class='ocrx_word' id='word_1_163' title='bbox 576 2225 644 2285; x_wconf 88' lang='lat' dir='ltr'><strong>Nou</strong></span> <span class='ocrx_word' id='word_1_164' title='bbox 679 2224 742 2285; x_wconf 84' lang='lat' dir='ltr'><strong>radi</strong></span> <span class='ocrx_word' id='word_1_165' title='bbox 779 2225 877 2299; x_wconf 90' lang='lat' dir='ltr'><strong>enim,</strong></span> <span class='ocrx_word' id='word_1_166' title='bbox 909 2242 971 2283; x_wconf 90' lang='lat' dir='ltr'><strong>non</strong></span> 
     </span>
    </p>
   </div>
   <div class='ocr_carea' id='block_1_3' title="bbox 50 2305 1069 2388">
    <p class='ocr_par' dir='ltr' id='par_1_5' title="bbox 50 2305 1069 2388">
     <span class='ocr_line' id='line_1_25' title="bbox 50 2305 1069 2388; baseline -0.001 -22"><span class='ocrx_word' id='word_1_167' title='bbox 50 2308 154 2386; x_wconf 89' lang='lat' dir='ltr'><strong>legere</strong></span> <span class='ocrx_word' id='word_1_168' title='bbox 177 2307 268 2366; x_wconf 85' lang='lat' dir='ltr'><strong>boras</strong></span> <span class='ocrx_word' id='word_1_169' title='bbox 291 2309 473 2388; x_wconf 84' lang='lat' dir='ltr'><strong>canonicas,</strong></span> <span class='ocrx_word' id='word_1_170' title='bbox 497 2327 557 2368; x_wconf 92' lang='lat' dir='ltr'><strong>uon</strong></span> <span class='ocrx_word' id='word_1_171' title='bbox 582 2309 683 2368; x_wconf 87' lang='lat' dir='ltr'><strong>vestiri</strong></span> <span class='ocrx_word' id='word_1_172' title='bbox 706 2309 810 2368; x_wconf 91' lang='lat' dir='ltr'><strong>colore</strong></span> <span class='ocrx_word' id='word_1_173' title='bbox 832 2305 972 2366; x_wconf 87' lang='lat' dir='ltr'><strong>sacerdo·</strong></span> <span class='ocrx_word' id='word_1_174' title='bbox 1065 2305 1069 2326; x_wconf 93' lang='lat'><em>&#39;</em></span> 
     </span>
    </p>
   </div>
   <div class='ocr_carea' id='block_1_4' title="bbox 51 2389 974 3549">
    <p class='ocr_par' dir='ltr' id='par_1_6' title="bbox 51 2389 974 3549">
     <span class='ocr_line' id='line_1_26' title="bbox 51 2389 974 2470; baseline 0 -22"><span class='ocrx_word' id='word_1_175' title='bbox 51 2389 111 2465; x_wconf 89' lang='lat' dir='ltr'><strong>tali,</strong></span> <span class='ocrx_word' id='word_1_176' title='bbox 136 2408 200 2449; x_wconf 92' lang='lat' dir='ltr'><strong>non</strong></span> <span class='ocrx_word' id='word_1_177' title='bbox 224 2395 346 2468; x_wconf 88' lang='lat' dir='ltr'><strong>gestare</strong></span> <span class='ocrx_word' id='word_1_178' title='bbox 368 2391 531 2470; x_wconf 89' lang='lat' dir='ltr'><strong>cucullum,</strong></span> <span class='ocrx_word' id='word_1_179' title='bbox 565 2411 626 2451; x_wconf 90' lang='lat' dir='ltr'><strong>non</strong></span> <span class='ocrx_word' id='word_1_180' title='bbox 660 2391 743 2451; x_wconf 92' lang='lat' dir='ltr'><strong>indui</strong></span> <span class='ocrx_word' id='word_1_181' title='bbox 776 2409 909 2470; x_wconf 88' lang='lat' dir='ltr'><strong>purpura</strong></span> <span class='ocrx_word' id='word_1_182' title='bbox 944 2398 974 2449; x_wconf 91' lang='lat' dir='ltr'><strong>et</strong></span> 
     </span>
     <span class='ocr_line' id='line_1_27' title="bbox 51 2472 972 2554; baseline -0.002 -22"><span class='ocrx_word' id='word_1_183' title='bbox 51 2473 155 2554; x_wconf 83' lang='lat' dir='ltr'><strong>bysso,</strong></span> <span class='ocrx_word' id='word_1_184' title='bbox 180 2480 210 2532; x_wconf 92' lang='lat' dir='ltr'><strong>et</strong></span> <span class='ocrx_word' id='word_1_185' title='bbox 232 2472 346 2551; x_wconf 85' lang='lat' dir='ltr'><strong>aliquid</strong></span> <span class='ocrx_word' id='word_1_186' title='bbox 369 2493 474 2534; x_wconf 88' lang='lat' dir='ltr'><strong>eorum</strong></span> <span class='ocrx_word' id='word_1_187' title='bbox 498 2483 635 2548; x_wconf 89' lang='lat' dir='ltr'><strong>mutare,</strong></span> <span class='ocrx_word' id='word_1_188' title='bbox 656 2493 736 2553; x_wconf 87' lang='lat' dir='ltr'><strong>quae</strong></span> <span class='ocrx_word' id='word_1_189' title='bbox 771 2473 830 2534; x_wconf 90' lang='lat' dir='ltr'><strong>illis</strong></span> <span class='ocrx_word' id='word_1_190' title='bbox 862 2474 972 2533; x_wconf 89' lang='lat' dir='ltr'><strong>consti-</strong></span> 
     </span>
     <span class='ocr_line' id='line_1_28' title="bbox 52 2555 973 2637; baseline 0.002 -23"><span class='ocrx_word' id='word_1_191' title='bbox 52 2563 114 2616; x_wconf 89' lang='lat' dir='ltr'><strong>tuta</strong></span> <span class='ocrx_word' id='word_1_192' title='bbox 135 2561 220 2634; x_wconf 87' lang='lat' dir='ltr'><strong>sunt,</strong></span> <span class='ocrx_word' id='word_1_193' title='bbox 243 2565 289 2616; x_wconf 90' lang='lat' dir='ltr'><strong>est</strong></span> <span class='ocrx_word' id='word_1_194' title='bbox 310 2575 420 2635; x_wconf 78' lang='lat' dir='ltr'><strong>possus</strong></span> <span class='ocrx_word' id='word_1_195' title='bbox 443 2565 646 2637; x_wconf 85' lang='lat' dir='ltr'><strong>apostatasse.</strong></span> <span class='ocrx_word' id='word_1_196' title='bbox 691 2557 766 2632; x_wconf 78' lang='lat' dir='ltr'><strong>Quis</strong></span> <span class='ocrx_word' id='word_1_197' title='bbox 781 2575 843 2616; x_wconf 90' lang='lat' dir='ltr'><strong>non</strong></span> <span class='ocrx_word' id='word_1_198' title='bbox 859 2555 973 2616; x_wconf 87' lang='lat' dir='ltr'><strong>indicet</strong></span> 
     </span>
     <span class='ocr_line' id='line_1_29' title="bbox 53 2638 973 2717; baseline 0 -19"><span class='ocrx_word' id='word_1_199' title='bbox 53 2638 235 2700; x_wconf 89' lang='lat' dir='ltr'><strong>monachum</strong></span> <span class='ocrx_word' id='word_1_200' title='bbox 267 2647 459 2717; x_wconf 84' lang='lat' dir='ltr'><strong>apostatam,</strong></span> <span class='ocrx_word' id='word_1_201' title='bbox 494 2641 518 2699; x_wconf 92' lang='lat' dir='ltr'><strong>si</strong></span> <span class='ocrx_word' id='word_1_202' title='bbox 542 2649 628 2699; x_wconf 87' lang='lat' dir='ltr'><strong>veste</strong></span> <span class='ocrx_word' id='word_1_203' title='bbox 663 2641 741 2700; x_wconf 84' lang='lat' dir='ltr'><strong>laica</strong></span> <span class='ocrx_word' id='word_1_204' title='bbox 772 2638 912 2716; x_wconf 88' lang='lat' dir='ltr'><strong>incedat,</strong></span> <span class='ocrx_word' id='word_1_205' title='bbox 947 2639 973 2698; x_wconf 92' lang='lat' dir='ltr'><strong>si</strong></span> 
     </span>
     <span class='ocr_line' id='line_1_30' title="bbox 53 2720 972 2803; baseline -0.002 -21"><span class='ocrx_word' id='word_1_206' title='bbox 53 2721 174 2800; x_wconf 84' lang='lat' dir='ltr'><strong>quaudo</strong></span> <span class='ocrx_word' id='word_1_207' title='bbox 208 2720 292 2800; x_wconf 89' lang='lat' dir='ltr'><strong>liber,</strong></span> <span class='ocrx_word' id='word_1_208' title='bbox 315 2730 344 2780; x_wconf 88' lang='lat' dir='ltr'><strong>ot</strong></span> <span class='ocrx_word' id='word_1_209' title='bbox 365 2721 431 2782; x_wconf 87' lang='lat' dir='ltr'><strong>radi</strong></span> <span class='ocrx_word' id='word_1_210' title='bbox 454 2723 641 2803; x_wconf 78' lang='lat' dir='ltr'><strong>negligeret?</strong></span> <span class='ocrx_word' id='word_1_211' title='bbox 686 2725 727 2784; x_wconf 86' lang='lat' dir='ltr'><strong>At</strong></span> <span class='ocrx_word' id='word_1_212' title='bbox 746 2721 829 2801; x_wconf 90' lang='lat' dir='ltr'><strong>quod</strong></span> <span class='ocrx_word' id='word_1_213' title='bbox 852 2721 972 2781; x_wconf 83' lang='lat' dir='ltr'><strong>interim</strong></span> 
     </span>
     <span class='ocr_line' id='line_1_31' title="bbox 54 2803 972 2900; baseline 0.001 -37"><span class='ocrx_word' id='word_1_214' title='bbox 54 2803 149 2864; x_wconf 81' lang='lat' dir='ltr'><strong>elide</strong></span> <span class='ocrx_word' id='word_1_215' title='bbox 172 2811 358 2900; x_wconf 73' lang='lat' dir='ltr'><strong>apostatant,</strong></span> <span class='ocrx_word' id='word_1_216' title='bbox 382 2805 465 2866; x_wconf 91' lang='lat' dir='ltr'><strong>nulla</strong></span> <span class='ocrx_word' id='word_1_217' title='bbox 487 2825 569 2867; x_wconf 91' lang='lat' dir='ltr'><strong>cura.</strong></span> <span class='ocrx_word' id='word_1_218' title='bbox 612 2806 670 2866; x_wconf 88' lang='lat' dir='ltr'><strong>Hic</strong></span> <span class='ocrx_word' id='word_1_219' title='bbox 693 2824 764 2866; x_wconf 90' lang='lat' dir='ltr'><strong>vero</strong></span> <span class='ocrx_word' id='word_1_220' title='bbox 798 2825 837 2864; x_wconf 91' lang='lat' dir='ltr'><strong>ne</strong></span> <span class='ocrx_word' id='word_1_221' title='bbox 869 2823 972 2894; x_wconf 87' lang='lat' dir='ltr'><strong>papae</strong></span> 
     </span>
     <span class='ocr_line' id='line_1_32' title="bbox 55 2883 972 2983; baseline 0 -36"><span class='ocrx_word' id='word_1_222' title='bbox 55 2887 173 2965; x_wconf 88' lang='lat' dir='ltr'><strong>quidem</strong></span> <span class='ocrx_word' id='word_1_223' title='bbox 200 2887 267 2983; x_wconf 69' lang='lat' dir='ltr'><strong>iqui</strong></span> <span class='ocrx_word' id='word_1_224' title='bbox 283 2891 500 2950; x_wconf 87' lang='lat' dir='ltr'><strong>tameuomnia</strong></span> <span class='ocrx_word' id='word_1_225' title='bbox 521 2891 550 2948; x_wconf 91' lang='lat' dir='ltr'><strong>in</strong></span> <span class='ocrx_word' id='word_1_226' title='bbox 571 2890 667 2950; x_wconf 90' lang='lat' dir='ltr'><strong>Deum</strong></span> <span class='ocrx_word' id='word_1_227' title='bbox 683 2895 811 2969; x_wconf 84' lang='lat' dir='ltr'><strong>peccata</strong></span> <span class='ocrx_word' id='word_1_228' title='bbox 824 2883 972 2947; x_wconf 81' lang='lat' dir='ltr'><strong>vilissime</strong></span> 
     </span>
     <span class='ocr_line' id='line_1_33' title="bbox 56 2969 971 3050; baseline 0.004 -23"><span class='ocrx_word' id='word_1_229' title='bbox 56 2971 184 3049; x_wconf 90' lang='lat' dir='ltr'><strong>remittit,</strong></span> <span class='ocrx_word' id='word_1_230' title='bbox 207 2973 268 3030; x_wconf 92' lang='lat' dir='ltr'><strong>imo</strong></span> <span class='ocrx_word' id='word_1_231' title='bbox 292 2969 428 3031; x_wconf 88' lang='lat' dir='ltr'><strong>obtrudit</strong></span> <span class='ocrx_word' id='word_1_232' title='bbox 449 2974 677 3050; x_wconf 87' lang='lat' dir='ltr'><strong>remissionem)</strong></span> <span class='ocrx_word' id='word_1_233' title='bbox 710 2972 899 3050; x_wconf 86' lang='lat' dir='ltr'><strong>dispensatio</strong></span> <span class='ocrx_word' id='word_1_234' title='bbox 926 2989 971 3031; x_wconf 80' lang='lat' dir='ltr'><strong>sa·</strong></span> 
     </span>
     <span class='ocr_line' id='line_1_34' title="bbox 57 3053 972 3150; baseline 0.002 -40"><span class='ocrx_word' id='word_1_235' title='bbox 57 3053 90 3111; x_wconf 91' lang='lat' dir='ltr'><strong>tis</strong></span> <span class='ocrx_word' id='word_1_236' title='bbox 113 3061 168 3129; x_wconf 87' lang='lat' dir='ltr'><strong>est,</strong></span> <span class='ocrx_word' id='word_1_237' title='bbox 192 3053 424 3149; x_wconf 88' lang='lat' dir='ltr'><strong>quamtumlibet</strong></span> <span class='ocrx_word' id='word_1_238' title='bbox 445 3055 540 3115; x_wconf 86' lang='lat' dir='ltr'><strong>multa</strong></span> <span class='ocrx_word' id='word_1_239' title='bbox 564 3057 693 3134; x_wconf 88' lang='lat' dir='ltr'><strong>pecunia</strong></span> <span class='ocrx_word' id='word_1_240' title='bbox 707 3055 875 3150; x_wconf 80' lang='lat' dir='ltr'><strong>redempta,</strong></span> <span class='ocrx_word' id='word_1_241' title='bbox 894 3053 972 3114; x_wconf 82' lang='lat' dir='ltr'><strong>adeo</strong></span> 
     </span>
     <span class='ocr_line' id='line_1_35' title="bbox 58 3136 971 3218; baseline 0.001 -25"><span class='ocrx_word' id='word_1_242' title='bbox 58 3136 162 3196; x_wconf 89' lang='lat' dir='ltr'><strong>insedit</strong></span> <span class='ocrx_word' id='word_1_243' title='bbox 184 3137 380 3196; x_wconf 86' lang='lat' dir='ltr'><strong>conscientiis</strong></span> <span class='ocrx_word' id='word_1_244' title='bbox 404 3139 521 3198; x_wconf 87' lang='lat' dir='ltr'><strong>miseris</strong></span> <span class='ocrx_word' id='word_1_245' title='bbox 544 3139 645 3216; x_wconf 87' lang='lat' dir='ltr'><strong>legum</strong></span> <span class='ocrx_word' id='word_1_246' title='bbox 668 3139 725 3198; x_wconf 91' lang='lat' dir='ltr'><strong>ista</strong></span> <span class='ocrx_word' id='word_1_247' title='bbox 744 3139 890 3218; x_wconf 82' lang='lat' dir='ltr'><strong>tyrannis,</strong></span> <span class='ocrx_word' id='word_1_248' title='bbox 900 3155 971 3195; x_wconf 87' lang='lat' dir='ltr'><strong>vere</strong></span> 
     </span>
     <span class='ocr_line' id='line_1_36' title="bbox 61 3218 970 3296; baseline 0.002 -20"><span class='ocrx_word' id='word_1_249' title='bbox 61 3219 161 3279; x_wconf 86' lang='lat' dir='ltr'><strong>Daniel</strong></span> <span class='ocrx_word' id='word_1_250' title='bbox 186 3219 272 3279; x_wconf 90' lang='lat' dir='ltr'><strong>dicit:</strong></span> <span class='ocrx_word' id='word_1_251' title='bbox 296 3218 335 3278; x_wconf 86' lang='lat' dir='ltr'><strong>Et</strong></span> <span class='ocrx_word' id='word_1_252' title='bbox 357 3220 506 3280; x_wconf 87' lang='lat' dir='ltr'><strong>mirabilia</strong></span> <span class='ocrx_word' id='word_1_253' title='bbox 529 3222 669 3282; x_wconf 85' lang='lat' dir='ltr'><strong>vastabit.</strong></span> <span class='ocrx_word' id='word_1_254' title='bbox 713 3220 792 3296; x_wconf 81' lang='lat' dir='ltr'><strong>Quid</strong></span> <span class='ocrx_word' id='word_1_255' title='bbox 816 3221 970 3280; x_wconf 87' lang='lat' dir='ltr'><strong>enimuon</strong></span> 
     </span>
     <span class='ocr_line' id='line_1_37' title="bbox 61 3301 970 3382; baseline 0.006 -27"><span class='ocrx_word' id='word_1_256' title='bbox 61 3310 204 3362; x_wconf 88' lang='lat' dir='ltr'><strong>vastatum</strong></span> <span class='ocrx_word' id='word_1_257' title='bbox 228 3301 393 3381; x_wconf 85' lang='lat' dir='ltr'><strong>relinquit?</strong></span> <span class='ocrx_word' id='word_1_258' title='bbox 417 3303 454 3362; x_wconf 80' lang='lat' dir='ltr'><strong>Et</strong></span> <span class='ocrx_word' id='word_1_259' title='bbox 475 3305 691 3401; x_wconf 79' lang='lat' dir='ltr'><strong>si&#39;cvastatum,</strong></span> <span class='ocrx_word' id='word_1_260' title='bbox 713 3312 746 3364; x_wconf 94' lang='lat' dir='ltr'><strong>ut</strong></span> <span class='ocrx_word' id='word_1_261' title='bbox 765 3303 897 3382; x_wconf 84' lang='lat' dir='ltr'><strong>reparari</strong></span> <span class='ocrx_word' id='word_1_262' title='bbox 910 3320 970 3361; x_wconf 92' lang='lat' dir='ltr'><strong>non</strong></span> 
     </span>
     <span class='ocr_line' id='line_1_38' title="bbox 62 3385 972 3464; baseline 0 -20"><span class='ocrx_word' id='word_1_263' title='bbox 62 3387 159 3462; x_wconf 88' lang='lat' dir='ltr'><strong>possit,</strong></span> <span class='ocrx_word' id='word_1_264' title='bbox 183 3385 379 3452; x_wconf 82' lang='lat' dir='ltr'><strong>conscientiis</strong></span> <span class='ocrx_word' id='word_1_265' title='bbox 402 3385 544 3448; x_wconf 89' lang='lat' dir='ltr'><strong>omnibus</strong></span> <span class='ocrx_word' id='word_1_266' title='bbox 567 3389 659 3448; x_wconf 90' lang='lat' dir='ltr'><strong>nimio</strong></span> <span class='ocrx_word' id='word_1_267' title='bbox 682 3385 882 3446; x_wconf 84' lang='lat' dir='ltr'><strong>infirmatiset</strong></span> <span class='ocrx_word' id='word_1_268' title='bbox 904 3403 972 3464; x_wconf 89' lang='lat' dir='ltr'><strong>cap-</strong></span> 
     </span>
     <span class='ocr_line' id='line_1_39' title="bbox 62 3467 972 3549; baseline 0.001 -25"><span class='ocrx_word' id='word_1_269' title='bbox 62 3467 162 3530; x_wconf 88' lang='lat' dir='ltr'><strong>tivatis.</strong></span> <span class='ocrx_word' id='word_1_270' title='bbox 207 3467 247 3530; x_wconf 78' lang='lat' dir='ltr'><strong>Et</strong></span> <span class='ocrx_word' id='word_1_271' title='bbox 268 3467 347 3528; x_wconf 87' lang='lat' dir='ltr'><strong>haud</strong></span> <span class='ocrx_word' id='word_1_272' title='bbox 381 3470 458 3545; x_wconf 87' lang='lat' dir='ltr'><strong>scio,</strong></span> <span class='ocrx_word' id='word_1_273' title='bbox 489 3471 514 3531; x_wconf 89' lang='lat' dir='ltr'><strong>si</strong></span> <span class='ocrx_word' id='word_1_274' title='bbox 537 3490 617 3549; x_wconf 86' lang='lat' dir='ltr'><strong>papa</strong></span> <span class='ocrx_word' id='word_1_275' title='bbox 651 3470 744 3531; x_wconf 90' lang='lat' dir='ltr'><strong>bodie</strong></span> <span class='ocrx_word' id='word_1_276' title='bbox 776 3486 882 3528; x_wconf 88' lang='lat' dir='ltr'><strong>omnes</strong></span> <span class='ocrx_word' id='word_1_277' title='bbox 917 3467 972 3526; x_wconf 82' lang='lat' dir='ltr'><strong>has</strong></span> 
     </span>
    </p>
   </div>
   <div class='ocr_carea' id='block_1_5' title="bbox 58 3710 556 3808">
    <p class='ocr_par' dir='ltr' id='par_1_7' title="bbox 58 3710 556 3808">
     <span class='ocr_line' id='line_1_40' title="bbox 58 3710 556 3808; baseline -0.014 -15"><span class='ocrx_word' id='word_1_278' title='bbox 58 3710 65 3724; x_wconf 30' lang='grc' dir='ltr'><strong><em>ο</em></strong></span> <span class='ocrx_word' id='word_1_279' title='bbox 111 3735 139 3802; x_wconf 78' lang='grc'><strong>1)</strong></span> <span class='ocrx_word' id='word_1_280' title='bbox 158 3735 188 3788; x_wconf 87' lang='lat' dir='ltr'><strong>ln</strong></span> <span class='ocrx_word' id='word_1_281' title='bbox 208 3735 252 3790; x_wconf 87' lang='lat' dir='ltr'><strong>ed.</strong></span> <span class='ocrx_word' id='word_1_282' title='bbox 272 3735 356 3808; x_wconf 80' lang='lat' dir='ltr'><strong>orig:</strong></span> <span class='ocrx_word' id='word_1_283' title='bbox 379 3736 556 3794; x_wconf 78' lang='lat' dir='ltr'><strong>tonsuristot.</strong></span> 
     </span>
    </p>
   </div>
   <div class='ocr_carea' id='block_1_6' title="bbox 0 0 1149 4006">
    <p class='ocr_par' dir='ltr' id='par_1_8' title="bbox 0 0 1149 4006">
     <span class='ocr_line' id='line_1_41' title="bbox 0 0 1149 4006; baseline 0 0"><span class='ocrx_word' id='word_1_284' title='bbox 0 0 1149 4006; x_wconf 95' lang='lat' dir='ltr'><strong> </strong></span> 
     </span>
    </p>
   </div>
  </div>
 </body>
</html>
