2252 4006
278 158 421 217 Ambrosii
437 161 544 216 Gathar.
564 177 589 216 a.
609 161 686 218 stat.
887 154 949 225 293

43 317 184 394 venimus,
216 322 247 376 et
267 315 306 377 ad
334 316 544 397 operationem
566 304 743 378 ‘secundum
766 315 949 394 intellectus,

41 408 67 461 et
92 399 265 460 conclusum
287 406 348 476 est,
380 419 491 480 papam
521 419 590 461 esse
617 400 845 478 antichristum,
882 400 949 462 sola

40 489 168 562 superest
189 484 326 563 operatio
349 484 452 562 tertia,
487 483 640 544 discursus
671 485 712 559 (si
735 490 836 544 tamen
861 483 949 564 Aegi-

41 567 121 626 diiata
142 584 274 645 quoque,
297 584 358 627 non
371 573 487 627 tantum
500 567 659 627 Themista
680 567 803 646 fueris),
825 567 950 628 ethanc

40 668 187 729 speramus
219 650 395 728 propediem
425 648 541 710 finitum
569 652 614 712 iri.
657 650 697 710 Et
724 651 803 729 ignis
827 650 949 729 quidem

39 739 134 792 noster
166 751 234 793 eam
266 731 393 794 feliciter
422 733 537 792 orditus
575 736 625 808 (ut
646 733 821 814 speramns)
847 735 967 794 omnia*

38 818 95 874 iura
122 815 308 875 sanctissimi
336 815 368 874 in
392 815 632 876 Christo*Patris
663 824 693 875 et
721 816 860 877 Vaccarii
892 817 949 876 Dei

37 900 62 958 in
106 898 192 957 terris
244 899 369 958 exussit
402 905 546 978 tanquam
590 899 756 960 antichristi
794 899 949 979 dogmata.

36 980 143 1061 Tarde,
166 982 306 1060 inquam,
337 982 445 1042 venisti
468 981 647 1059 catharine,
671 981 771 1058 tarde,
793 983 896 1059 tarde,
920 991 950 1043 et

36 1064 116 1124 nimis
139 1072 244 1123 vetera
265 1083 499 1126 commemoras.
542 1065 656 1124 Tamen
672 1085 710 1124 ne
725 1065 836 1125 frustra
858 1062 950 1126 male-

36 1147 143 1206 dixisse
167 1133 345 1228 (scripsisse
366 1147 507 1228 inquam]
534 1147 671 1226 videare,
705 1148 776 1209 volo
809 1167 877 1208 curn
900 1167 951 1210 co·

35 1236 118 1309 gente
140 1229 179 1290 ad
203 1249 295 1290 unum
318 1231 433 1290 miliare
455 1233 546 1291 etiam
570 1231 629 1290 duo
653 1231 713 1291 alia
736 1231 858 1311 vadere,
881 1238 950 1292 ete

34 1312 129 1372 favilla
151 1314 329 1373 suscitatam
352 1313 452 1374 denuo
464 1315 675 1392 quaestionem
692 1322 824 1376 tractare
838 1322 950 1391 tecum,
1017 1327 1020 1334 ⁴

36 1403 143 1474 quanto
167 1413 292 1476 possum
322 1395 516 1474 brevissime,
552 1417 589 1456 ne
611 1399 724 1477 septies
748 1398 845 1459 hestia
867 1396 948 1476 flam,
1053 1407 1080 1424 '⁸

34 1478 99 1538 nihil
121 1477 209 1539 tahto
233 1479 422 1560 respondens
443 1479 521 1540 Italo
544 1488 574 1540 et
594 1480 782 1544 Themistae.

108 1561 236 1622 Summa
267 1563 383 1641 primae
416 1564 552 1622 omnium
586 1564 774 1644 quaestionis
809 1569 870 1638 est,
911 1581 948 1622 an

34 1644 164 1705 Christus
186 1642 294 1706 Matth.
320 1647 366 1710 16.
388 1645 558 1706 Romanam
582 1647 743 1726 ecclesiam
765 1647 871 1706 fecerit
895 1665 952 1706 ca·r

32 1735 88 1807 put,
111 1730 298 1808 magistram,
321 1729 499 1808 principem,
523 1729 688 1807 dominam,
710 1729 838 1807 primam
853 1728 950 1789 eccle·
982 1726 998 1778 '-

33 1811 138 1870 siarum
162 1812 257 1871 totius
280 1810 379 1885 orbis,
408 1831 462 1890 per
483 1814 541 1872 ista
562 1813 670 1874 verba:
705 1811 750 1872 Tu
774 1832 806 1872 es
832 1812 948 1891 Petrus,

32 1900 57 1954 et
77 1913 170 1973 super
200 1893 279 1954 hanc
308 1901 425 1974 petram
456 1893 625 1955 aedificabo
654 1895 816 1955 ecelesiam
848 1913 948 1954 meam

31 1975 105 2038 etc?
127 1976 245 2037 Omitto
268 1995 314 2050 aa,
338 1994 416 2055 quae
437 1986 528 2037 antea
550 1977 623 2051 dixi,
645 1977 754 2057 quibus
770 1978 947 2039 felicissimo

34 2059 197 2120 Gatharino
229 2069 345 2120 tanturn
373 2062 528 2140 negotium
558 2061 760 2140 distinguendi
788 2066 819 2120 et
843 2080 860 2119 e
883 2077 950 2140 pro-

36 2143 98 2222 prio
121 2143 225 2222 capite
246 2142 366 2222 glossas
389 2141 523 2223 tingendi
546 2143 627 2219 dedi,
657 2151 688 2203 ut
710 2163 759 2203 me
781 2144 872 2203 etiam
902 2141 951 2203 be·

33 2225 121 2286 stiam.
139 2225 308 2286 laborantis
328 2225 460 2286 hominis
483 2229 637 2287 misertum
660 2228 706 2290 sit.
751 2225 838 2302 Quae
852 2228 877 2285 si
900 2225 949 2286 de·
1036 2279 1040 2288 ,

32 2327 87 2368 nuo
109 2316 282 2388 repeterem
304 2315 335 2368 et
358 2309 582 2388 redarguerem,
605 2329 747 2390 magnum
771 2310 843 2369 mihi
866 2308 949 2370 volu-

32 2409 94 2450 men
130 2398 325 2468 naseeretur,
360 2411 427 2452 cum
461 2393 556 2452 sciam
584 2393 664 2452 illius
699 2391 780 2452 diota
813 2409 950 2452 meorum

32 2475 261 2554 comparatione
292 2473 403 2557 (modo
434 2475 586 2538 mediocre
608 2476 762 2554 ingenium
786 2474 944 2548 observet)

33 2558 102 2617 mire
124 2556 256 2618 ridicula
276 2564 307 2618 et
329 2559 420 2618 stulta
432 2563 606 2618 commenta
622 2559 759 2619 inveniri.
804 2556 851 2618 Ad
869 2567 950 2618 nbve

33 2639 141 2698 dictum
165 2639 387 2720 dicendumque
412 2641 515 2713 venio,
550 2640 631 2720 quod
653 2637 834 2701 catherinus
862 2641 951 2700 ratic-

32 2722 155 2800 nahilis,
178 2723 268 2783 etiam
291 2724 315 2782 si
339 2723 476 2784 arborem
499 2723 738 2804 Porphyrianam
761 2742 830 2783 cum
851 2723 951 2783 fructi·

35 2804 86 2865 hus
108 2812 259 2882 vorasset,
281 2825 343 2867 non
367 2805 569 2869 observasset.

110 2888 265 2967 (lhristus,
298 2888 379 2968 quod
408 2889 589 2950 catherinus
619 2889 747 2965 latetur,
780 2890 879 2970 primo
913 2887 952 2948 de

36 2977 116 3049 patra
140 2977 172 3031 et
193 2970 324 3034 ecclesia
345 2971 487 3051 loquitur.
531 2969 674 3033 Secundo
696 2971 847 3045 fatebitur,
862 2969 952 3050 ¹quod

34 3052 166 3114 Christus
196 3055 353 3134 promittat
384 3054 530 3114 adversus
561 3054 689 3114 eandem
723 3054 885 3115 ecclesiam
922 3061 953 3112 et

34 3149 147 3214 petram
169 3155 229 3197 nun
244 3135 463 3215 praevalituras
476 3155 544 3197 esse
558 3143 662 3216 portas
677 3137 774 3198 interi.
818 3136 949 3197 literana

35 3227 100 3278 sunt
122 3219 210 3297 haec,
232 3219 419 3280 Catharine?
442 3219 511 3281 Non
524 3221 603 3280 enim
621 3219 727 3294 bestia,
751 3218 804 3279 sed
817 3218 952 3280 Christus

35 3321 69 3361 ea
92 3301 173 3363 dicit.
201 3301 283 3381 ¹Stet
310 3321 399 3382 ergo,
432 3312 536 3383 portas
564 3303 650 3363 inferi
683 3321 744 3362 non
774 3301 950 3382 praevalere

37 3383 178 3444 adversus
200 3403 299 3464 neque
322 3396 439 3466 petram
461 3404 560 3465 neque
581 3385 752 3446 eeclesiam.

115 3467 225 3528 Portae
247 3477 347 3526 autem
370 3468 455 3527 interi
478 3477 550 3527 tuno
564 3467 749 3548 praevalent,
773 3463 895 3545 quando
919 3465 949 3523 in

37 3558 193 3628 peccatum
217 3549 398 3630 perpellunt.
441 3550 502 3610 Aut
525 3550 573 3609 dic
594 3557 636 3624 tn,
656 3549 727 3629 quid
745 3550 950 3628 aitportarnm

37 3632 198 3696 inferarum
220 3633 397 3718 praevalere
419 3633 521 3694 aliud?
543 3631 627 3695 Sicut
641 3637 775 3710 econtra,
797 3627 950 3692 aedificari
