2250 4008
318 171 442 226 Rationis
462 172 641 226 Latomisnac
658 177 710 226 etc.
921 167 984 236 479

60 324 240 403 platricibus
274 325 444 386 animabus.
503 324 642 404 Quisque
676 345 762 386 suam
804 335 918 386 sortem
944 327 983 386 rin

60 408 328 470 abundantissimo
351 415 382 469 st
408 410 660 469 communissimo
683 407 776 468 verbo
798 408 853 468 Dai
876 427 983 487 sequa·
1039 443 1046 450 ·

60 499 128 568 tur,
158 497 189 551 et
216 490 310 552 verba
331 491 487 552 hominum
513 501 564 551 aut
596 492 807 572 repudiemus,
840 501 891 551 aut
913 511 983 553 cnm

60 575 178 635 iudicio
202 576 350 654 legamus.
393 574 478 634 llaec
499 576 573 635 satis
599 593 654 654 pro
677 577 735 635 ista
757 577 930 651 autoritate,
954 581 985 636 et

58 659 157 716 nimio
181 657 361 738 plusquam
384 659 468 720 satis.

467 857 580 923 Tertio.

145 991 266 1052 luvadit
294 990 420 1051 Paulum
446 990 533 1051 Rom.
551 996 585 1054 ’7.
628 991 684 1051 Hic
707 990 852 1052 Latomus
882 1012 981 1052 meam

54 1076 243 1134 sententiam
268 1073 339 1132 milri
354 1075 486 1132 maxime
509 1073 679 1152 confirmat,
695 1083 735 1133 et
756 1075 866 1154 prodit,
889 1093 981 1154 quam

57 1177 123 1216 non
147 1155 250 1217 studio
273 1157 423 1232 veritatis,
455 1156 508 1215 sed
540 1159 642 1217 animo
667 1157 853 1237 depravandi
876 1165 907 1218 et
929 1157 982 1217 lal-

57 1239 143 1300 lendi
168 1240 272 1299 orbern
288 1239 370 1298 hunc
394 1238 502 1299 librum
520 1241 685 1320 scripserit,
708 1248 823 1300 tanturn
847 1249 880 1300 nt
898 1243 983 1320 igno·

57 1323 188 1382 miniam
211 1322 342 1382 incendii
364 1329 395 1381 ct
415 1321 518 1381 iudicii
536 1322 678 1402 sacrilegi
699 1322 860 1386 solaretur.
905 1323 982 1383 Nam

57 1405 286 1484 quantumlibet
307 1405 481 1466 cervicosus
504 1413 534 1465 et
556 1406 707 1486 pertinax,
730 1413 831 1466 temen
855 1408 897 1467 ita
919 1405 982 1486 pal-

57 1490 140 1548 lidus
165 1498 196 1550 et
217 1488 361 1568 trepidus,
384 1487 477 1547 silens
491 1498 660 1567 cautusque
677 1489 792 1549 incedit
812 1509 867 1569 per
889 1488 982 1550 verba

56 1571 159 1652 Pauli,
183 1579 215 1631 ut
236 1572 374 1631 videatur
395 1572 531 1633 timuisse
554 1591 607 1651 per
629 1571 767 1652 singulos
788 1574 908 1651 apicas,
943 1591 981 1632 ne

57 1656 162 1715 hiatus
198 1654 348 1734 quispiam
382 1663 543 1734 appareret
565 1664 596 1714 et
630 1655 779 1714 misellum
804 1655 979 1735 sophistam

54 1737 248 1800 absorberet.
293 1736 457 1816 Postquam
490 1756 564 1798 vero
597 1739 735 1797 transivit
755 1739 815 1798 ista
846 1738 983 1818 pericula

56 1830 88 1880 et
112 1823 143 1881 in
167 1839 254 1880 suum
278 1837 421 1900 campum
446 1821 543 1898 venit,
574 1821 795 1880 ubicxcursus
817 1820 907 1897 lacit,
941 1819 981 1880 ibi
1026 1874 1028 1878 .

57 1906 183 1964 Patrum
207 1902 288 1962 dicta
305 1902 533 1984 conglomerat,
568 1922 605 1964 ac
624 1905 658 1962 ,si
681 1922 735 1984 pro
760 1903 906 1964 miraculo
929 1904 980 1964 ha-

57 1988 124 2046 beri
149 1987 230 2062 velit,
252 1985 334 2065 quod
358 1985 548 2046 sedentarius
571 1994 602 2047 et
623 1987 740 2048 otiosus
767 1986 864 2048 lector
885 1987 982 2047 multa
1016 2003 1022 2020 ‘

56 2072 163 2130 aliena
185 2070 401 2130 consarcinare
423 2075 453 2128 et
476 2070 645 2130 conlarcire
658 2076 768 2150 potest,
789 2070 981 2134 lactescens

57 2173 116 2234 spe
139 2163 170 2212 et
190 2152 338 2228 consilio,
370 2152 451 2231 quod
476 2151 677 2214 'multitudine
694 2171 755 2213 rme
788 2153 980 2231 absterreret,

59 2257 100 2297 ne
123 2235 287 2302 scriberem
310 2234 428 2312 denuo,
451 2254 519 2295 cum
542 2235 649 2296 intiniti
672 2237 712 2295 sit
733 2236 913 2314 voluminis,
931 2237 981 2296 >ad

58 2320 182 2400 singula
207 2321 271 2380 eius
293 2318 490 2400 respondere,
513 2318 568 2379 sad
589 2317 673 2379 fellet
694 2339 763 2380 enm
784 2338 871 2400 spes,
893 2319 982 2380 robo-

57 2404 238 2464 musenim
261 2405 336 2462 meis
359 2401 520 2483 Scripturis
549 2402 608 2462 hcc
641 2403 709 2483 ipso
733 2409 902 2482 prostratus
923 2410 981 2479 ent,

59 2496 94 2548 ut
130 2487 333 2566 responsione
365 2485 513 2564 singulari
549 2485 689 2546 omnibus
727 2504 790 2547 non
822 2487 861 2545 sit
893 2504 981 2564 opus.

56 2571 190 2631 Summa
226 2587 300 2648 ergo
324 2568 523 2630 Latomianae
551 2570 705 2630 evasionis
733 2576 780 2629 ast
801 2569 897 2629 baec:
932 2568 982 2628 Ea

60 2672 143 2734 quae
166 2653 215 2713 hio
236 2650 362 2712 aPanlo
385 2651 536 2730 dicuntur,
557 2652 630 2712 nihil
648 2651 735 2712 aliud
757 2652 866 2735 lacere,
889 2670 980 2731 quarn

59 2755 132 2797 esse
153 2733 359 2796 infirmitatem
386 2734 539 2816 baptismo
570 2735 732 2816 reliquam,
764 2753 846 2814 quac
875 2752 982 2815 peccc-

60 2829 125 2880 tum
165 2824 300 2880 vocetur.
357 2817 561 2880 Nihilominus
600 2819 758 2899 spiritum,
795 2837 864 2878 cum
896 2818 980 2878 illam

60 2904 185 2981 rexerit,
207 2903 252 2962 sio
274 2901 387 2962 bonum
412 2902 547 2981 operari,
580 2901 706 2962 utillud
729 2921 789 2962 non
813 2903 852 2962 sit
872 2921 981 2982 pecca·

61 2995 125 3046 tum
150 2985 323 3046 damnabile
340 2984 543 3063 censendum,
565 3003 623 3045 nec
640 2984 795 3046 hominem
818 2984 890 3047 ideo
912 3003 980 3066 pec-

60 3089 134 3130 care
155 3071 184 3129 in
209 3068 291 3130 bono
314 3085 408 3149 opere
431 3078 483 3129 aut
505 3071 619 3129 servire
642 3077 780 3149 peccato.

145 3151 203 3212 Hic
223 3153 353 3232 primurn
376 3150 478 3230 vides,
512 3152 672 3214 Latonium
695 3171 757 3213 non
780 3153 835 3212 nisi
861 3151 980 3212 differre

60 3246 92 3297 et
121 3235 274 3298 abducere
302 3235 462 3314 lectorem,
498 3254 535 3296 ac
550 3243 681 3315 tempus
709 3234 874 3311 redimere,
908 3236 979 3295 durn

60 3321 153 3380 aliam
175 3339 200 3380 a
231 3319 393 3400 proposito
421 3327 531 3380 tractat
566 3319 789 3397 quaestionem.
838 3316 981 3398 Suscepit

61 3406 144 3464 euim
167 3404 378 3482 quaestionem
402 3401 440 3462 de
454 3408 594 3498 peccato·
600 3400 794 3480 ignoscibili
791 3419 865 3482 per
862 3401 979 3462 nuceri-
1023 3393 1033 3408 “

62 3487 215 3564 cordiam,
249 3485 369 3566 dequo
395 3505 443 3546 me
471 3485 554 3564 loqui
586 3485 719 3565 ipsemet
737 3503 815 3546 nnn
824 3503 885 3545 nno
901 3485 979 3546 loco

61 3577 197 3632 testatur.
243 3569 281 3630 Et
302 3588 357 3650 per
385 3587 507 3629 omnem
530 3575 562 3630 et
584 3577 655 3649 post
676 3587 798 3630 omnem
823 3570 912 3632 istoru
936 3576 979 3643 tu-

64 3653 189 3714 multum
220 3653 462 3716 testimoniorum
493 3649 681 3714 concludit
674 3671 728 3712 ru.
737 3651 818 3718 hunc
840 3639 979 3714 modum:
