2262 4006
123 156 185 222 372
356 157 512 228 Responsio
532 160 561 212 u.
581 157 615 211 lt
634 158 664 212 L.
683 158 718 210 sd
736 157 838 211 librum

124 314 269 393 magister
291 313 341 373 ille
363 313 577 390 ecclesiarum,
612 314 680 373 lons
714 313 816 393 legum
850 323 883 373 ει
903 315 1049 393 iustitiae,

123 404 230 476 pastor
251 396 432 456 universalis
454 396 614 472 ecclesiae,
639 405 732 475 caput
762 397 914 456 ecclesiae
941 395 1049 456 catho-

126 480 212 559 licae,
235 486 269 538 ut
289 481 381 540 etiam
405 480 572 540 delectetur
587 482 615 537 in
630 499 667 538 ea
681 480 853 559 perditione
876 483 1048 544 animarum

111 573 155 626 ,et
176 563 349 624 vastatione
371 562 452 637 fidei,
476 563 606 640 denique
629 565 722 621 instat
743 575 774 621 ct
796 573 892 642 urget.
939 562 1049 640 Neque

123 646 576 725 remittithasquoqueiustitiae
589 657 619 704 et
627 655 764 724 peccata,
773 647 831 705 nisi
841 665 896 725 pro
906 647 1048 724 pecunia.

207 727 284 790 Cum
307 747 380 808 ergo
404 747 485 808 papa
506 741 665 808 peccatum
690 731 790 804 laniat,
826 728 875 788 ubi
909 728 1049 788 Christus

126 818 285 891 peccatum
319 812 405 890 tollit,
430 820 460 871 et
496 811 640 870 iustitiam
675 814 789 886 statuit,
824 811 874 871 ubi
909 812 1049 871 Christus

124 896 268 956 iustitiam
298 895 392 969 toltit,
421 901 452 954 et
480 897 684 954 conscientias
707 894 868 974 illaqueat,
891 895 943 954 ubi
965 894 1050 954 Chri-

125 986 189 1038 stus
211 979 415 1038 conscientias
438 978 587 1054 liberavit‚
609 980 755 1037 etomuia
779 979 934 1037 contraria
947 977 1049 1052 faciat,

124 1064 154 1122 iu
177 1063 278 1122 lucum
300 1061 418 1140 gratiae
441 1079 558 1140 ponens
583 1071 742 1139 peccatum
771 1071 801 1120 et
823 1063 852 1119 iu
884 1059 988 1121 locum
1018 1059 1052 1118 ti-

125 1145 175 1204 dei
197 1145 308 1223 legem,
331 1144 431 1203 adbuc
460 1144 580 1203 dubitas
608 1145 707 1222 ipsum
740 1163 808 1202 esse
836 1145 1049 1203 antichristum

126 1228 208 1288 illurn
232 1228 411 1305 legitimum,
435 1228 693 1286 abominationem
718 1236 868 1306 stantem,
893 1226 944 1286 ubi
967 1235 1049 1285 stare

127 1328 187 1370 uon
211 1309 323 1369 debet?
367 1311 414 1368 Au
448 1330 509 1368 uun
539 1319 610 1368 sunt
638 1309 801 1370 contrarii?
844 1311 983 1370 Christus
1008 1310 1049 1368 di-

127 1395 185 1469 cit,
210 1393 259 1452 bic
283 1393 396 1453 nullum
426 1401 475 1452 est
497 1402 673 1472 peccatum,
697 1413 776 1472 papa
801 1393 891 1468 dicit,
912 1394 976 1452 imo
1000 1393 1048 1452 bic

125 1488 172 1536 εει
193 1483 369 1555 peceatum3
392 1483 423 1535 ει
442 1477 502 1552 ille,
525 1476 574 1535 bic
595 1477 678 1534 nulla
699 1485 747 1535 est
767 1477 891 1552 iustitia,
914 1484 1047 1556 atpapa5

125 1562 186 1618 imo
209 1561 258 1619 bic
280 1569 326 1619 est
346 1559 469 1620 iustitia.
513 1559 544 1620 Si
567 1560 647 1618 euim
671 1559 767 1618 libera
780 1561 978 1638 permitteret,
997 1566 1049 1618 aut

125 1643 231 1702 saltem
254 1642 466 1702 exhortaretur
494 1645 607 1720 solum,
636 1644 831 1702 antichristus
861 1661 921 1702 non
955 1650 1045 1702 esset.

128 1728 168 1785 At
188 1743 271 1786 uuuc
286 1727 364 1803 quia
385 1727 534 1806 praecipit
556 1728 584 1783 iu
616 1728 739 1785 nomine
762 1725 872 1786 Christi
896 1725 1047 1784 mandaci-

128 1819 173 1868 ter
195 1816 226 1870 et
247 1809 303 1868 sub
338 1819 466 1888 peccato
501 1809 620 1868 mortali
644 1810 756 1888 exigit,
789 1827 914 1888 prorsus
949 1815 1048 1867 vastat

125 1892 300 1968 ecclesiam,
322 1894 487 1971 corrumpit
508 1891 611 1967 fidem,
634 1899 794 1970 peccatum
817 1893 922 1952 statuit
935 1900 966 1952 et
982 1910 1045 1972 per·

127 1976 170 2034 dit
194 1975 408 2036 conscientias.

210 2057 305 2118 Huius
327 2060 448 2137 generis
476 2065 546 2116 sunt
575 2060 788 2118 venerationes
811 2059 882 2119 illae
906 2059 1046 2128 vestium,

129 2160 287 2220 vasorum,
309 2141 515 2219 reliquiarum.
558 2141 675 2200 Mulieri
697 2143 787 2200 etiam
821 2140 1045 2202 sanctimoniali

128 2226 264 2304 tetigisse
296 2221 409 2305 pallam
443 2225 546 2283 altaris
578 2222 686 2304 (quam
720 2223 848 2306 vocant)
887 2231 1044 2304 peecatum

128 2315 184 2384 est,
207 2309 344 2386 tetigisse
367 2307 494 2367 calicem
508 2314 678 2385 ¹peccatum
701 2319 763 2383 εει,
786 2307 979 2367 sacrificasse
1001 2324 1047 2365 ca·

127 2391 184 2450 lice
227 2409 290 2452 uon
333 2397 513 2450 consecrato
565 2399 722 2470 peccatum
765 2399 827 2470 est,
877 2389 1048 2450 celebrasse

128 2477 159 2532 in
198 2474 333 2536 vestibus
378 2473 512 2534 nondum
558 2474 745 2546 consecratis
787 2483 948 2553 peccatum
992 2481 1045 2544 εει,

129 2559 243 2618 omissa
265 2558 420 2636 manipula
444 2557 490 2616 vel
513 2557 573 2617 alia
596 2561 682 2636 parte
715 2559 842 2618 vestium
876 2555 1046 2616 celebrasse

130 2651 289 2720 peccatum
312 2647 375 2716 est,
399 2659 527 2700 vocasse
562 2659 689 2720 puerum
726 2647 778 2700 aut
811 2641 946 2699 locutum
981 2658 1045 2699 esse

129 2727 207 2784 inter
229 2723 322 2783 verba
344 2724 478 2784 Oauonis
502 2733 660 2803 peccatum
684 2730 738 2800 cst7
774 2725 833 2782 iam
868 2730 898 2782 et
922 2722 1044 2784 balbuti-

129 2809 189 2866 isse
212 2825 249 2866 ac
271 2805 417 2867 titubasse
450 2808 479 2867 iu
504 2807 602 2865 verbis
629 2806 763 2866 Cononis
796 2815 960 2886 peccatum
994 2813 1046 2876 est,

130 2890 266 2968 tetigisse
288 2889 430 2968 reliquias
453 2897 575 2950 sanutus
604 2898 762 2968 peccatum
786 2898 848 2964 est,
870 2907 964 2970 porro
987 2891 1048 2948 teti-

130 2975 212 3053 gisse
234 2991 325 3034 manu
349 2973 395 3031 vel
419 2973 512 3052 digitu
537 2992 648 3053 corpus
671 2973 788 3033 Christi*
819 2974 910 3032 etiam
947 2991 1045 3031 neces

130 3059 219 3119 sitate
242 3055 392 3116 avellendi
416 3077 433 3114 a
457 3056 560 3136 palato
584 3065 699 3116 tantum
723 3065 769 3134 εει
791 3056 995 3136 sacrilegium,
1017 3063 1046 3112 ut

131 3142 230 3200 vivam
255 3157 377 3200 carnem
407 3141 433 3198 ei
457 3139 620 3220 abradant,
657 3159 717 3218 qua
749 3147 836 3218 parte
870 3141 984 3220 tetigit,
1019 3147 1045 3197 ut

130 3227 198 3304 ipsa
221 3223 339 3284 insania
370 3242 430 3282 non
454 3224 551 3302 possit
584 3233 734 3282 assatam
758 3223 882 3300 insaua3
918 3223 1045 3282 futurum

131 3308 208 3366 forte
229 3315 284 3384 est,
308 3315 340 3366 ut
362 3319 391 3366 et
413 3306 542 3384 linguas,
554 3306 688 3384 palatum
712 3314 742 3365 ει
755 3315 857 3384 guttur
871 3313 900 3364 et
913 3312 1044 3364 ventrem

132 3390 209 3454 forte
231 3383 399 3464 excorient,
421 3395 546 3466 propter
569 3397 680 3448 tactum
705 3391 841 3468 corporis
864 3389 986 3450 Christi.
1009 3388 1046 3446 At

131 3471 269 3532 laesisse.
281 3478 465 3550 proximum,
486 3467 696 3531 c'cntrectasse
717 3472 816 3531 furtim
839 3490 887 3532 res
912 3473 978 3530 eius
999 3478 1045 3530 aut

133 3569 194 3610 non
218 3552 380 3632 adiuvisse,
403 3555 465 3612 fere
487 3553 601 3612 nullum
625 3562 786 3634 peccatum
797 3562 852 3615 εει.
896 3555 1043 3632 Autquae

133 3640 275 3709 portenta
297 3637 445 3696 scelerum
469 3654 529 3694 non
543 3646 698 3716 perpetrat
721 3657 801 3717 papa
818 3655 891 3698 cum
905 3639 968 3697 suis
984 3638 1042 3696 istis
