2262 4006
316 191 459 248 Ambrosii
479 193 590 254 Gathar.
609 207 634 249 a.
656 194 731 252 1521.
926 189 988 280 326

53 347 189 429 quando
220 348 280 408 vim
309 353 340 408 et
367 348 506 410 virtutem
539 369 643 410 earum
671 348 840 410 naturalem
876 347 989 428 signifi·

59 451 183 493 eamus.
228 433 270 492 tta
292 430 439 493 naturalis
467 433 555 493 huius
588 435 668 514 regis
701 434 796 493 virtus
826 439 872 493 est
893 431 987 509 untia,

52 516 115 576 nisi
142 516 281 594 speeies,
315 514 424 589 facies,
456 523 638 596 personatus
671 516 795 577 infinitis
824 515 926 577 modis
957 521 988 576 et

54 598 200 677 partibus
232 597 467 676 multipliuatus,
496 598 534 658 de
562 617 624 678 qua
652 619 685 660 re
706 599 797 660 Iudas
826 598 987 679 apostolus

51 681 100 740 sio
124 681 298 760 praedixit:
323 681 466 742 Mirantes
489 701 637 762 personas
659 689 803 763 quaestus
826 682 934 763 gratis,
957 689 987 742 at

52 763 165 828 laaob.
189 765 221 826 2:
254 763 355 824 Nolite
383 765 415 824 in
438 783 640 845 personarum
663 767 843 841 acceptione
872 763 986 826 habers

51 845 153 907 fldem
183 847 306 908 Domini
336 848 432 907 nostri
464 847 532 908 lesu
563 849 701 927 Christi,
733 848 848 909 Rursus
877 846 985 909 Iudas:

53 929 309 991 Subiutroierunt
331 929 454 1010 qnidam
483 930 623 992 homines
653 932 724 993 oiim
754 931 933 1012 praescripti
954 930 985 990 in

52 1012 121 1073 boo
144 1012 307 1089 iudicium,
338 1014 438 1092 impii,
468 1015 597 1094 gratiam
620 1016 744 1076 Domini
773 1015 868 1074 nostri
890 1020 986 1074 traus-

52 1096 194 1157 fsrentas
216 1097 245 1155 in
269 1096 437 1175 lasciviam,
460 1116 498 1157 ao
510 1096 619 1171 Deum,
642 1100 692 1178 qui
716 1097 799 1157 sotus
817 1103 863 1156 est
885 1096 985 1173 herus,

53 1187 84 1238 at
108 1178 278 1240 Dominum
302 1183 441 1241 nostrum
463 1179 563 1240 Iesum
587 1181 739 1243 Christum
763 1185 922 1259 negantes.

143 1261 213 1322 Non
247 1269 348 1322 tamen
384 1261 548 1323 sbiaoarim
582 1263 759 1344 Hieronymi
792 1263 985 1338 sententiam,

53 1343 109 1422 qui
132 1344 344 1424 impudentem
367 1344 445 1405 faoia
467 1353 581 1424 vooat,
604 1346 744 1407 indicans
764 1346 984 1427 praesumptio

54 1445 129 1486 nem
152 1426 399 1508 hypocritarum
420 1428 598 1504 inoredibile
620 1430 768 1508 estenim,
790 1446 881 1508 quam
901 1445 985 1488 saeu-

53 1527 118 1583 ros‚
143 1508 285 1590 fidentes,
308 1516 580 1591 praesumptuosos
602 1511 710 1573 reddat
732 1512 900 1591 easpsoiea
922 1510 984 1590 pia·

56 1593 148 1670 tatis,
182 1600 215 1652 ut
235 1611 309 1673 pras
333 1593 474 1654 omnibus
505 1614 538 1655 sa
568 1594 741 1657 hominibus
764 1594 852 1654 sosio
875 1592 984 1672 dignos

55 1675 254 1751 arbitrantur,
277 1680 308 1735 et
332 1675 382 1756 (ut
399 1677 551 1757 propheta
573 1679 631 1750 ait)
657 1676 761 1741 nidum
784 1677 862 1737 inter
883 1675 985 1735 sidera

78 1765 189 1823 onunt.
231 1758 373 1838 Denique
393 1777 431 1818 eo
452 1760 660 1840 impudentiae
681 1758 863 1840 prooedunt,
886 1760 920 1820 ut
939 1777 983 1817 re·

55 1777 176 1920 Equum
200 1841 323 1920 vulgum
348 1843 536 1920 miserentur,
559 1849 590 1903 et
608 1844 795 1928 maritasua
814 1842 869 1918 illi,
892 1840 984 1902 daro-

56 1925 132 1986 ratis
170 1942 274 1984 eorum
308 1923 469 2003 domibus,
507 1927 735 1986 communicant
773 1931 803 1986 et
839 1923 985 1985 rendunt.

58 2006 132 2083 Alii,
157 2025 213 2068 osu
225 2006 407 2067 Pharisaeus
427 2006 602 2085 publioano,
622 2009 770 2068 insultant
781 2009 872 2067 etiam
896 2007 986 2067 mise·

57 2089 108 2152 ris.
156 2087 224 2151 Hos
247 2107 338 2149 sensu
361 2089 479 2150 videtur
499 2090 684 2169 abundasse,
705 2092 757 2168 qui
778 2089 922 2151 Proverb.
934 2090 983 2152 21.

58 2172 229 2233 transtulitz
264 2171 316 2232 Vir
347 2173 459 2252 impius
492 2174 663 2252 prooaaiter
690 2172 832 2235 obfirmat
868 2171 983 2232 vultum

59 2271 162 2315 auum.
205 2253 295 2330 Quod
323 2253 473 2316 Hebraiss
501 2256 546 2316 sio
573 2262 679 2336 sonat,
706 2261 834 2336 potens,
862 2255 908 2314 vir
928 2255 985 2314 im·

60 2337 146 2417 pius,
177 2337 334 2398 asia-sue
360 2345 390 2398 et
410 2345 512 2399 reatus
534 2338 636 2420 dirigit
663 2340 744 2400 viam
767 2357 869 2416 suam,
898 2336 986 2416 quasi

62 2419 316 2501 diost21mpius,
349 2437 474 2481 seourus
503 2428 534 2482 et
560 2421 720 2482 sonfldens
746 2427 793 2482 ast
822 2422 853 2480 in
881 2421 986 2499 speaia

62 2503 194 2582 piatatis.
240 2501 301 2563 sed
322 2510 439 2576 reatus,
467 2504 603 2583 quotidie
630 2523 700 2564 ease
722 2501 860 2565 extendit
880 2503 910 2561 io
934 2521 985 2562 an·

63 2585 177 2646 teriora
212 2603 282 2645 oum
316 2584 470 2656 Paulo*).
526 2586 614 2662 Quas
647 2588 794 2648 seouritas
827 2584 907 2646 Psal.
937 2585 985 2649 10.

63 2667 191 2749 puiahra
212 2665 404 2746 describitur,
425 2667 475 2728 ubi
491 2667 614 2729 dioitur:
638 2669 724 2730 Dixit
736 2669 815 2730 enim
839 2668 869 2727 in
893 2665 986 2728 uorde

63 2767 135 2811 suo:
167 2750 238 2812 Non
261 2748 410 2811 movebor
431 2769 450 2810 a
471 2753 670 2832 generations
692 2753 722 2813 in
746 2751 998 2832 generationem,¹

66 2851 116 2894 ero
141 2832 331 2911 sinama103
358 2834 531 2895 etiterum:
554 2833 739 2895 Auiaruntur
759 2832 873 2894 iudioia
895 2839 987 2893 tuas

64 2915 141 2976 isaie
163 2916 238 2976 eius.
280 2913 356 2976 Tala
377 2915 449 2976 Esa.
473 2917 522 2982 28.
544 2925 575 2977 et
594 2917 683 2978 insui
707 2917 853 2996 temporis
875 2916 986 2995 impios

68 3003 231 3073 memorat,
265 2998 315 3077 qui
349 3005 473 3078 pastum
496 3015 565 3059 oum
588 3007 687 3061 morta
711 3006 741 3060 et
767 2997 886 3059 intorno
908 2997 986 3058 taos·

67 3088 132 3140 rant
154 3087 212 3142 etu.

149 3162 317 3223 Videamus
339 3169 370 3224 et
391 3162 466 3223 alias
496 3164 644 3243 quasdam
672 3163 768 3225 iaoies
790 3163 879 3224 huius
901 3159 988 3240 regni

70 3246 153 3310 vires.
204 3245 262 3306 His
290 3255 454 3307 ouourrunt
487 3265 564 3326 opas
602 3247 767 3323 ecelesiae,
806 3243 989 3325 patrimonia

72 3327 220 3407 sruoifixi,
259 3347 307 3388 res
349 3327 514 3403 ecelesiae,
559 3329 641 3391 bona
677 3327 854 3410 spiritualia.
909 3324 986 3384 Nam

71 3410 154 3471 huius
194 3413 281 3490 regni
323 3412 460 3490 potantis
500 3411 587 3492 feeit,
627 3410 704 3490 utlj
739 3411 830 3471 stiam
868 3415 987 3490 tempo-

122 3605 150 3661 ⁸t
171 3601 269 3668 Philip.
289 3601 312 3655 3-

123 3671 151 3741 i)
172 3673 202 3724 ln
222 3671 264 3728 ad.
282 3670 362 3727 ten:
382 3677 417 3726 at.
