2258 4002
132 137 196 212 Μ)
403 136 447 201 De
465 139 658 246 capgaanyt
678 139 818 201 nectarae

133 300 246 362 Nonne
267 293 336 362 tuiis
357 306 505 382 tyrannus
534 319 662 362 uxorem
688 308 720 361 et
745 300 825 362 iiiios
855 308 887 360 et
912 301 1058 360 maritum

132 384 215 446 alere
238 385 429 462 cogitarant
451 383 564 444 liberos
587 383 758 445 dimittere?
780 384 841 444 Gor
862 402 937 464 ergo
958 389 991 444 et
1006 382 1060 442 hio

132 485 194 528 non
217 469 260 528 ita
279 466 355 527 flat?
385 467 431 527 lta
452 483 512 548 ego
539 467 684 547 arbitror,
721 468 816 526 viram
845 466 957 527 debere
984 467 1060 546 cogi

133 559 187 610 aut
205 550 244 611 ad
267 549 429 611 divortium
451 559 504 611 aut
525 551 563 610 ad
587 550 717 611 aiiennm
741 549 883 610 heredem
900 550 1059 610 alendum.

134 631 185 695 Sic
206 635 317 694 caritas
339 632 491 695 indicabit¹
508 635 574 693 sine
595 633 699 695 dubio.
742 633 775 693 In
799 651 860 712 quo
883 651 955 692 casu
981 650 1060 692 uxo·

31 749 33 754 ·
131 717 173 776 ris
195 715 338 778 heredem
360 735 421 776 non
444 716 506 777 alio
534 716 645 778 affeetu
667 716 730 776 atet
754 717 908 796 impotens
936 717 999 775 iam
1027 721 1060 774 et

131 817 194 860 non
218 801 353 877 maritus,
375 817 467 878 quam
490 800 515 859 si
537 817 666 860 uxorem
684 806 896 878 aegrotantem
919 807 972 859 aut
994 797 1058 858 alio

131 882 329 943 incommodo
352 882 492 942 affectam
521 884 594 943 totis
616 890 646 942 et
668 881 812 962 gravibus
843 882 987 962 expensis
1008 880 1058 940 fo·

133 974 228 1029 reret.
271 964 333 1026 Sua
356 967 452 1044 enim,
476 983 535 1025 non
559 966 664 1026 uxoris
687 965 778 1045 cuipa
799 983 837 1025 eo
858 963 1059 1025 incommodo

133 1047 252 1110 laborat
273 1067 361 1109 uxor.
404 1047 489 1108 Haec
513 1066 567 1127 pro
592 1067 661 1109 mea
688 1049 764 1108 virili
787 1047 825 1108 ad
848 1046 1058 1108 informandae

133 1133 337 1192 conscientiae
364 1131 560 1212 scrupulosae
589 1132 757 1214 retulerim,
785 1133 911 1211 cupiens
934 1129 1057 1192 afflictis

134 1216 210 1275 meis
231 1214 371 1274 fratribus
393 1216 423 1274 in
445 1215 503 1274 ista
525 1215 702 1296 captivitate
724 1214 927 1294 qualicunque
941 1213 1055 1274 solatio

133 1315 310 1358 succurrere
321 1293 364 1376 ¹).

216 1374 265 1442 De
287 1379 418 1440 divortio
441 1381 532 1441 etiam
555 1387 694 1440 versatur
715 1380 864 1460 quaestio,
888 1400 927 1440 an
941 1379 1057 1440 licitum

133 1463 193 1546 siti
226 1464 294 1543 Ego
327 1464 449 1543 quidem
472 1462 607 1524 detestor
629 1463 807 1542 divortium,
835 1471 868 1523 nt
890 1462 1058 1544 digamiam

133 1547 252 1627 metim,
280 1564 371 1625 quam
395 1545 613 1628 divortium²)‚
635 1545 688 1606 sed
714 1566 751 1607 an
775 1546 884 1625 lineat,
905 1547 972 1626 ipse
993 1563 1058 1606 nnn

133 1629 233 1692 audeo
261 1629 396 1694 definire.
454 1630 591 1690 Christus
624 1631 690 1709 ipse
722 1631 864 1710 princeps
896 1637 1057 1708 pastorum

133 1711 239 1777 Matth.
260 1717 289 1778 5.
312 1712 399 1776 dicit:
422 1711 453 1773 si
476 1714 542 1793 quie
566 1712 712 1772 dimiserit
734 1731 861 1774 uxorem
884 1731 982 1788 snam,
1003 1729 1057 1771 ex-

134 1805 225 1875 cepta
244 1794 454 1856 fornicationis
486 1814 595 1873 causa,
627 1795 788 1856 faciteam
811 1795 992 1873 adulterari,
1026 1800 1059 1853 et

134 1880 185 1958 qui
219 1878 374 1939 dimissam
410 1878 544 1957 duxerit,
582 1879 741 1939 adulterat.
798 1877 949 1939 Ooncedit
980 1895 1057 1956 ergo

134 1959 273 2023 Christus
294 1961 457 2022 divortium
479 1963 508 2021 in
539 1980 631 2022 cauea
658 1961 867 2042 fornicationis
897 1961 1058 2022 duntaxat.

134 2041 236 2120 Quare
258 2061 360 2106 errare
382 2063 494 2124 papam
518 2063 643 2106 necesse
666 2051 726 2121 est,
749 2046 869 2123 quoties
892 2044 1061 2105 divortium

132 2127 205 2187 facit
227 2128 418 2206 aiiisflcauaia,
441 2146 499 2188 nec
522 2129 622 2188 statim
646 2147 679 2188 se
701 2136 796 2189 tutum
810 2129 947 2188 arbitrari
964 2125 1062 2186 debet

134 2210 222 2290 uitus,
247 2211 298 2289 qui
321 2210 478 2291 pontificia
499 2211 552 2271 ilia
574 2211 743 2273 temeritate
765 2213 863 2272 verius
885 2229 975 2290 quam
998 2228 1061 2290 po·

133 2300 245 2354 testate
266 2293 526 2374 dispensationem
549 2295 722 2356 obtinuerit.
765 2293 825 2355 Sed
839 2295 899 2355 hoc
923 2293 1062 2354 admiror

96 2390 98 2396 ·
134 2377 248 2456 magis,
276 2395 330 2438 cur
351 2377 499 2438 caelibem
521 2397 589 2439 esse
611 2385 725 2460 cogant
745 2378 914 2456 hominem,
942 2377 994 2456 qui
1016 2375 1062 2436 di·
1121 2399 1123 2408 a

134 2463 232 2520 vortio
254 2467 413 2540 separatus
436 2469 483 2522 est
505 2481 523 2520 a
546 2463 678 2541 coniuge
700 2480 772 2541 sua,
802 2479 860 2522 nec
888 2460 980 2521 aliam
1004 2458 1059 2519 du-

134 2562 204 2604 cere
224 2544 422 2624 permittant?
450 2544 480 2606 Si
503 2545 583 2605 enim
606 2545 742 2606 Christus
765 2544 925 2605 divortium
949 2561 1062 2604 conce-

134 2626 179 2688 dit
199 2628 230 2687 in
253 2645 347 2690 cauea
373 2629 600 2706 fornicationis,
634 2637 665 2689 et
691 2629 844 2687 neminem
875 2627 958 2708 cogit
989 2644 1062 2686 esse

135 2710 300 2790 caelibem,
334 2718 365 2772 et
386 2711 497 2773 Pauiua
520 2713 617 2792 magis
639 2710 712 2771 vaiit
742 2714 799 2771 n'os
829 2709 943 2770 nubere
965 2727 1061 2789 qnam

135 2794 190 2869 nri,
212 2792 331 2854 videtur
364 2796 489 2856 omnino
519 2793 692 2873 admittere,
725 2802 757 2854 ut
789 2795 819 2854 in
848 2794 948 2854 iocum
971 2811 1062 2873 repu-

136 2876 237 2936 diatae
259 2878 349 2937 eiiam
380 2877 481 2940 ducat.
524 2877 611 2953 Quae
642 2897 706 2957 res,
736 2878 851 2938 utinam
880 2876 971 2958 plane
1002 2875 1062 2937 dis·

137 2978 227 3020 cussa
249 2969 279 3020 et
302 2969 383 3022 certa
406 2970 497 3041 esset,
520 2971 552 3020 ut
574 2971 681 3041 posset
695 2962 813 3021 consuli
835 2958 959 3021 infinitis
982 2961 1063 3042 peri-

111 3085 113 3092 ι
137 3043 212 3104 cutis
234 3062 351 3121 eorum,
373 3045 425 3123 qui
447 3046 512 3104 sine
534 3044 624 3124 cnipa
647 3063 703 3105 sua
723 3045 816 3105 hodie
839 3043 971 3105 caelibes
991 3061 1062 3103 esse

136 3133 316 3207 coguntur,¹
333 3127 394 3187 hcc
423 3135 484 3206 est,
517 3146 645 3207 quorum
675 3145 787 3188 uxores
816 3126 866 3188 vel
887 3127 987 3187 mariti
1009 3145 1060 3187 au·

134 3209 262 3290 fugiunt,
285 3219 316 3270 et
336 3212 497 3290 coniugem
518 3211 886 3293 relinquunt,·deoennin
914 3210 963 3270 vel
985 3229 1060 3270 nun·

190 3427 222 3492 1)
243 3427 274 3478 in
294 3426 336 3480 ed.
355 3425 418 3492 den,
444 3433 471 3481 et
490 3428 600 3480 Witteb.
620 3426 721 3480 desunt
746 3427 830 3480 verba
853 3425 918 3480 inde
941 3440 971 3480 a:
1001 3423 1060 3480 Vi·

137 3496 279 3550 deamns
297 3495 416 3566 itaque
434 3498 474 3550 de
495 3500 726 3566 impotentia,
747 3513 834 3567 aeque
854 3497 902 3552 ad:
924 3497 1061 3550 solatio

137 3582 349 3622 succurrere.
386 3569 419 3636 2)
438 3567 506 3624 Ibid.
519 3569 619 3622 desunt
633 3567 731 3623 verba:
751 3569 943 3640 utdigamiam
964 3568 1059 3622 malim

139 3651 224 3708 quarn
243 3637 400 3694 divortium.
