2258 4002
260 175 524 232 pettenhusen.
545 173 666 230 damnas.
687 191 711 231 a.
731 175 809 233 1520.
949 165 1011 238 tat

80 341 145 391 non
172 329 299 391 multum
322 331 381 392 ista
403 343 523 408 aurare,
557 331 686 392 fateatur
714 329 820 392 saitem
856 347 894 390 ex
925 333 1011 409 parta

79 413 142 474 ints·
179 413 274 494 afflui,
315 416 339 474 si
361 431 422 475 non
451 415 576 494 fatetur,
608 431 669 476 non
701 415 793 476 eredo
821 415 848 475 ei
876 427 1010 494 prorsus,

81 509 154 557 eum
179 509 287 557 omnes
311 492 414 559 Sancti
436 498 466 558 id
480 504 653 577 ,querantur
676 496 714 557 de
738 517 771 558 se
795 497 881 578 ipsis,
904 503 935 556 et
954 495 1011 555 has
1074 553 1076 558 ,

80 587 292 662 repugnantes
315 581 399 661 teges
422 581 625 643 membrorum
655 572 777 641 assidue
811 578 1010 655 aseusent⁸).

80 661 165 738 Quid
189 681 264 744 ergo
287 670 394 724 eontra
409 667 575 745 proprium
598 681 721 724 sensum
750 670 780 724 et
801 663 924 723 vitalem
947 653 1012 747 pui-

79 765 150 805 sum
176 745 547 829 experientiae-tingimus
575 763 710 808 amorem
737 746 905 807 naturalem
935 745 1011 823 legis
1068 784 1071 790 -

81 829 242 890 etodium
273 831 408 910 peceati,
440 849 501 910 quo
533 837 732 912 praeparetur
757 828 850 890 homo
879 827 916 889 ad
946 840 1012 907 gra·

81 913 170 988 tiam,
201 928 273 987 eum
297 914 355 973 ista
377 915 437 974 sint
459 933 521 974 non
542 915 572 974 in
597 913 689 974 eorde
711 919 800 990 nata,
832 911 885 971 sed
907 917 1012 970 natan·

80 995 140 1071 tie,
179 995 257 1055 sieut
279 1006 402 1077 spuma,
436 1005 466 1058 et
488 1011 542 1076 per
571 997 630 1056 vim
653 1002 789 1073 extorta,
825 994 881 1054 sub
904 993 1012 1072 quibua

80 1078 176 1138 alitur
199 1091 236 1139 'eo
258 1078 377 1139 foedius
399 1088 429 1139 et
451 1082 548 1140 maius
571 1079 674 1140 odium
699 1080 791 1160 legis,
822 1095 883 1156 quo
905 1077 1012 1136 tertius

80 1161 246 1221 simulatur
269 1161 370 1222 odium
394 1165 521 1241 peceati.
545 1163 658 1223 H'orum
678 1170 760 1222 eerte
781 1161 943 1240 impiorum
966 1166 1012 1218 eet

80 1243 135 1304 iiia
159 1238 296 1305 vinients
319 1247 516 1318 canscientia,
550 1263 639 1326 quam
665 1245 775 1306 Paulus
799 1244 1011 1305 cauteriantem

81 1327 179 1387 vocat
201 1325 454 1390 ud'l'imotheum
486 1329 635 1411 primoii.
843 1339 846 1348 ’

168 1409 258 1470 Unde
291 1425 349 1492 ego
378 1413 477 1473 sentio
516 1420 545 1472 et
573 1411 672 1473 doeeu
707 1410 912 1491 perniciosum
944 1424 1013 1466 esse

82 1502 183 1572 genus
207 1491 349 1568 docendi,
372 1513 433 1574 quo
456 1496 563 1555 intuitu
589 1510 775 1575 poenarum,
795 1492 1013 1572 praemiorum,

82 1581 284 1655 peecatorum
308 1576 457 1637 donentur
479 1579 649 1658 poenitere.¹
686 1575 741 1637 His
764 1577 844 1635 enim
866 1573 1012 1634 doctrinis

83 1665 269 1719 coercentur
298 1659 419 1738 quidem
448 1660 487 1721 ab
510 1679 621 1741 opere,
659 1666 690 1720 et
713 1654 925 1719 sauterisatam
951 1657 1011 1715 vin-

83 1741 263 1820 lentamque
298 1742 431 1803 formant
464 1742 520 1803 sibi
558 1743 775 1804 conscientiam
809 1760 863 1800 sen
897 1739 1011 1799 bonum

82 1824 289 1904 propositum,
312 1833 342 1886 et
365 1827 481 1887 maiore
504 1827 586 1887 melo
600 1825 753 1886 oecultum
772 1824 855 1883 ilium
869 1821 1011 1882 affectum

82 1910 285 1987 nontesnptae
304 1908 381 1987 legis
414 1916 444 1968 et
478 1911 570 1970 amati
601 1909 733 1989 pennati.
751 1923 906 1985 nunquam
928 1904 1014 1964 intel·

81 1989 202 2068 ligent,
242 2009 300 2050 nea
332 1990 513 2068 observant3
549 1992 611 2052 ime
643 1992 680 2052 iis
711 1989 817 2050 studiis
849 1987 1013 2062 enuntiant,

82 2073 223 2132 contenti
245 2074 318 2132 satis
339 2072 451 2136 feeisee
470 2075 536 2135 istis
553 2075 653 2154 impiis
667 2073 861 2154 dogmatibus
874 2085 1012 2150 operum,

82 2155 195 2233 quibus
219 2161 332 2236 tamen,
354 2157 379 2216 si
400 2156 495 2218 libere
511 2157 594 2236 loqui
607 2155 770 2233 concedas,
793 2155 894 2215 statim
911 2153 1013 2212 diuent

82 2254 116 2296 se
139 2253 204 2298 non
229 2255 268 2298 ex
290 2239 392 2299 auimo
412 2239 582 2320 poenitere,
614 2245 645 2299 et
665 2240 723 2298 nisi
746 2238 797 2297 lex
818 2237 1014 2314 internusque

83 2325 183 2399 es's'et,
218 2327 283 2382 toto
304 2323 419 2401 impetu
447 2321 538 2383 matie
560 2321 684 2403 expiere
716 2321 796 2381 maie
818 2338 889 2395 sua,
924 2331 1013 2397 prae·

83 2404 190 2463 sertim
213 2405 331 2467 tentati.
355 2404 478 2480 Quanto
502 2421 575 2485 ergo
598 2405 709 2465 reetius
736 2421 810 2464 sane
832 2402 1014 2462 docerentur

83 2486 177 2546 istum
221 2485 363 2547 affeetum
416 2487 577 2568 capitalem
621 2488 806 2568 pessimum,
859 2484 1012 2544 saeuitum

85 2579 268 2647 agnuscere,
291 2578 320 2629 ei
337 2570 443 2630 ,donee
464 2569 503 2630 ab
526 2587 632 2630 amore
654 2570 739 2648 iegi's'
752 2569 921 2648 inciperent
943 2582 1014 2645 poe-

86 2651 194 2731 nitere,
218 2663 288 2711 sese
309 2652 485 2732 hypocritas
508 2671 576 2714 esse
599 2653 720 2728 seirent,
743 2659 772 2711 et
785 2649 858 2711 nihil
870 2649 908 2710 de
918 2649 1014 2730 hypo·

87 2734 156 2794 arisi
180 2733 232 2794 tali
254 2741 497 2815 praesumerent,
529 2737 591 2796 imo
614 2751 706 2816 super
737 2753 774 2794 ea
796 2733 893 2812 magis
923 2742 1013 2810 quam

88 2835 180 2897 super
202 2817 348 2896 peccatis,
370 2835 497 2896 quorum
520 2819 628 2878 intuitu
649 2816 752 2878 fletum
770 2818 860 2876 istum
876 2815 1019 2875 dotorem

16 2911 18 2914 ·
89 2900 428 2979 coegerunt‚tiolerent.
829 2965 838 2976 ,

171 2981 309 3043 Admitto
331 2992 416 3060 sune,
439 2995 560 3044 crassos
580 2981 651 3042 illes
674 2988 705 3042 et
720 2979 1014 3060 induratosimpios,

91 3065 139 3142 qui
164 3063 298 3125 nandum
322 3065 526 3126 eonscientiae
544 3065 667 3140 habent,
689 3063 854 3124 terroribus
865 3061 925 3122 iliis
936 3063 1015 3120 sieut

91 3161 195 3206 servos
217 3146 384 3208 indomitos
408 3149 507 3227 urgeri
530 3147 568 3207 ad
589 3147 820 3228 poenitentiam,
853 3145 932 3206 sieut
953 3161 1014 3202 ma-

93 3229 233 3308 gistratus
256 3229 359 3310 giadi'u
394 3236 516 3291 noereet
544 3230 720 3291 sceleratos.
765 3228 824 3289 Sed
856 3227 905 3287 ubi
941 3241 1014 3284 'eon-

94 3313 330 3389 scientiae'sunt,
351 3312 393 3372 ibi
406 3317 488 3373 uerte
500 3312 705 3374 instituendae
717 3321 796 3392 sunt,
818 3317 850 3370 ut
862 3329 883 3370 a
893 3308 1013 3370 christu

146 3575 177 3644 ')
199 3577 279 3630 Rom
300 3577 324 3632 7.

146 3649 173 3718 1)
191 3647 223 3701 In
242 3646 284 3704 ed.
303 3647 378 3705 iem:
396 3649 411 3703 1
431 3647 551 3702 Timoth.
570 3647 595 3703 4.
