2258 4002
268 191 377 248 curren
396 193 479 250 neon.
499 192 533 247 x.
552 191 674 248 oanan.
695 207 719 248 a.
741 193 816 252 trae.
941 187 1005 258 197

78 346 170 410 vebis
193 354 259 428 est,
291 349 348 410 nisi
379 347 458 410 torte
479 348 602 430 reprobi
624 349 697 410 sitis.
747 348 828 410 Eece
850 347 1006 430 Scriptum

77 430 172 493 docet
194 430 286 493 iidem
310 434 430 509 sentiri,
462 437 615 494 ettamen
639 438 731 512 negat
753 433 856 494 omnin
876 437 1007 514 peccata

76 515 224 596 intelligi,
260 534 298 577 ac
327 535 395 597 per·
414 515 473 576 boe
495 514 565 576 fidei
594 516 686 576 tutius
715 533 806 595 quarn
829 515 1004 577 contritioni
1104 583 1105 588 ἵ

74 598 269 659 innitendum
293 606 371 676 est,

246 777 251 784 '
351 763 521 840 Quintus
547 763 738 824 decimus:

142 891 273 971 Magnus
300 911 384 953 error
412 899 458 952 est
480 910 602 967 eorum,
632 893 685 971 qui
712 891 750 952 cd
781 897 1005 954 sacramentum

140 976 343 1036 eucharistiae
365 972 574 1055 accedantl),
603 974 674 1036 huic
696 975 801 1052 innixi,
833 973 915 1054 quod
945 975 1006 1036 sint

143 1057 287 1135 confessi,
309 1058 392 1138 qnod
415 1077 477 1118 non
502 1059 561 1117 sint
584 1057 640 1117 sibi
656 1059 770 1118 conscii
787 1057 915 1118 clicuius
938 1076 1008 1138 pec

142 1143 202 1202 cati
227 1141 378 1217 mortalis,
407 1140 489 1220 quod
518 1141 729 1220 praemiserint
758 1141 913 1201 orationes
935 1159 1007 1200 suas

142 1231 173 1284 et
196 1225 444 1304 praeparatoria,
471 1243 577 1284 omnes
606 1223 648 1284 illi
676 1223 820 1284 indicium
843 1221 899 1283 sibi
925 1241 1008 1283 man·

143 1305 259 1368 ducant
280 1316 311 1366 et
333 1307 456 1382 bibunt,
489 1305 544 1366 sed
573 1308 597 1366 si
627 1307 754 1368 credent
789 1313 819 1366 et
842 1305 1007 1384 confident,

143 1409 178 1450 se
200 1391 330 1470 gratiam
353 1389 394 1450 ibi
413 1396 645 1468 consecuturos,
667 1390 745 1450 haec
768 1389 836 1450 sole
847 1387 924 1450 fides
935 1388 1009 1450 feeit

143 1491 199 1533 eos
222 1492 315 1552 puros
339 1480 369 1533 et
392 1473 511 1552 dignos.

166 1589 224 1650 Hic
253 1590 365 1651 Paulus
387 1608 443 1671 pro
473 1609 522 1650 me
552 1595 611 1650 etet
633 1587 803 1672 dieens'J:
825 1588 907 1652 Nihil
935 1589 1008 1652 milri

79 1672 226 1733 conscius
248 1692 326 1748 sum,
349 1673 403 1732 sed
426 1692 488 1732 non
510 1673 540 1734 in
553 1672 614 1732 hoc
624 1670 805 1734 iustificatos
816 1691 894 1733 sum.
926 1672 1008 1734 Ecce

79 1755 187 1816 omnic
209 1756 316 1832 reiicit,
340 1754 499 1816 nieifldcm
523 1755 633 1833 solam,
655 1754 693 1814 dc
706 1773 766 1833 que
788 1755 860 1816 dicit
873 1755 1007 1818 Rene:

78 1836 253 1898 lustiticans
278 1857 358 1916 eum,
381 1839 432 1917 qui
456 1843 502 1898 est
525 1836 647 1899 enfide.
682 1836 784 1913 Quare
806 1832 907 1899 adhuc
929 1837 1009 1916 dico,

79 1922 103 1981 si
127 1917 221 1980 fidem
245 1919 407 1997 excludas,
432 1921 549 1996 omnia,
585 1937 664 1999 quae
686 1920 777 1998 tacis,
810 1921 1007 2002 deceptiones

79 2011 151 2064 sunt
174 2008 357 2086 etpeceats,
379 2003 485 2064 Roma.
500 2005 553 2068 14:
577 2003 687 2080 Omne,
709 2003 792 2082 quod
814 2021 876 2064 non
899 2010 1007 2065 estex

80 2085 152 2160 fide,
175 2093 338 2168 peccatum
361 2093 416 2147 est.
461 2086 535 2149 Cum
559 2087 639 2146 enim
666 2086 695 2146 in
719 2093 912 2149 sacramento
934 2105 1008 2166 quo·

79 2169 155 2230 libet
177 2170 217 2230 sit
244 2168 369 2232 verbum
392 2169 620 2248 promissionis,
649 2176 682 2228 ut
703 2171 842 2250 superius
865 2169 1008 2245 diximus,

79 2255 260 2314 necessario
281 2254 426 2331 sequitur,
447 2251 529 2331 quod
552 2270 613 2312 non
630 2269 707 2332 opus
728 2253 833 2331 ullum,
856 2252 910 2312 sed
932 2251 1008 2313 fides

80 2336 227 2415 exigitur.
280 2334 463 2414 Quanquam
497 2353 602 2394 verum
633 2335 686 2413 sit,
721 2334 812 2396 fldem
845 2353 908 2396 non
940 2353 1008 2396 esse

79 2436 175 2499 posse
199 2420 264 2478 sine
287 2418 484 2497 sequentibus
508 2417 662 2498 operibus.
705 2417 817 2478 Verum
849 2418 932 2498 impii
965 2417 1007 2477 illi

82 2519 140 2561 nos
164 2500 318 2582 operibus,
340 2507 403 2561 turn
426 2508 498 2562 ente
518 2499 627 2578 fldem,
655 2505 719 2560 tum
749 2503 816 2561 sine
836 2500 897 2560 ilde
921 2518 1006 2580 meg·

82 2583 214 2644 niticatis
234 2583 364 2663 perdere
386 2584 508 2659 volunt,
530 2584 588 2644 hos
610 2591 641 2644 tu
663 2583 753 2665 lupos
776 2583 895 2660 devite,
918 2581 1009 2644 crede

82 2669 214 2747 primum
237 2665 337 2726 verbis
360 2667 563 2746 sacramenti,
594 2674 626 2726 et
656 2666 715 2726 hac
738 2665 797 2726 tide
820 2665 1008 2748 purificatus,

84 2757 157 2827 tum,
179 2750 205 2810 si
228 2747 309 2824 libet,
332 2768 491 2830 praepara,
516 2754 613 2810 creet
634 2748 682 2809 lac
706 2749 895 2829 quaeveles,
917 2767 1009 2829 opor·

85 2838 127 2892 tet
149 2834 230 2892 enim
253 2833 450 2892 accedentem
474 2832 512 2892 ad
531 2832 628 2892 Deum
652 2831 787 2911 eredere,
810 2839 840 2892 et
862 2832 928 2892 sine
949 2829 1009 2893 flde

86 2913 343 3058 imifffibiiffnesst
365 2914 486 3058 plpcere
504 2915 600 3060 Ρεοί)
615 2914 724 3059 ilprse.
739 2918 798 2994 11,
821 2921 851 2976 et
871 2913 1009 2995 postulet

86 3017 115 3056 rn
180 3017 283 3056 cnr1
336 3015 482 3074 aesrsns,
521 3015 610 3058 aco.
655 3042 662 3058 .

362 3163 545 3224 llecimus
575 3169 731 3223 sextus:

149 3288 328 3350 consultum
360 3289 495 3362 videtur,
523 3290 605 3368 quod
637 3289 770 3350 ecclesie
800 3291 830 3349 in
854 3285 1008 3348 communi

148 3371 280 3432 concilio
304 3376 457 3448 statueret,
482 3371 577 3433 laicos
592 3373 647 3431 sub
671 3381 799 3453 utreque
811 3369 913 3450 speeie
926 3385 1006 3432 eom·

23 3613 28 3622 '
144 3608 172 3675 l)
194 3607 223 3661 ln
243 3607 284 3661 ed.
303 3606 381 3662 dent
402 3609 543 3664 secedunt

142 3681 175 3747 ⁸¹)
194 3681 224 3734 1.‘
231 3677 353 3739 uoanur.
371 3681 397 3738 4.
