2250 4008
161 145 226 234 450
432 115 434 122 Ι
456 149 614 222 Confutatio
634 149 800 211 Lntherisua

161 309 207 382 tae
230 311 291 382 est,
320 321 398 384 opus
420 323 489 368 esse
512 305 628 386 absque
649 313 794 386 pensato,
816 301 918 366 ‘laude
942 303 1084 384 dignum,

162 382 372 470 misericordia
393 406 455 450 uon
479 407 591 468 egens,
623 386 767 450 iudicium
789 387 847 448 Dei
873 407 936 448 non
964 387 1086 462 timens,

160 469 221 530 imo
245 471 304 530 ism
334 470 364 530 in
401 489 495 552 opere
528 473 596 551 ipso
630 478 661 531 et
689 478 819 552 accepto
850 471 933 533 douo
962 469 1085 550 gratiae

161 547 317 613 confidere
340 560 371 614 et
391 572 514 634 sperare
537 553 619 628 iicet,
641 557 711 633 quia
735 554 900 632 hebemus,
923 550 1012 632 quod
1035 570 1086 632 op-

160 654 315 716 ponamus
338 635 429 697 etiem
453 638 510 718 ipsi
533 637 599 697 Deo
623 644 654 696 et
676 635 786 700 iudicio
811 646 840 697 et
862 637 986 696 veritati
1011 636 1086 714 eius,

160 718 232 782 iude
254 737 356 799 nsque
379 719 509 800 amplius
533 738 602 780 eum
625 720 730 782 timere
754 727 897 800 oportet,¹
921 727 954 778 et
979 719 1012 778 in
1035 718 1086 778 mi·

160 800 326 864 sericordia
347 802 412 862 eius
429 821 489 863 nou
508 801 673 866 confidere.
705 801 823 883 Nonne⁸
841 801 985 878 Letome,
1008 801 1086 860 haec

160 885 264 946 omnis
294 885 380 963 sequi
413 893 444 944 et
471 883 534 946 fleri
569 881 710 966 oportet?
750 882 856 966 Neque
880 886 965 946 enim
991 883 1087 962 Deus,

159 969 217 1036 etsi
241 979 395 1029 creaturos
418 968 516 1031 bonas
538 969 689 1048 destruat,
712 966 780 1030 ideo
804 988 858 1032 eus
880 967 1014 1028 damnet
1035 977 1087 1026 aut

160 1050 313 1132 reprobet.
357 1053 401 1111 ita
432 1052 503 1112 licet
531 1062 636 1131 posset
669 1059 699 1112 et
721 1051 813 1114 taleni
835 1048 987 1121 Sanctum
1016 1068 1085 1112 eum

160 1151 216 1194 suo
239 1152 333 1216 opere
348 1132 513 1212 destruere,
538 1144 637 1196 tumen
661 1153 724 1200 nou
738 1143 840 1216 potest
859 1134 1012 1196 damnare
1035 1144 1086 1192 aut

161 1217 342 1296 reprobare,
366 1219 437 1295 quia
459 1225 518 1278 stat
541 1218 668 1278 veritas:
698 1217 840 1278 Dilexisti
862 1219 1033 1292 iustitiam,
1058 1225 1086 1274 et

161 1297 250 1360 odisti
273 1299 475 1380 iniquitatem.
521 1301 559 1361 ut
594 1301 637 1360 sic
666 1320 719 1381 per
744 1303 873 1382 gratiam
899 1299 959 1362 Dei
993 1297 1084 1360 habe·

161 1401 237 1456 mus,
263 1379 345 1462 quod
366 1383 397 1442 iu
421 1384 480 1444 hac
501 1385 593 1446 etiam
617 1383 680 1444 vita
702 1393 733 1442 et
754 1393 826 1446 ante
842 1381 994 1444 iudicium
1016 1381 1084 1442 Deo

162 1483 373 1561 opponamus,
406 1474 437 1526 et
471 1475 532 1526 tam
556 1467 795 1528 misericordiam
818 1486 911 1546 quarn
934 1465 1085 1526 iudicium

160 1568 224 1608 eius
249 1568 355 1610 secure
378 1547 628 1630 posthabeamus.

244 1625 280 1690 Et
303 1630 353 1691 ubi
376 1640 448 1692 tuno
470 1639 517 1692 est
538 1627 869 1710 illudPsatm.143¹):
893 1629 965 1691 Nou
990 1631 1084 1690 intres

158 1715 191 1774 iu
214 1714 359 1774 indicium
383 1733 453 1775 cum
475 1733 565 1777 servo
587 1723 657 1791 tuo,
690 1717 844 1796 quianon
867 1709 1085 1774 iustificabitur

160 1800 190 1870 in
207 1793 376 1878 conspectu
399 1806 450 1860 tuo
474 1800 574 1860 omnis
589 1795 716 1882 vivens?
740 1797 788 1858 An
810 1795 859 1858 hic
882 1793 1084 1878 synecdoche
1115 1825 1116 1904 t

160 1889 207 1940 est
228 1881 327 1942 omnis
350 1880 465 1958 vivens,
489 1880 519 1941 id
542 1889 598 1958 est,
623 1879 707 1942 multi
730 1879 778 1940 vel
801 1875 895 1960 sliqui
920 1877 1084 1940 viventes?
1115 1905 1116 1973 i

160 1961 221 2024 sed
253 1971 283 2024 et
304 1961 415 2026 Paulus
440 1969 467 2028 1.
491 1965 627 2028 Corinth.
650 1963 685 2026 4:
719 1960 798 2026 Nihil
832 1959 903 2024 mihi
936 1962 1082 2024 conscius

160 2066 226 2108 sum
253 2050 344 2124 (ecce
367 2048 449 2110 bone
471 2052 596 2128 opera),
619 2047 674 2107 sed
697 2067 758 2106 non
778 2045 881 2107 inhoo
895 2043 1081 2106 iustificatos

159 2149 236 2192 sum.
260 2129 424 2206 Quomodo
440 2150 501 2191 nou
520 2129 711 2207 iustificatos,
734 2149 801 2190 cum
825 2125 963 2190 inbono
988 2148 1082 2210 opere
1114 2169 1115 2174 η

159 2213 198 2284 sit
218 2214 333 2274 iustitis
355 2222 385 2276 et
414 2214 528 2275 nullum
557 2212 743 2294 peccatum?
768 2206 863 2274 ¹(iente
893 2211 1081 2292 praedicasti

160 2293 362 2379 Evangelium
396 2297 467 2358 totis
505 2297 636 2376 viribus,
668 2295 818 2376 collegisti
853 2299 905 2370 (ut
932 2292 1080 2358 Latomus

159 2375 249 2462 dicit)
273 2379 434 2440 collectam
459 2399 527 2442 cum
550 2378 691 2441 omnibus
709 2379 944 2440 circumstantiis
970 2380 1080 2442 virtuo-

159 2463 218 2541 sis,
246 2464 337 2524 etiam
361 2462 399 2523 ab
421 2463 586 2526 Aristotele
608 2463 783 2540 recensitis,
813 2469 894 2522 certe
916 2462 979 2522 hoc
1004 2481 1079 2544 opus

159 2545 252 2607 fuisse
273 2544 387 2607 bonum
412 2565 472 2607 uon
495 2553 585 2627 potes
601 2565 725 2628 negare,
747 2543 904 2623 quomodo
928 2563 1007 2626 ergo
1032 2544 1078 2606 ad·
1113 2585 1114 2596 η

159 2628 218 2692 huc
239 2636 384 2710 peccator
407 2650 439 2692 es
463 2631 492 2689 in
514 2629 589 2692 illo?
629 2629 676 2693 Au
699 2648 760 2689 non
784 2648 816 2689 es
840 2639 1008 2709 peccator,
1031 2629 1078 2708 qui

159 2731 221 2773 uon
234 2712 428 2774 iustificatum
452 2713 482 2774 in
497 2711 556 2774 hoc
579 2720 608 2772 te
632 2711 732 2776 dicis?
754 2712 801 2772 An
819 2711 911 2772 etium
931 2711 1077 2788 mentiris,

159 2805 188 2856 te
209 2790 404 2857 iustificatum
421 2817 481 2858 non
497 2795 692 2858 iustificatum
709 2794 848 2856 vocaus?
870 2793 901 2856 Si
915 2793 1074 2856 Latomum

158 2873 257 2959 audis,
278 2897 339 2939 non
354 2877 455 2940 dices:
477 2879 584 2960 Neque
599 2898 646 2940 me
669 2879 768 2959 ipsum
791 2876 903 2954 iudico,
925 2877 1074 2938 Dominus

159 2969 259 3045 autem
283 2970 345 3040 est,
367 2964 419 3042 qui
442 2983 490 3024 me
513 2963 639 3039 iudicat,
672 2962 725 3022 sed
750 2961 849 3024 dicas:
881 2957 952 3042 Ego
977 2961 1074 3043 indico
1112 2955 1113 3019 i

158 3065 208 3108 me
236 3047 352 3126 ipsum,
383 3047 455 3124 quia
477 3065 554 3128 opus
578 3045 691 3106 bonum
724 3043 804 3105 iliius
836 3044 982 3105 iudicium
1018 3064 1073 3104 non

159 3129 279 3206 metuit,
302 3129 398 3189 iustus
421 3131 501 3190 enim
531 3137 578 3189 est
605 3129 681 3209 ipse.
726 3131 882 3210 Antergo
905 3126 1072 3190 Latomiani

159 3213 373 3297 blasphement
394 3209 448 3273 Dei
478 3209 733 3289 misericordiam,
766 3219 797 3272 et
826 3209 973 3272 iudicium
1010 3228 1070 3273 cum

158 3294 220 3374 suis
244 3295 386 3378 operibus
409 3298 476 3356 sine
499 3303 639 3376 peccato,
661 3305 714 3355 aut
736 3303 778 3372 tu,
802 3291 905 3370 Panic,
930 3297 1071 3370 mentiris,
1111 3325 1112 3369 1

159 3380 219 3454 imo
242 3371 273 3438 ¹et
300 3381 366 3458 ipse
396 3376 589 3460 blasphemas
619 3377 775 3438 veritatem
799 3371 918 3438 abillis
941 3377 1068 3440 doctam.

159 3457 226 3519 Non
250 3468 331 3520 stant
353 3459 459 3538 simul,
494 3460 592 3522 habeo
623 3480 700 3542 opus
733 3464 799 3524 sine
819 3471 965 3544 peccato,
996 3462 1069 3544 etin

230 3645 261 3708 1)
282 3643 313 3698 Iu
335 3645 378 3700 ed.
400 3649 486 3716 urim:
506 3647 548 3700 Pe.
568 3664 590 3700 e.
604 3649 621 3702 i.
931 3619 934 3623 -
978 3696 982 3717 ·.
