2252 4006
299 204 445 263 Ambrosii
465 209 574 263 Gathar.
593 226 618 264 ιι.
637 207 717 266 tctt.
914 203 977 272 305

52 378 114 439 qua
141 370 244 423 vestra
264 370 408 460 portenta
429 363 604 442 stabiliatis,
632 362 825 446 appellantes
858 371 976 460 petram

49 444 240 505 hominem
233 448 375 526 impium,
398 444 560 506 ecclesiam
583 409 751 508 tt’omines
742 447 877 542 impios,
895 447 954 506 et'
946 465 976 506 ιιι

51 528 111 586 bas'
132 528 258 588 cloacas
274 529 418 610 Spiritum
442 537 581 588 sanctum
599 531 806 607 incarceratis,
830 530 881 607 qui
902 530 978 588 iner-

52 610 168 670 rabiles
193 611 294 690 iaciat,
316 613 369 692 qni
388 610 644 689 aedificationem,
667 620 851 692 potestatem
865 612 977 673 etobe-

51 693 201 754 dientiam
224 694 381 755 bominum
403 696 565 775 impiorum
589 695 759 775 statuatlt,
788 697 873 774 quasi
896 694 979 755 Chri·

49 784 116 835 stus
142 776 205 838 boe
226 780 338 838 curarit
359 797 415 838 suo
438 787 545 839 sancto
567 780 720 855 instituto,
754 786 788 837 nt
809 779 891 858 impii
913 797 978 859 reg-

50 866 166 919 narent
188 868 220 921 et
240 861 460 922 subiicerentur
481 863 512 920 in
535 862 666 922 ecclesia
688 881 752 924 sua.

136 942 182 1004 Te
205 951 305 1004 autem
336 962 412 1023 rogo
446 946 652 1004 acutissimum
686 945 892 1022 dialecticum,
928 946 978 1023 qui

50 1026 152 1101 scias,
192 1035 279 1088 extra
310 1029 500 1107 propositum
533 1047 601 1088 esse
639 1027 771 1088 dandum
801 1026 977 1108 exemplum

50 1109 155 1185 aliud,
186 1109 288 1189 proler
310 1111 382 1170 mibi
411 1111 512 1170 locum
535 1110 725 1191 Scripturas,
759 1113 790 1171 in
813 1111 978 1189 quoidam

51 1192 243 1254 vocabulum
265 1194 354 1253 simul
376 1191 529 1274 significet
554 1194 721 1254 bominem,
741 1195 771 1253 in
801 1201 897 1254 totum
927 1195 979 1253 im-

50 1277 139 1354 pium
164 1283 195 1336 el
215 1275 305 1336 simul
328 1278 410 1356 pium
437 1284 651 1352 cesenatem,
681 1278 760 1344 sicut
787 1276 836 1336 bic
864 1277 979 1336 insanis

50 1360 79 1416 in
106 1359 263 1418 vocabulo
286 1359 384 1437 Petra,
407 1359 489 1438 quod
501 1360 621 1420 Petrum
645 1369 795 1436 sanctum,
817 1367 980 1420 etsucces·

52 1459 161 1502 sorem
191 1443 316 1521 impium
347 1442 437 1502 simul
465 1440 518 1502 tibi
547 1441 709 1523 significat.
761 1442 817 1503 Ubi
848 1443 978 1502 didicisti

51 1523 134 1584 haec
157 1525 319 1606 sacrilegia
340 1530 372 1586 et
392 1526 545 1586 haeretice
568 1537 719 1604 monstra,
747 1527 804 1585 nisi
833 1527 864 1585 in
887 1525 979 1604 Magi·

52 1615 117 1667 stro
145 1616 198 1668 tuo
220 1607 251 1670 S.
272 1607 416 1668 Thoma?
445 1607 555 1668 Nonne
584 1609 661 1670 baec
691 1627 785 1689 agens
808 1609 852 1668 sic
874 1617 980 1669 contra

53 1709 103 1750 me
127 1691 252 1768 scribis,
283 1710 321 1751 sc
342 1692 368 1750 si
390 1693 420 1750 in
447 1691 614 1771 sophistica
643 1691 744 1770 aliqua
773 1692 981 1771 disputatione

53 1780 260 1852 certaremus,
289 1773 339 1834 ubi
361 1773 449 1834 vobis
473 1774 543 1834 licet
573 1776 702 1856 propriis
735 1775 980 1834 distinctionibus

52 1875 198 1937 regnare,
221 1857 303 1916 satis·
317 1857 476 1936 babentes,
498 1859 524 1916 si
547 1876 608 1918 non
626 1866 768 1938 oporteat
790 1876 845 1918 vos
868 1864 980 1918 tacere.

54 1939 101 1998 lte
127 1948 159 1998 et
182 1939 232 1999 hic
254 1941 366 2020 putasti
389 1940 469 2000 idam
492 1940 557 2000 lore
579 1942 658 2000 vinci
682 1950 713 2000 et
726 1951 837 2017 tacere,
859 1941 982 2000 vincere
1032 2002 1036 2008 ,

54 2031 85 2082 ct
108 2022 223 2084 dicore.
265 2022 355 2084 Adeo
378 2023 451 2083 nihil
474 2025 596 2099 curasti,
618 2032 651 2084 ut
672 2033 724 2083 tua
745 2024 867 2084 fulcires
883 2023 983 2104 Scrip-

55 2105 133 2164 turis
156 2105 286 2182 sanctis,
321 2107 434 2186 apertis
464 2116 495 2166 et
520 2107 636 2169 solidis
678 2107 751 2167 ldeo
780 2113 811 2166 et
832 2114 863 2166 te
884 2106 984 2167 rident

56 2190 146 2268 pueri
169 2186 368 2265 Germaniae,
402 2208 439 2249 ac
467 2195 525 2250 iam
549 2209 610 2250 non
633 2190 702 2251 laici
731 2189 827 2270 (quod
850 2197 880 2250 te
903 2190 982 2250 male

57 2268 185 2354 babet),
207 2271 261 2332 sed
284 2279 315 2332 ot
326 2273 479 2349 mulieres
501 2273 584 2352 qnod
607 2281 708 2332 tantus
721 2273 865 2354 Magister
880 2281 985 2333 noster

56 2364 86 2414 et
107 2353 204 2415 Italus
226 2373 282 2434 pro
304 2356 405 2416 verbis
421 2321 479 2416 bet'
498 2366 565 2417 tuas
589 2357 711 2436 salivas,
734 2357 857 2436 pituitas
870 2363 901 2416 et
922 2357 982 2416 sao-

57 2456 109 2498 ces
134 2437 284 2498 duntaxat
307 2439 455 2500 obtrudis.

144 2520 309 2581 Maledicat
330 2523 434 2602 itaque
447 2521 598 2582 Dominus
614 2521 698 2582 lesus
722 2531 791 2582 tneo
804 2530 835 2583 et
845 2522 983 2585 Thomae

58 2604 99 2664 tui
125 2604 295 2665 maledicae
316 2614 346 2664 et
367 2605 563 2685 blasphemae
585 2607 766 2684 temeritati,
800 2623 860 2686 que
883 2605 986 2665 tribui·

59 2687 95 2746 tis
119 2687 236 2747 homini
257 2689 351 2768 impio
385 2707 496 2748 nomen
527 2694 665 2749 sanctum
688 2696 810 2768 petrea,
842 2697 873 2748 et
894 2707 986 2768 snper

60 2771 249 2850 impietatem
278 2771 447 2831 aedificatis
480 2778 619 2831 sanctam
652 2772 813 2832 ecclesiam
843 2771 909 2833 Dei.
954 2771 985 2832 si

60 2856 141 2913 enim
167 2872 249 2934 pape
270 2861 317 2914 est
338 2853 398 2914 lide
419 2852 540 2914 informi
566 2854 617 2933 (nt
639 2866 668 2913 tn
692 2853 806 2936 dicis),
835 2862 917 2914 certe
939 2857 984 2916 in·

62 2937 129 2997 anis
152 2944 199 2996 est
221 2938 343 3017 pietate,
367 2937 475 3017 plenus
488 2942 589 2996 antem
604 2937 769 3018 impietate,
792 2955 898 2997 servus
916 2957 985 3018 pec·

62 3021 138 3097 cati,
161 3019 250 3080 sedes
273 3026 416 3097 satanae,
447 3021 687 3100 praevalentqne
719 3022 750 3080 in
785 3039 854 3082 eum
878 3031 986 3102 portae

62 3103 159 3165 inseri.
201 3103 241 3164 Et
262 3103 323 3164 talc
345 3111 376 3163 tu
397 3103 644 3179 fundamentum,
676 3103 736 3164 tale
759 3111 869 3184 caput,
892 3106 985 3166 talem

63 3195 179 3282 petram
202 3187 353 3246 ecclesiae
375 3185 491 3262 tribuis,
513 3186 659 3247 horresco
673 3187 805 3247 referens
829 3189 985 3249 horribilia

63 3269 128 3330 iste
173 3268 371 3354 Abominatio
386 3279 416 3330 et
428 3269 616 3365 blasphemie
640 3279 695 3347 est,
719 3271 820 3330 dicere
834 3270 984 3331 Christum

64 3352 92 3412 in
126 3335 278 3412 vocabulo
302 3351 393 3414 Petra
422 3351 503 3412 aliud
532 3354 688 3449 quippiam
723 3370 812 3431 quam
844 3362 984 3414 sanctum

64 3442 93 3495 ct
113 3434 197 3514 pium
220 3436 354 3496 voluisse
376 3434 514 3514 intelligi,
539 3437 624 3495 culus
640 3437 720 3496 enim
738 3454 827 3496 sures
841 3435 984 3497 Christia-

272 3573 448 3588 m

116 3631 149 3700 1)
172 3630 359 3685 Vocabulum:
379 3635 529 3699 statuat,
548 3630 622 3698 quod
641 3629 670 3683 in
688 3629 729 3684 ed.
749 3633 820 3701 orig.
841 3631 927 3702 deest,
947 3649 987 3687 re·

67 3705 184 3771 petitum
202 3709 298 3757 estex
317 3703 358 3758 sd.
378 3704 439 3758 lan.

91 3809 186 3850 uatum
200 3819 252 3862 opp.
265 3809 292 3851 v.
306 3809 334 3849 s
348 3808 377 3848 ιι
391 3807 432 3848 rer.
445 3806 496 3849 ιιιι
508 3806 524 3850 ι
537 3817 560 3858 p.
574 3806 622 3849 vot
636 3805 664 3848 v.
782 3776 823 3840 20
