2258 4002
315 152 353 210 sd
370 153 524 212 Concilium
550 171 567 210 a
584 155 676 214 uana
693 155 727 212 Χ.
938 155 1001 228 121

90 365 274 452 Appellatio
298 368 331 436 li.
353 369 486 438 damini
508 369 631 438 hother
651 371 692 438 ad
713 371 880 440 concilium
901 371 1002 442 donno

349 477 491 559 repetita
512 479 545 544 at
566 477 731 546 morata

361 691 364 702 ·
483 657 607 725 Jssus.

159 836 273 898 Notum
296 839 335 898 sit
357 839 497 900 omnibns
520 840 716 916 Christianis,
739 839 821 920 quod
843 859 903 919 ego
924 841 1009 902 Mar·

79 920 160 980 tinus
187 920 300 982 Luther
327 929 419 984 antea
441 942 459 984 a
481 923 585 984 Mona
613 923 733 984 decimo
757 943 838 1004 papa
864 923 999 1004 legitime

79 1009 111 1063 et
130 1004 210 1066 iuste
234 1005 386 1085 appellavi
408 1005 447 1066 ad
469 1007 600 1067 loturum
624 1007 802 1084 concilium,
824 1007 934 1086 iniquis
963 1007 1002 1068 ad

78 1087 139 1147 hoc
169 1095 295 1149 coactus
324 1089 553 1168 gravaminibus
583 1089 719 1150 eiusdem
750 1089 860 1151 Leonis
888 1109 1002 1172 papae:

80 1171 167 1231 cuius
190 1171 440 1252 appellationis¹)
466 1179 554 1234 tenor
576 1175 713 1254 seqnitur
733 1178 764 1233 et
785 1179 832 1234 est
854 1172 938 1233 talis:

163 1253 196 1314 ln
216 1255 342 1315 nomine
364 1254 487 1320 domini.
533 1257 643 1318 Amen.
687 1257 777 1316 Anno
806 1275 824 1316 a
845 1257 1003 1316 nativitate

79 1335 215 1398 eiusdem
240 1338 401 1400 millesimo
415 1341 660 1419 quingentesimo
681 1339 800 1400 decimo
823 1345 945 1419 octavo,
957 1341 1000 1399 in·

79 1419 216 1481 dictione
237 1428 345 1500 sexta,
359 1421 408 1482 die
436 1442 509 1484 vero
526 1424 600 1484 solis
622 1424 772 1503 vigesima
787 1429 898 1483 octava
918 1441 1001 1482 men-

78 1503 121 1563 sis
155 1503 352 1578 Novembris,
384 1505 580 1586 pontificatus
612 1506 796 1568 sanctissimi
825 1507 854 1566 in
883 1505 1003 1567 Christo

4 1643 5 1664 ,
78 1587 174 1666 patris
204 1595 234 1647 et
262 1587 379 1648 domini
405 1591 506 1668 ,nostri
533 1588 643 1651 Leonis
678 1589 780 1649 divina
809 1587 1002 1668 providentia

77 1688 180 1749 papae
203 1669 313 1731 decimi
336 1691 419 1733 anno
442 1679 542 1744 sexto,
563 1674 594 1733 in
620 1693 688 1733 mea
703 1673 821 1733 Notarii
836 1671 950 1752 publicl
963 1676 1004 1731 te·

78 1754 233 1833 otiumque
263 1755 340 1815 inira
363 1757 545 1836 scriptorum
568 1756 607 1816 ad
628 1757 689 1816 hoc
710 1754 884 1836 specialiter
911 1773 1004 1814 voca·

77 1841 177 1896 torum
200 1843 233 1897 et
253 1844 431 1918 rogatorum
459 1841 648 1922 praesentia:
691 1837 875 1900 constitutus
910 1837 1005 1898 Reve-

4 1989 5 1992 ,
77 1919 191 1979 rendns
221 1921 253 1982 P.
277 1920 418 1982 dominus
447 1922 593 1982 Martinus
620 1922 732 1982 Lnther
760 1921 1002 2000 Augustinianus

79 2001 387 2083 Vuiltembergensis,
403 2023 517 2066 sacras
533 2005 710 2085 theologiae
721 2006 876 2085 llagister,
899 2021 936 2064 ao
949 2001 1002 2062 ibi-

77 2084 146 2145 dem
154 2085 267 2146 Lector
288 2086 459 2148 ordinarius
471 2089 647 2168 theologiae
659 2089 849 2169 principalis,
873 2105 910 2147 ao
923 2087 1003 2166 prin-

77 2168 216 2248 cipaliter
236 2188 294 2249 pro
316 2189 350 2231 se
372 2172 440 2252 ipso
463 2173 538 2232 citra
551 2177 652 2232 tamen
667 2187 918 2250 quorumcunque
932 2187 1001 2249 pro-

4 2291 5 2296 1
77 2257 252 2312 sumturum
274 2272 398 2315 suorum
422 2254 654 2334 quomodolibet
675 2254 823 2316 hactenus
845 2272 900 2333 par
931 2271 999 2312 cnm

79 2335 314 2396 constitutorum
336 2337 582 2415 revocationem,
613 2336 730 2399 habens
754 2345 784 2398 et
805 2345 912 2398 tenens
941 2335 1003 2394 suis

77 2417 106 2477 in
130 2417 273 2479 manibus
298 2419 451 2498 quandam
474 2421 704 2500 provocationis
726 2428 757 2481 et
788 2418 1002 2500 appellationis

4 2517 5 2560 ῖ
77 2501 186 2581 papyri
209 2500 387 2563 schedulam
409 2504 512 2565 animo
536 2510 566 2564 et
586 2505 757 2564 intentione
770 2499 961 2584 provocandi
972 2507 1003 2560 et

78 2582 256 2663 appellandi
269 2586 491 2666 apostolosque
502 2587 637 2667 petendi,
654 2586 768 2662 dicens,
783 2603 920 2658 namans,
933 2601 1001 2662 pro·

78 2683 194 2726 vocans
218 2673 249 2728 et
271 2668 432 2747 appellans
456 2670 545 2730 certis
568 2675 599 2730 et
619 2670 764 2751 legitimis
788 2666 1000 2740 decentiam

77 2748 184 2809 eadem
207 2750 354 2810 schedula
375 2753 525 2812 contentis
544 2760 574 2813 et
595 2751 843 2832 comprehensis,
866 2749 903 2810 ad
928 2767 1002 2808 oon·

35 2894 41 2900 ,
79 2831 177 2892 cilium
190 2833 332 2913 proxime
354 2841 385 2904 et
404 2835 581 2898 immediate
594 2837 735 2908 loturum,
759 2835 867 2896 saltem
891 2834 921 2892 in
943 2833 1001 2910 spi-

78 2915 134 2975 ritu
156 2923 266 2976 saneto
289 2917 423 2996 legitime
446 2924 678 3000 congregatum,
700 2918 768 2978 aliie
791 2935 863 2977 vero
876 2933 1002 2994 congre-

80 2998 264 3078 gationibus,
287 2999 470 3062 factionibus
489 3007 523 3081 ¹et
546 3000 747 3063 concionibus
769 2999 896 3080 privatis
919 2997 1020 3077 peni·¹

4 3317 5 3322 ,
131 3261 166 3330 1)
187 3261 219 3316 In
239 3263 282 3317 ed.
301 3261 363 3318 Jen.
384 3264 454 3333 Opp.
475 3263 553 3318 luth.
570 3263 640 3317 haec
658 3263 806 3334 appellatio
826 3278 882 3316 non
902 3267 943 3314 est
962 3265 1002 3328 tp-

79 3335 118 3401 pis
136 3336 267 3402 repetita,
296 3335 344 3390 sed
369 3333 499 3410 landatur
517 3335 711 3389 tantummodo
729 3333 899 3404 Appellatio,
929 3345 1001 3399 quae

80 3421 149 3459 anno
169 3407 241 3462 1518
259 3423 277 3460 s
293 3407 413 3462 Lnthero
431 3412 475 3462 est
492 3408 578 3471 adita,
598 3413 625 3460 et
646 3407 689 3460 bis
708 3405 936 3476 quidamverbis:
957 3419 1001 3456 cu·

80 3478 120 3530 ius
138 3475 348 3546 Appellationis
367 3479 526 3548 exemplum
544 3479 631 3532 habes
650 3477 730 3532 Tom.
743 3479 756 3530 l
767 3483 817 3530 sto.
839 3476 916 3540 Quas
935 3489 1002 3530 vcro

82 3554 241 3692 {eqrpplmtun
259 3555 325 3674 satan
343 3549 689 3678 οἱηιάἓῳιΑρῖεθΙΙαιὶὶίοηὶιι
708 3547 842 3618 quasdam
854 3545 1002 3618 appendix:

101 3635 513 3694 oenomauemprssrcas
572 3636 589 3676 o
651 3637 701 3680 co.
