2252 4006
263 210 411 262 axionum
431 206 463 262 D.
484 205 561 262 Eros.
580 208 659 262 Rota.
679 212 729 262 ale.
896 205 952 270 241

45 361 120 420 enirn
145 363 249 421 omnia
272 362 341 441 legi,
363 361 416 420 sed
439 380 519 440 quae
541 362 599 440 legi
624 360 702 422 adeo
724 362 875 422 immerito
897 361 963 420 reii-

44 444 171 516 oiuntur‚
195 452 226 503 ut
247 442 301 503 flat
323 444 413 502 eliam
437 445 543 504 iniuria
557 445 652 503 saeris
668 442 784 521 litteris,
798 461 873 522 quaa
896 443 962 523 ipsa

44 527 190 586 sincerius
212 527 349 606 exponit.
393 525 541 605 Pleraque
571 525 609 586 ab
633 545 669 586 eo
691 526 772 587 diota
794 534 855 585 tam
880 534 963 585 osrla

43 619 109 665 sunl
132 608 214 688 apud
237 629 297 686 me,
320 618 360 685 ut,
383 609 406 667 si
430 611 521 668 aliam
545 607 695 668 coelestes
717 608 818 688 angeli
845 615 963 668 ooulra·

44 691 156 764 dicant,
180 709 241 752 non
266 711 313 751 me
335 692 396 751 sint
417 693 604 750 asenteniia
627 709 696 752 mea
711 690 875 770 depulsuri.
905 690 963 750 Ubi

43 773 188 833 arlionlos
212 774 435 834 onndemnatos
457 773 573 853 legero,
596 772 667 852 qnid
684 775 812 834 sentiam
836 773 875 832 de
891 791 963 852 qno·

43 857 85 914 vis
108 855 241 916 libenter
273 866 373 935 tepum
401 875 508 936 agam,
543 856 634 916 lineat
665 856 745 916 anim
782 857 851 916 milri
881 855 963 936 quod

42 937 202 1015 omnibus,
225 939 337 1017 alioqui
359 957 420 999 non
445 959 522 1012 sum,
545 939 595 1017 qui
621 938 800 998 Martiniano
823 937 871 997 vel
895 957 963 1017 pro-

43 1021 92 1080 bel
114 1021 163 1080 vel
186 1021 368 1102 improbar&

123 1103 190 1164 Nos
217 1110 333 1164 textum
366 1103 610 1164 Axiomalnm
640 1110 670 1162 et
693 1104 830 1162 Brevis
853 1103 963 1164 (lom-

43 1188 337 1247 memoralionis
370 1185 554 1246 reddidimus
588 1184 755 1246 seeundum
800 1186 963 1246 editionem

43 1268 244 1348 originalem,
273 1288 362 1347 qnam
392 1287 484 1350 supra
511 1269 609 1348 primo
638 1268 707 1328 looo
731 1270 965 1343 nominavimus,

43 1351 187 1412 oollalam
213 1370 280 1411 ourn
304 1352 352 1412 ed.
374 1352 440 1412 den.
459 1350 539 1430 Opp.
554 1349 640 1411 Lnth.
662 1370 688 1410 a.
709 1355 797 1416 mor.

122 1434 281 1514 Lagunlur
309 1433 386 1494 haeo
413 1435 526 1513 soripta
556 1432 680 1493 latine
711 1435 740 1494 in
770 1434 817 1497 ed.
839 1435 905 1493 len.
929 1433 965 1506 ll,

44 1537 71 1596 p.
94 1519 166 1581 331.
199 1516 324 1579 Wilteb.
348 1516 391 1592 ll,
424 1536 454 1596 p.
479 1519 565 1592 116..
600 1517 824 1594 germaniae
856 1518 884 1576 in
918 1516 965 1576 ad.

45 1599 128 1660 Witt.
152 1599 195 1660 lX
222 1621 252 1680 p.
276 1600 326 1663 98.
369 1599 436 1662 dan.
459 1599 472 1660 1
499 1619 528 1678 p.
551 1600 628 1673 236,
660 1598 815 1660 Altanb.l
844 1619 872 1679 p.
895 1601 966 1675 512,

43 1682 119 1762 Lips.
145 1682 230 1742 xvir
253 1701 282 1762 p.
304 1683 374 1759 376,
399 1681 515 1744 Walnh.
539 1681 604 1754 XV,
628 1702 656 1761 p.
680 1681 771 1746 1919.

397 1933 607 1942 ——

91 2125 268 2192 Axiomnta
288 2123 324 2190 D.
347 2123 470 2190 Erasini
492 2122 712 2202 Rolanodami,
734 2141 792 2210 pro
813 2141 911 2190 oanan

45 2213 325 2291 Martini'Lnllnari
364 2229 531 2310 Theologi‚
570 2231 718 2297 Coloniae
755 2251 795 2291 ex
828 2238 967 2310 tempora

45 2315 166 2393 snripla,
189 2322 219 2372 et
234 2311 369 2393 Georgio
384 2312 553 2392 spalatino,
577 2313 761 2393 aoolloqnio
775 2313 966 2374 Sernnissimi

46 2397 191 2477 Principis
208 2395 360 2468 Fridarioi,
384 2396 479 2457 Ducis
492 2394 647 2456 saxoniae
663 2391 825 2472 Eleoloria
848 2396 967 2474 iradila,
1085 2415 1088 2432 ·

280 2481 308 2542 5.
331 2477 480 2538 Novemb.
504 2478 540 2538 M.
566 2477 601 2538 D.
625 2477 731 2554 xiil)

125 2630 209 2691 Fons
230 2632 274 2690 rei
297 2631 393 2691 malus
416 2638 481 2710 eal,
515 2632 618 2692 odium
642 2631 789 2693 bonarum
813 2631 966 2693 literarum

49 2723 75 2772 el
95 2713 252 2774 affeolatio
274 2714 454 2796 tyrannidis.

129 2795 241 2859 Modus
254 2795 363 2876 agendi
382 2795 457 2856 fonti
478 2796 654 2877 respondet,
677 2782 872 2875 elamoribus,
895 2815 967 2860 oon·
1054 2789 1068 2802 ”

48 2879 254 2958 arationibus,
276 2879 394 2940 acerbis
417 2879 505 2960 odiis,
528 2880 684 2941 virulentis
706 2881 836 2961 soriplis.

127 2962 291 3031 Personae,
315 2982 370 3042 par
391 2980 466 3041 quas
489 2981 536 3022 res
558 2964 667 3042 agitur,
689 2972 860 3042 snspeotaa.

127 3045 204 3106 Cum
226 3045 358 3125 optimus
382 3046 510 3123 quisque
538 3052 568 3106 et
589 3045 788 3124 evangaliosa
810 3045 968 3108 doolrinaa

51 3130 203 3207 proximus
225 3128 343 3189 dioalnr
361 3129 483 3187 minima
507 3127 639 3188 offensus
660 3127 800 3193 Lnthero.

127 3209 217 3286 Quod
232 3209 387 3272 Pouliliois
410 3209 554 3272 fusilitate
576 3209 700 3289 quidam
718 3210 892 3290 abutuntur,
915 3230 968 3270 no-

54 3301 110 3353 lum
133 3301 187 3354 eal.

103 3557 220 3620 lllned.
230 3561 299 3627 orig.
310 3557 839 3627 tantummodohaessorlplslsgnntnr:
859 3556 967 3612 Axio·

57 3637 140 3683 nala
166 3630 304 3684 Erasini
333 3629 391 3683 no.
420 3645 484 3698 pro
514 3643 625 3682 nausa
655 3629 795 3680 llsrllni
826 3627 969 3682 Lulhari

57 3699 242 3771 Theologi;
263 3701 371 3771 raliqna
388 3703 566 3768 rapallrimns
585 3717 621 3754 ax
643 3699 684 3753 ad.
706 3697 821 3752 danansi

80 3805 164 3846 nausa
180 3815 231 3857 opp.
245 3806 272 3848 v.
286 3806 313 3846 a
327 3805 356 3846 aa
370 3805 410 3846 τοι.
423 3805 475 3846 aas
488 3805 503 3846 r.
517 3816 536 3856 μ
554 3805 604 3843 vsu
621 3803 647 3846 v.
770 3773 809 3838 16
