2254 4008
127 153 183 229 ὅθ’
384 163 429 219 De
444 159 521 234 bapt
540 157 640 231 Babyl.
658 159 798 217 musta·

126 315 257 396 habant,
279 323 473 380 sueraments
493 315 564 379 fidei
587 315 646 378 diei
667 333 729 378 non
752 313 903 397 possuntt
945 311 1057 392 Neam

39 400 47 426 ⁴
127 403 207 462 enim
241 401 371 462 salutem
407 410 581 481 operantur.
635 399 676 461 At
704 403 897 460 esorsmenta
929 401 1058 457 servant

127 483 286 546 eredentes
308 484 502 564 promissioni
524 484 655 545 divinae

419 664 471 724 De
499 662 759 725 Matrimonio.

160 815 162 822 ⁴
209 818 435 881 Matrimonium
457 837 519 880 non
542 818 642 880 solum
664 819 730 879 sine
750 818 814 879 ulla
828 817 1058 900 Soripturepro

127 915 321 965 saoremeuto
356 908 514 979 censetur,
551 921 655 962 verum
685 901 801 962 eisdem
830 899 1059 976 traditionibus,

128 985 237 1066 quibus
260 993 485 1046 sacromentum
500 1001 569 1045 esse
590 985 730 1060 iactatur,
753 1003 869 1045 merum
891 982 1058 1043 ludibrium

127 1069 240 1130 laetum
263 1077 324 1148 est,
347 1068 385 1128 de
407 1087 468 1148 quo
491 1067 603 1146 aliquid
625 1067 796 1130 videamus.
839 1067 1001 1142 Diximus,
1027 1066 1058 1124 in

130 1154 213 1213 omui
236 1158 427 1212 sacramento
442 1151 545 1218 haberi
558 1150 683 1210 verbum
698 1149 909 1230 promissionis
923 1149 1059 1224 divinoe,

130 1236 179 1296 oui
201 1234 284 1294 oredi
308 1240 449 1314 oporteat
471 1232 509 1293 ab
532 1251 587 1308 eo,
609 1235 660 1312 qui
684 1236 803 1313 siguum
827 1234 972 1312 suscipit,
1001 1250 1061 1291 neo

129 1317 230 1378 solum
253 1319 374 1397 signum
401 1335 495 1397 posse
521 1322 745 1376 sacramentum
774 1334 852 1377 esse.
896 1315 1058 1394 Nusquam

128 1407 228 1462 alutem
250 1400 370 1480 legitur,
393 1398 506 1478 aliquid
527 1400 645 1478 gratiae
667 1399 723 1460 Dei
745 1405 954 1479 accepturum,
977 1399 1060 1477 quis·

129 1484 195 1562 quis
217 1501 344 1543 uxorem
369 1483 503 1560 duxerit,
526 1481 598 1560 quiu
620 1501 678 1542 neo
702 1484 822 1560 signum
845 1487 893 1542 est
912 1481 1061 1541 divinitus

128 1566 297 1626 institutum
319 1567 349 1626 iu
373 1566 582 1640 matrimonio,
611 1583 670 1625 neo
692 1567 772 1625 enim
795 1565 916 1644 uspiam
946 1564 1061 1642 legitur

131 1648 231 1709 sDeo
254 1649 433 1726 institutum,
456 1654 489 1708 ut
504 1647 617 1727 aliquid
631 1648 826 1728 signiticaret,
849 1647 920 1708 lieet
942 1647 1060 1723 omnia,

129 1749 209 1812 quae
231 1731 388 1792 visibiliter
409 1737 570 1811 geruntur,
594 1733 713 1810 possint
734 1730 863 1810 intelligi
886 1730 1007 1809 figurae
1031 1735 1062 1788 et

129 1813 297 1893 allegoriae
318 1833 417 1874 rerum
431 1812 634 1876 invisibilium.
670 1814 711 1873 At
722 1813 820 1894 figura
834 1819 886 1872 eut
907 1811 1062 1892 allegoria

128 1916 189 1959 uon
221 1903 292 1958 sunt
319 1902 528 1973 sacramenta,
563 1902 596 1956 ut
625 1914 683 1957 nos
716 1896 986 1968 nauseamentis
1017 1894 1062 1955 lo·

151 1997 258 2041 mmur.

129 1998 148 2059 q
211 2062 329 2124 Deinde
352 2081 421 2122 oum
435 2060 658 2122 matrimonium
681 2059 771 2121 fuerit
784 2059 823 2121 eb
835 2061 921 2121 initio
940 2059 1059 2138 mundi,

128 2151 159 2205 et
180 2144 262 2224 apud
283 2143 423 2205 infideles
445 2145 546 2204 adhue
567 2149 762 2223 permaneat,
796 2143 897 2204 nullae
927 2142 1061 2204 subsunt

128 2229 273 2305 rationes,
296 2232 564 2288 utsauramentum
587 2225 776 2306 novaelegis
798 2226 934 2287 etsolius
957 2225 1060 2286 eoele-

130 2310 193 2370 siae
216 2310 316 2390 possit
337 2310 407 2370 diei.
449 2310 518 2370 Non
551 2310 649 2368 miuus
678 2310 759 2370 euim
790 2315 877 2369 erent
903 2310 1061 2369 matrimo-

130 2391 181 2451 nia
204 2399 324 2472 patrum
346 2398 467 2468 saneta,
497 2410 586 2470 quam
610 2397 731 2467 nostra,
764 2410 822 2451 neo
854 2391 953 2451 minus
984 2409 1060 2451 vera
1107 2395 1110 2402 “

129 2473 308 2552 infidelium,
329 2493 421 2554 quam
443 2474 587 2549 fidelium,
609 2493 668 2534 neo
691 2481 792 2535 temen
815 2475 845 2533 in
869 2475 913 2534 eis
936 2478 1060 2555 ponunt

130 2566 365 2621 sacramentum.
408 2557 455 2618 Ad
484 2556 561 2616 haee
592 2564 664 2617 sunt
684 2556 766 2637 apud
795 2555 902 2618 fideles
931 2573 1060 2635 quoque

128 2640 213 2720 impii
236 2643 403 2721 eoniuges,
425 2640 582 2720 quibusvis
604 2639 746 2719 gentibus
768 2641 904 2718 peiores,
931 2657 987 2700 eur
1008 2639 1059 2699 hio

130 2730 354 2784 sacramentum
376 2723 434 2783 dioi
458 2722 558 2796 debet,
581 2728 613 2782 et
634 2739 695 2782 non
719 2723 800 2802 apud
823 2721 977 2801 gentiles?
1009 2723 1058 2782 An

131 2804 168 2864 de
190 2804 342 2885 baptismo
365 2812 395 2866 et
415 2805 545 2865 eoeleste
559 2804 807 2884 sienngaffimnr,
829 2812 872 2881 ut,
895 2806 974 2865 siout
991 2805 1059 2884 qui·

131 2886 200 2947 dam
224 2887 361 2966 delirant,
383 2889 543 2967 imperium
565 2888 736 2967 temporale
757 2907 819 2948 non
847 2905 917 2948 esse
943 2888 1003 2947 nisi
1025 2889 1056 2948 in

130 2970 278 3047 eeclesia,
308 2971 351 3030 its
384 2969 608 3030 matrimonium
641 2988 703 3030 non
732 2988 801 3031 esse
828 2977 1056 3031 sacromentum

130 3053 188 3111 nisi
210 3053 240 3112 iu
263 3053 395 3112 ecelesia
416 3051 574 3112 dinamus?
599 3052 727 3113 Puerilia
749 3059 820 3113 sunt
841 3052 919 3114 bseo
933 3059 965 3112 et
986 3051 1058 3112 ridi-

130 3133 214 3210 oule,
249 3154 302 3214 per
337 3153 416 3214 quse
450 3141 585 3194 nostrum
618 3135 769 3195 inmitium
800 3143 832 3196 at
852 3136 1055 3196 temeritatem

132 3215 305 3278 infidelibus
326 3218 398 3276 risui
421 3217 614 3296 exponimus.

213 3301 254 3358 At
275 3299 393 3375 disent,
415 3299 572 3377 apostolus
595 3298 668 3359 dioit
689 3298 785 3378 Ephe.
808 3303 842 3364 5:
871 3299 969 3360 Erunt
993 3298 1070 3361 duo,

131 3382 161 3440 in
183 3399 275 3440 earne
296 3399 368 3456 uns,
390 3388 614 3440 sacramentum
636 3380 696 3441 hoe
719 3399 862 3460 magnum
885 3387 940 3442 est.
969 3382 1057 3442 Tune

132 3480 205 3540 ergo
229 3471 290 3522 tem
313 3462 448 3523 evidenti
471 3463 603 3540 apostoli
624 3462 719 3524 verbo
742 3463 954 3526 eontradioes?
998 3463 1056 3524 Re·

132 3543 285 3622 spondeo,
307 3553 338 3604 et
350 3545 410 3603 hoo
426 3549 637 3623 argumentum
651 3563 719 3605 ease
732 3565 863 3624 magnae
875 3545 1057 3606 oscitantiae

134 3631 165 3684 et
185 3623 373 3706 indiligentis
400 3625 653 3706 inconsultaeque
679 3627 829 3691 leetionis.
876 3627 946 3691 Non
974 3628 1057 3689 euim
