2262 4006
332 193 460 252 wenta
475 189 724 272 Latomiauaaete
928 187 989 259 397

150 349 215 410 Nos
243 356 360 410 textum
389 348 577 412 reddendum
612 349 785 411 curavimus
821 346 988 408 secundum

62 431 237 492 editionem
248 432 556 513 winemtergsnsem
578 451 607 492 a.
633 433 722 507 1521,
745 449 826 510 quae
848 431 936 492 nobis
949 449 989 501 ex

63 515 255 576 bibliotheca
277 515 477 588 Scheurliana
497 523 621 596 praesto
644 521 717 576 erat.

150 598 274 678 Legitur
294 600 345 660 hic
372 599 447 662 liber
469 599 562 660 iatine
583 601 615 658 in
637 598 686 660 ed.
707 597 787 680 Opp.
810 596 896 658 Luth.
919 597 987 660 den.

61 681 106 756 ld,
132 683 204 747 400.
248 681 332 743 Witt.
355 682 397 762 11,
420 683 503 757 223,
526 683 700 762 germanice
724 679 935 743 tantummodo
959 680 988 740 in

61 764 113 826 ed.
141 765 392 841 WalchsXVssI,
415 767 506 831 1301.

426 1009 633 1022 -ι--ι-

62 1145 221 1252 Rationis¹
241 1186 445 1254 Latonianae
466 1205 525 1270 pro
545 1186 762 1254 ‘incendiariis
781 1183 990 1250 turonensis

62 1287 202 1354 Scholae
224 1287 386 1372 sophistis
407 1287 552 1354 redditae
584 1287 781 1353 Lutheriana
801 1285 989 1350 confutatio.

435 1438 638 1500 IHESU&

8 1627 10 1630 ·
63 1605 269 1684 integerrimo
292 1605 357 1664 viro
381 1603 418 1665 D.
440 1604 523 1664 lusto
546 1604 655 1680 lonae,
685 1602 815 1682 Oollsgii
836 1555 990 1666 Ecclesia·

63 1689 134 1747 adei
170 1686 450 1768 Vuitembergeosis
467 1688 675 1768 Praeposito,
709 1705 764 1746 sno
795 1687 825 1746 in
857 1685 990 1746 Domino

107 1771 233 1849 Maiori,
255 1770 401 1831 Martinus
423 1771 572 1832 Lutherus
599 1772 629 1829 in
648 1770 781 1831 Domino
802 1767 950 1830 Salutem.

7 1979 8 1984 ,
150 1925 192 1984 Et
213 1941 272 2005 ego
295 1924 485 2004 magistratui
501 1930 553 1983 tuo
577 1939 685 1982 recens
700 1923 786 2001 inito,
809 1922 991 1984 suavissime

7 2035 8 2038 ¹
64 2009 156 2084 Iona,
180 2008 325 2088 gratulari
347 2007 489 2086 cupiens,
519 2025 588 2066 curn
617 2008 682 2085 ipse
704 2005 814 2069 adesse
837 2024 898 2066 non
922 2025 990 2085 pos·

64 2111 146 2167 sem,
161 2089 509 2152 statuihunoLatomum
519 2109 618 2150 meum
627 2089 665 2150 ad
678 2098 707 2148 te
717 2091 845 2167 mittere,
858 2109 919 2150 non
930 2090 990 2148 iam

65 2193 158 2254 eum,
191 2177 241 2252 qui
264 2175 434 2254 linguarum
455 2174 593 2252 peritiam
617 2172 831 2251 calumnietur,
860 2171 993 2234 concidit

65 2259 153 2318 enim
180 2259 237 2318 iste
265 2254 492 2318 Jesbibenobus
522 2257 630 2316 virtute
658 2255 765 2318 Abisai
808 2257 920 2333 nostri,
953 2275 991 2316 ne

64 2341 141 2420 quid
165 2349 296 2419 metuas,
338 2339 392 2400 sed
430 2357 488 2400 nec
531 2358 618 2417 eum,
656 2340 707 2416 qui
727 2339 869 2419 malignis
891 2338 994 2400 mode·

66 2425 149 2484 stiae
170 2424 246 2504 fucis
266 2431 299 2486 et
319 2424 518 2502 inauspicatis
539 2441 653 2482 vocum
674 2423 813 2482 versutiis
824 2423 991 2482 Lovanien·

64 2509 150 2568 sium
171 2506 426 2568 incendiariorum
456 2507 569 2566 crimen
598 2523 684 2574 serus
711 2514 858 2584 patronus
885 2503 990 2566 iustiti·

67 2599 129 2665 cet,
153 2609 243 2669 quem
266 2599 296 2651 te
324 2588 416 2650 credo
440 2589 569 2665 vidisse,
597 2588 752 2650 hominem
781 2589 901 2651 scilicet
924 2589 991 2668 glo·

67 2675 200 2734 nantem
223 2674 253 2732 in
274 2673 408 2736 Domino
430 2671 514 2752 Papa
535 2679 568 2732 et
591 2671 678 2732 Bulla
701 2673 782 2732 eius:
805 2677 991 2732 sumentem

70 2758 171 2828 mitte,
194 2757 245 2835 qui
266 2753 439 2817 Luthenauo
461 2754 568 2816 februo
590 2753 733 2817 lustratus
756 2755 857 2816 mitius
881 2754 992 2817 habere

70 2839 191 2899 videtur
212 2860 231 2898 a
249 2837 348 2899 lamiis
371 2847 401 2900 et
423 2835 602 2915 lemuribus,
625 2838 733 2916 quibus
756 2837 903 2900 haetenus
923 2838 1004 2918 agi.

71 2930 170 3000 tanos,
198 2923 376 3002 agitansque
406 2921 515 2988 solitus
544 2928 590 2981 est
619 2923 671 3000 pia
697 2920 805 2984 corda
855 2921 886 2982 Si
912 2921 993 2981 lianc
1066 2981 1068 2985 ,

71 3006 233 3068 Rationem
255 3006 286 3066 in
308 3011 446 3084 tempore
466 3003 684 3082 reddidissent,
712 3011 743 3065 et
770 3011 843 3069 ante
870 3005 992 3083 factum,

74 3099 106 3148 ut
129 3087 269 3168 decebat,
291 3089 447 3168 sapientes
469 3089 544 3148 istos
558 3091 639 3150 viros
652 3087 886 3163 consuluissent,
910 3087 993 3148 libel-

72 3171 121 3233 los
160 3190 246 3234 meos
275 3190 376 3252 neque
407 3171 621 3248 damnassent,
662 3189 763 3250 neque
794 3171 992 3245 exussissent,

73 3275 175 3334 neque
201 3275 282 3316 nunc
313 3255 474 3318 stulterum
508 3273 592 3316 more
629 3261 700 3334 post
728 3254 841 3319 factum
869 3254 991 3317 demum

74 3339 285 3417 consulerent,
319 3346 435 3399 tantum
471 3357 520 3396 me
554 3356 644 3418 spero
679 3337 855 3398 effecturum
888 3337 991 3400 fuisse.

74 3421 153 3482 Satis
176 3442 229 3482 mo
247 3421 339 3484 docet
357 3422 418 3486 hoc
440 3421 517 3482 libro
539 3420 693 3496 latomus,
716 3439 807 3498 quam
823 3420 919 3494 ¹tacite
932 3421 992 3481 fue·

72 3506 193 3566 nitidis
213 3504 342 3566 wenta
362 3505 496 3564 Luthero
519 3505 549 3564 in
563 3506 626 3570 auis
647 3504 767 3582 angulis
780 3504 910 3584 garrire:
933 3503 993 3564 hoc
1067 3565 1071 3573 ,

74 3597 118 3650 est
139 3590 337 3667 haereticum,
360 3589 419 3649 hoc
440 3599 685 3663 osterroneum,
708 3585 791 3665 quod
812 3587 845 3658 in
865 3586 988 3666 publico

75 3673 161 3734 nullis
183 3673 251 3735 freti
272 3672 386 3734 viribus
408 3671 474 3733 ausi
496 3671 624 3733 fuissent
644 3669 803 3749 attingere.
