2254 4008
338 169 369 225 [t.
388 171 423 226 ll.
445 167 523 224 butb.
544 167 727 225 praeludium.
954 167 996 233 29

78 322 138 384 lide
154 323 272 384 interim
286 323 437 404 servandi,
459 328 490 385 el
510 323 662 385 desiderio
677 323 787 405 integri
802 324 995 385 sacramenti.

79 405 162 467 Sicut
200 405 383 487 baptismum
420 415 450 467 et
478 407 701 469 absolutionem
731 404 842 468 debent
871 408 996 487 petenti,

77 497 218 568 tanquam
241 491 289 550 ius
310 489 444 568 babenti,
465 492 523 569 ipsi
547 491 690 568 ministri,
711 488 794 570 quod
816 491 840 548 si
863 509 923 550 non
945 488 997 550 de·

77 571 183 649 derint,
205 581 313 651 petens
334 573 457 653 plenum
479 572 572 634 habet
593 572 665 632 lidei
681 573 915 650 suaemeritum,
937 574 994 652 ipsi

74 672 177 716 coram
207 655 328 716 Obristo
357 658 438 716 servi
469 675 601 736 nequam
631 655 864 717 accusabuntur.
913 654 998 716 Sicut

75 737 146 797 olim
176 739 205 797 in
240 757 343 800 eremo
373 741 470 800 sancti
492 739 598 800 Patres
625 740 656 798 in
688 739 789 799 multis
818 739 905 798 annis
934 753 996 799 non

77 821 381 883 communicaverunt
403 822 465 883 ulla
487 824 591 902 specie
612 821 804 884 sacramenti.

153 903 264 982 ltaque
289 923 351 966 non
380 904 440 966 boc
473 924 552 986 ago,
585 912 618 966 ut
646 906 675 964 vi
709 905 843 984 rapiatur
869 912 996 983 utraque

76 989 211 1066 species,
240 988 327 1067 quasi
350 989 533 1050 necessitate
561 989 716 1068 praecepti
745 987 783 1048 ad
812 1005 880 1048 eam
905 1005 996 1067 coge

76 1089 156 1148 mur,
180 1069 234 1130 sed
259 1072 477 1132 conscientiam
500 1072 632 1147 instruo,
663 1080 695 1131 ut
715 1072 848 1151 patiatur
870 1072 998 1150 quisque

75 1151 267 1238 tgrannidem
290 1153 477 1232 Romanam,
506 1155 606 1214 sciens
634 1153 692 1214 sibi
717 1159 836 1234 raptum
859 1154 997 1232 pervim

74 1235 119 1294 ius
147 1255 236 1296 suurn
266 1237 296 1296 in
318 1243 531 1316 sacramento,
556 1242 680 1317 propter
708 1243 867 1316 peccatum
899 1256 997 1297 suurn.

74 1317 205 1378 Tantum
234 1318 295 1380 boc
323 1321 413 1398 volo,
442 1339 481 1380 ne
508 1321 576 1398 quis
605 1319 774 1380 Romanam
804 1319 996 1400 tyrannidem

73 1400 232 1478 iustificat,
265 1403 352 1482 quasi
382 1410 466 1464 recte
496 1403 601 1464 iecerit
629 1421 719 1462 unam
748 1404 880 1483 speeiem
910 1402 996 1462 laicis

73 1483 255 1564 prohibens,
282 1485 336 1546 sed
365 1485 551 1547 detestemur
572 1503 656 1564 eam,
685 1504 743 1546 nec
771 1487 997 1546 consentiamus

73 1569 111 1645 ei,
133 1574 238 1634 tamen
259 1567 391 1630 feramus
414 1588 482 1630 eam
505 1587 566 1630 non
589 1569 692 1649 aliter,
714 1586 751 1628 ao
774 1570 798 1629 ei
821 1569 901 1648 apud
924 1569 996 1629 Tur·

73 1667 141 1710 eam
165 1669 303 1711 essemus
325 1653 453 1733 captivi,
482 1651 533 1713 ubi
563 1659 670 1712 neutra
693 1654 797 1730 specie
819 1651 923 1712 liceret
946 1653 996 1714 uti.

73 1731 142 1793 Hoc
163 1739 226 1811 est,
256 1734 338 1814 quod
366 1733 430 1795 dixi
453 1735 524 1796 mihi
545 1734 704 1815 pulchrum
727 1734 837 1814 videri,
859 1735 885 1794 si
907 1754 996 1813 gene·

70 1815 144 1876 ralis
174 1816 297 1876 concilii
325 1823 439 1878 statuto
469 1819 530 1878 ieta
559 1819 719 1899 captivitas
748 1817 932 1892 solveretur,
968 1829 998 1878 et

1 1957 2 1976 ,
72 1899 162 1960 nobis
185 1898 359 1965 Christiana
378 1901 431 1960 illa
453 1900 575 1962 libertas
598 1920 615 1962 ε
633 1899 773 1962 manibus
795 1900 924 1960 Romani
948 1907 996 1982 ty-

1 1997 2 2018 1
74 1983 163 2041 raoni
185 1983 403 2062 restitueretur,
424 1985 575 2064 etcuique
588 2003 675 2044 suum
698 1982 852 2045 arbitrium
874 1984 996 2062 petendi

1 2079 2 2082 ’
72 2064 240 2146 utendique
262 2063 498 2146 relinqueretur,
534 2068 612 2128 siout
637 2069 668 2127 iu
691 2066 843 2148 baptismo
871 2075 901 2127 et
922 2086 994 2148 poe·

71 2149 203 2209 nitentia
229 2148 417 2229 relinquitur.
465 2149 507 2210 At
532 2169 614 2211 nunc
640 2151 725 2230 cogit
751 2150 877 2230 singulis
911 2152 998 2210 annis

1 2309 2 2312 Ἴ
71 2250 163 2290 unam
193 2232 328 2312 speciem
357 2234 454 2313 accipi
484 2231 593 2294 eadem
623 2232 799 2315 tyrannide,
837 2233 915 2294 adeo
945 2253 997 2294 ex·

1 2355 2 2372 i
69 2315 183 2374 stincta
205 2323 251 2376 est
272 2314 397 2377 libertas
419 2313 507 2377 nobis
529 2335 549 2376 a
571 2315 691 2378 Christo
713 2317 841 2394 donata,
871 2318 916 2378 sio
937 2337 997 2379 me

72 2399 130 2457 ruit
151 2399 247 2478 impia
269 2405 374 2460 nostra
394 2398 590 2479 ingratitudo.

1 2545 2 2554 ,
155 2480 261 2541 Altera
283 2481 444 2563 captivitas
466 2481 601 2544 eiusdem
624 2484 806 2544 sacramenti
820 2485 920 2544 mitior
942 2491 999 2559 est,

72 2562 155 2643 quod
189 2564 227 2624 ad
262 2566 481 2627 conscientiam
521 2573 656 2646 spectat,
694 2564 747 2628 sed
778 2586 870 2647 qnam
901 2567 997 2628 multo

74 2647 210 2706 omnium
240 2647 531 2728 periculosissimum
553 2650 592 2710 sit
613 2657 753 2731 tangere,
777 2650 887 2710 nedum
916 2649 999 2711 dam·
1062 2675 1064 2681 ⁴

1 2759 2 2764 1
74 2749 157 2792 nare.
200 2730 259 2791 Hic
280 2731 481 2811 viglephista,
504 2739 534 2792 et
555 2735 709 2794 sexcentis
732 2733 905 2794 nominibus
927 2733 997 2794 bae·

1 2845 2 2890 ,
73 2813 185 2872 ratione
207 2832 270 2876 ero.
314 2813 393 2890 Quid
416 2814 499 2875 tum?
520 2821 683 2895 postquam
697 2816 854 2878 Romanus
877 2818 996 2896 episco-

1 2913 2 2956 i
75 2915 129 2974 pus
159 2897 324 2976 epiecopus
357 2916 426 2958 esse
454 2898 544 2958 desiit
571 2905 602 2960 et
633 2907 779 2980 tyrannus
807 2900 905 2960 lactus
940 2907 996 2980 eet,

73 2998 134 3039 non
158 2978 289 3041 formido
312 2981 377 3040 eius
398 2982 540 3041 universa
561 2981 701 3056 decreta,
730 2984 815 3044 cuine
847 2984 912 3043 scio
935 3001 997 3043 non

74 3080 142 3122 esse
164 3070 348 3142 potestatem
371 3064 514 3125 articulos
537 3083 635 3126 novos
656 3064 727 3127 fidei
750 3065 917 3146 condendi,
941 3084 998 3126 nec

75 3145 196 3206 concilii
218 3145 342 3227 quidem
363 3146 525 3227 generalis.

156 3227 249 3290 Dedit
271 3228 342 3290 mibi
366 3229 532 3310 quondam,
556 3249 625 3291 cum
638 3230 825 3310 theologiam
841 3231 998 3292 scholasti-

76 3329 140 3371 cam
164 3311 335 3388 banrirem,
361 3314 557 3374 occasionem
580 3314 735 3394 cogitandi
767 3314 804 3376 D.
827 3313 997 3376 Cardinalis

77 3393 315 3473 Cameracensis,
338 3395 415 3456 libro
427 3397 645 3457 sententiarum
657 3398 687 3458 4.
709 3397 884 3457 acutissime
896 3396 998 3479 dispu-

79 3483 152 3555 tans,
174 3477 271 3539 Multo
293 3478 480 3559 probabilius
502 3498 580 3555 esse,
603 3487 633 3540 et
655 3482 754 3541 minus
775 3479 997 3560 superfluorum

80 3560 289 3622 miraculorum
312 3564 395 3641 poni,
417 3563 442 3622 si
465 3564 494 3622 iu
517 3563 604 3624 altari
628 3581 716 3624 verus
729 3563 817 3642 panis
832 3581 997 3640 verumque

80 3645 187 3722 uuum,
209 3663 271 3705 non
295 3651 397 3708 autem
419 3646 487 3708 eola
509 3645 760 3707 accidentiaesee
781 3652 995 3720 astruerentur,
