2250 4008
247 215 249 222 .
324 169 447 227 Rationis
467 168 645 232 Latomiauee
663 171 712 219 etc.
924 153 987 222 439

58 328 145 400 tum,
168 330 198 390 ut
218 321 302 402 quod
323 324 435 389 nitatur
456 323 487 386 in
511 341 591 402 vaga
610 320 729 387 latomi
749 318 904 400 opinione,
927 332 986 394 ego

58 414 173 492 nutem
194 405 358 486 probarim,
380 405 410 468 id
433 406 571 468 fidelibus
594 407 729 486 ipsisque
748 401 871 483 optimis
887 397 987 463 'mexi-

59 509 115 548 me
142 509 315 552 eonvenrrs.

159 572 217 634 Sed
241 581 271 632 et
291 573 383 634 oliam
405 573 498 635 babet
519 581 579 634 tam
593 571 850 649 divesthsologus
871 568 989 629 evasio·

59 675 153 716 nem.
197 655 271 716 Esto
309 657 442 736 (inquit)
481 657 657 738 simplieiter
692 654 837 717 dixisset:
872 653 1004 724 Omnes¹

59 740 223 814 institiae,
244 747 275 800 st
297 758 404 800 omnes
428 741 591 819 immundi,
625 739 725 802 odbuo
746 735 987 800 contrabendum

61 830 114 882 est
139 821 180 882 ed
203 831 319 902 portem
342 823 534 902 aliquorum,
568 826 675 886 iterum
699 843 786 885 snam
807 821 858 882 vel
880 821 988 900 hyper·

62 904 163 965 bolen
188 905 236 964 vol
249 905 465 985 synecdochen
480 908 689 974 bininvooons
704 916 875 988 patronam.
899 899 988 979 Quod
1063 949 1073 968 .

61 989 91 1047 ei
118 988 235 1048 dixeris
258 989 295 1065 si,
319 989 398 1050 unde
421 990 532 1070 probas
555 990 683 1070 liguram
704 989 754 1050 hio
775 1007 853 1064 esse,
876 993 989 1049 stoon·

63 1071 254 1132 trahendum
284 1071 376 1132 esse?
413 1073 595 1154 respondet:
638 1072 717 1149 Quia
751 1073 781 1132 in
811 1071 877 1132 aliie
914 1069 990 1132 loois

62 1155 248 1234 Scripturas
271 1155 316 1214 sio
333 1157 493 1232 invenitur,
516 1155 673 1237 (utsupra
693 1155 806 1236 patuit)
832 1161 866 1216 ut
885 1152 927 1214 ibi
936 1150 990 1232 *lt

64 1235 174 1298 Omne
196 1245 290 1316 oaput
313 1257 452 1299 moerens
474 1248 532 1302 eto.
576 1240 634 1301 Ubi
655 1241 763 1300 iterum
787 1237 882 1312 vides,
903 1235 991 1298 Leto·

64 1339 122 1381 mo
147 1321 294 1400 Magistro
317 1321 444 1382 liberum
475 1342 543 1384 esse
566 1324 662 1384 cnivis
683 1322 815 1402 figurare
837 1327 867 1381 et
887 1318 991 1382 ludere

65 1405 99 1462 in
126 1402 290 1484 seripturis
314 1424 370 1484 pro
406 1425 463 1466 sua
496 1407 661 1467 volontate.
708 1406 745 1468 [lt
776 1404 838 1464 boo
865 1407 992 1465 sonatur

64 1487 220 1562 Lovenii,
258 1487 473 1566 magistraliter
493 1489 663 1570 ponderare
695 1487 870 1550 testimonis
893 1484 992 1564 Serip-

66 1579 220 1645 turarum,
242 1569 338 1630 solide
356 1571 478 1648 dooere,
500 1582 528 1632 et
540 1573 668 1632 feliciter
678 1573 801 1632 vindere
812 1569 992 1632 haereticos.

66 1652 152 1712 Nam
187 1651 248 1714 boo
277 1653 451 1732 Magisterio
485 1675 544 1736 ego
585 1653 674 1716 inoils
706 1651 868 1716 delendam
900 1653 989 1712 istem

68 1734 176 1796 lsoise
198 1736 409 1812 autoritatem,
442 1738 540 1798 solum
571 1757 663 1798 unum
685 1736 830 1798 ludseum
865 1734 991 1814 impium

69 1817 259 1897 significare,
282 1828 312 1878 et
332 1820 502 1899 prohibebo
525 1821 685 1883 Latomum
707 1837 846 1899 quoquo,
869 1837 907 1879 ne
929 1815 993 1878 illo·

69 1922 142 1962 rum
165 1901 296 1962 iustitias
325 1922 364 1962 su
387 1905 445 1964 isto
467 1904 536 1965 lono
564 1901 737 1966 immundas
758 1903 861 1964 iuuere
905 1899 991 1972 ussit,

71 1992 102 2044 at
127 1984 229 2044 loeum
254 1984 335 2044 buno
357 1988 399 2044 eis
422 1996 537 2066 aptore,
559 1989 589 2048 in
612 1987 693 2050 buno
715 1985 853 2047 modum:
875 1920 907 2046 di
931 1982 994 2045 dix·

72 2068 149 2142 erit,
172 2065 287 2128 Omnes
312 2078 432 2130 vestrae
454 2070 586 2132 iustitias
607 2079 678 2130 sunt
698 2067 845 2149 pollutae,
866 2084 993 2145 respon-

74 2149 170 2230 debo,
191 2149 252 2210 boo
273 2151 512 2213 contrabendum
528 2162 575 2214 est
596 2154 675 2214 siout
686 2151 770 2229 illud,
792 2151 891 2212 Omne
904 2155 996 2228 oeput

75 2251 237 2309 moerens,
265 2233 303 2292 nd
326 2234 446 2313 sliquos
469 2241 593 2317 propter
620 2235 758 2316 liguram.
804 2235 844 2296 At
866 2231 997 2310 aooipia·

75 2334 147 2378 urus
169 2315 238 2378 illos
263 2317 392 2397 aliquos,
415 2329 445 2379 et
462 2321 521 2380 siut
541 2319 612 2395 duo,
636 2320 836 2396 dicamusque
857 2317 912 2391 eis,
926 2313 996 2376 Om-

75 2418 133 2462 nes
146 2397 280 2460 iustitiae
300 2407 419 2462 vestroe
431 2401 584 2482 pollutae,
606 2401 718 2475 dicent,
739 2401 820 2474 Non,
843 2395 998 2476 sstdgura

77 2481 259 2560 locutionis,
283 2482 332 2542 ubi
355 2491 451 2544 totum
475 2504 531 2564 pro
553 2492 639 2564 porte
655 2484 790 2546 sumitur.
814 2482 998 2543 Videmurne

78 2564 151 2642 tibi,
175 2563 280 2641 tentor,
302 2565 427 2645 pulchre
443 2567 658 2647 theologisoti?
679 2567 757 2630 Nam
782 2585 850 2626 oum
870 2563 998 2626 Letomo

80 2647 158 2708 satis
180 2648 219 2707 sit
241 2666 259 2705 a
280 2648 370 2708 simili
393 2650 423 2711 iu
448 2649 611 2730 Soripturie
633 2668 781 2731 pugnare,
803 2645 905 2723 oredo,
929 2646 1000 2724 quia

80 2729 178 2792 semel
200 2725 308 2809 legerit
330 2732 476 2812 virginem
500 2734 673 2813 peperisse,
695 2732 828 2793 iaeturus
851 2731 891 2790 sit
912 2728 1000 2808 virgi-

81 2833 137 2874 nes
162 2821 273 2874 matres
286 2816 406 2892 quoties
419 2816 514 2894 volet,
537 2823 709 2891 eontentus,
732 2815 875 2894 quieboo
896 2814 926 2872 in
949 2811 1000 2872 aii·

82 2915 146 2976 quo
170 2895 238 2957 loeo
262 2897 306 2956 sio
329 2899 495 2979 contigisse
518 2898 679 2960 ostendere
701 2898 808 2979 possit.

168 2977 245 3038 Vidn
268 2979 370 3058 itaque
392 2982 492 3044 studia
504 2989 535 3042 et
546 3001 646 3043 mores
662 2980 879 3061 sophistarum,
893 2976 1002 3056 quibus

84 3059 168 3122 aliud
191 3081 253 3122 non
275 3062 407 3141 leniunt,
441 3084 532 3144 quem
570 3077 602 3124 ut
624 3065 708 3126 varia
742 3070 775 3123 et
797 3061 1003 3134 inoonstantin

84 3147 145 3204 sint
167 3145 280 3205 omnio.
324 3145 417 3212 Suum
441 3148 515 3206 illud
530 3146 737 3225 denrntebnm,
760 3145 934 3206 Anatbemn
955 3143 1002 3216 sit,

84 3230 135 3307 qui
158 3227 284 3304 dixerit,
320 3229 464 3292 mandata
485 3231 539 3292 Dei
579 3251 647 3290 esse
668 3226 885 3308 impossibilia,
918 3233 1002 3285 tento

85 3313 203 3390 rigore,
225 3317 309 3372 tante
330 3314 519 3390 pertinacia,
543 3321 573 3372 nt
596 3312 689 3374 verba
710 3321 831 3385 sonant,
854 3314 1004 3385 statuunt,

87 3404 118 3453 ut
140 3412 265 3474 prorsus
299 3393 447 3475 syllabam
482 3397 551 3476 piae
583 3397 707 3476 glossae
738 3413 800 3454 uon
834 3391 1004 3463 admittant,

88 3483 183 3538 totum
198 3476 341 3539 muudum
366 3479 597 3592 baeretioautes,
620 3480 644 3540 si
668 3477 738 3560 quid
752 3485 860 3540 eontra
885 3473 1000 3540 mutiat·

163 3680 193 3746 *l
215 3677 276 3737 lsai,
300 3683 325 3740 1.
