2254 4008
127 145 172 216 ab
382 148 429 206 o·
444 149 522 220 onya
542 149 641 219 satyr
659 151 800 208 memo·

126 311 161 368 ut
181 305 203 366 1.
226 303 362 370 corinth.
385 306 413 368 2.
431 304 525 368 dicit:
548 304 636 381 Quae
656 305 861 385 esthristus,
883 308 933 385 qai
955 303 1000 366 ob
1019 303 1053 364 td

126 390 226 468 ipsum
240 389 331 452 etiam
344 407 405 450 uos
417 390 616 466 eognosoitur
632 390 819 469 principibus
831 390 918 450 huius
930 387 1055 460 muudi,

126 471 208 532 unde
238 477 269 532 et
301 491 369 534 eum
402 471 633 543 erucifixerunt,
666 479 697 533 et
723 472 823 534 odbua
851 479 953 533 manet
986 473 1055 532 eius

97 577 103 584 ’
127 555 261 624 stultitia,
287 554 477 633 scandalum,
499 555 577 634 lapis
589 555 778 630 offensionis,
802 564 832 616 et
848 557 981 636 siguum,
1006 555 1054 614 oui

110 637 354 702 ,suotradidituu
414 637 529 702 Horum
569 641 781 718 mysteriorum
823 639 1056 718 dispensatores

127 726 219 782 vocat
247 719 487 798 praedicatores,
510 722 581 796 ouis
608 722 788 800 praedicant
810 722 973 796 Christum,
997 721 1056 780 vir·

126 810 273 866 tutemet
302 804 483 881 sapientiam
505 805 580 878 Dei,
609 805 661 866 sed
684 806 743 880 ita,
775 811 824 881 ut,
847 805 902 864 uisi
932 803 1055 878 eredas,

125 907 187 948 non
216 886 469 964 eomprehendam.
519 887 592 951 Ideo
620 895 844 949 sacramentum
873 887 1055 966 mysterium

126 976 305 1046 secretaque
326 989 375 1034 res
395 976 459 1042 eet,
487 989 566 1048 quae
588 970 688 1032 verbis
711 971 878 1044 indioatur,
907 970 962 1030 sed
993 967 1056 1028 fide

126 1052 227 1113 eordis
248 1053 376 1131 eapitur.
418 1053 492 1113 Tute
513 1060 570 1128 est,
592 1053 676 1131 quod
699 1059 859 1133 praesente
880 1053 950 1113 iooo
976 1052 1054 1110 diei·
1109 1099 1116 1116 .

125 1141 187 1198 tur:
212 1135 383 1200 Eruutduo
404 1137 434 1200 iu
459 1155 549 1198 earne
562 1156 633 1214 una,
655 1141 878 1200 sacramentum
891 1135 951 1196 boa
966 1153 1054 1212 mag-

126 1239 197 1279 num
225 1224 287 1291 est,
322 1218 403 1294 quod
431 1219 475 1280 illi
504 1219 542 1282 de
572 1220 766 1282 matrimonio
797 1219 910 1279 dietum
931 1223 1055 1298 putent,

127 1320 195 1362 oum
223 1303 292 1380 ipse
318 1301 428 1364 Paulus
456 1320 493 1362 ea
521 1302 616 1364 verba
643 1302 681 1362 de
709 1303 830 1364 Christo
860 1307 893 1361 et
919 1299 1056 1360 eeclesia

125 1384 289 1456 induxerit,
312 1391 343 1443 et
364 1385 510 1461 seipsum
534 1385 616 1444 eiare
637 1387 816 1464 exposuerit
837 1383 958 1444 dieens:
984 1383 1055 1461 Ego

128 1473 230 1527 autem
253 1466 323 1528 dieo
345 1467 374 1528 in
389 1467 513 1530 Christo
532 1473 565 1527 et
576 1467 716 1528 eoelesia.
759 1467 841 1528 Eooe
863 1485 953 1545 quam
980 1485 1055 1526 eon-

128 1549 258 1612 oordant
278 1549 389 1611 Paulus
410 1555 442 1609 et
461 1549 515 1625 illi,
538 1549 648 1614 Paulus
665 1555 888 1612 saorameotum
906 1567 1054 1627 maguum

126 1633 157 1692 in
181 1631 302 1692 Christo
324 1638 354 1694 et
377 1632 509 1694 ecelesia
534 1653 569 1695 se
591 1633 768 1712 praedicare
790 1632 881 1706 dieit,
911 1631 954 1690 ilii
978 1649 1054 1690 vero

126 1716 156 1776 io
181 1715 317 1776 masculo
346 1721 377 1778 et
406 1715 519 1778 femina
547 1715 734 1796 praedicant.
788 1715 821 1776 si
851 1715 896 1774 sie
925 1714 1002 1774 lieet
1024 1715 1054 1774 in

130 1798 225 1858 eserie
247 1798 341 1862 literis
364 1797 529 1870 iibidiusri,
553 1799 624 1874 quid
644 1800 771 1874 mirum,
793 1799 819 1856 si
841 1796 1003 1876 quodlibet
1023 1798 1054 1856 ia

129 1899 168 1942 ea
188 1880 238 1940 vei
260 1887 382 1940 eentum
404 1887 598 1942 sacramenta
619 1881 692 1944 iicet
712 1879 868 1943 invenire?

211 1963 348 2024 Christus
369 1963 472 2039 itaque
494 1969 526 2024 et
552 1963 685 2026 eeclesia
712 1965 905 2042 mysterium,
933 1961 963 2026 id
998 1969 1054 2038 est,

126 2065 175 2106 res
198 2051 317 2105 seoreta
338 2051 385 2106 est
406 2051 437 2106 et
458 2064 586 2122 magua,
608 2065 688 2124 quae
709 2045 831 2125 figurari
854 2045 974 2125 quidem
1001 2063 1056 2124 per

127 2129 353 2190 matrimonium
378 2147 434 2188 eeu
463 2127 537 2192 resti
564 2129 696 2206 quadam
725 2130 870 2208 allegoria
900 2129 1006 2208 potuit
1025 2133 1056 2187 et

127 2209 241 2288 debuit,
263 2210 316 2270 eed
340 2211 565 2272 matrimonium
589 2230 649 2274 non
665 2211 737 2272 hino
751 2217 973 2286 saoramentum
995 2210 1054 2271 diei

129 2291 241 2354 debuit.
273 2291 358 2356 Coeli
372 2300 443 2352 eunt
456 2291 784 2372 figuraapostoIorum,
799 2301 832 2355 ut
843 2293 953 2356 Psalm.
965 2293 1051 2357 18⁴²r

129 2374 246 2453 dieitur,
269 2376 357 2438 etsol
370 2376 492 2446 Christi,
507 2394 605 2452 aquas
618 2380 812 2456 populorum,
834 2375 887 2436 sed
903 2395 963 2436 noa
981 2376 1053 2436 ideo

129 2465 323 2520 sacramenta
344 2465 424 2534 suat,
447 2457 560 2538 ubique
581 2461 662 2522 euim
688 2459 774 2521 deest
795 2464 827 2518 et
847 2459 999 2518 institutio
1024 2464 1054 2517 et

128 2541 292 2619 promissio
317 2540 427 2615 diviua,
451 2559 529 2619 quae
540 2542 694 2620 integrant
708 2546 941 2604 sacramentum.
964 2539 1054 2602 Unde

128 2623 241 2686 Paulus
262 2624 360 2702 Ephe.
382 2628 410 2688 5.
433 2624 528 2688 rerba
548 2624 600 2688 itia
624 2625 661 2684 de
684 2624 878 2684 matrimonio
902 2622 1001 2684 Gene.
1022 2625 1052 2684 2.

130 2706 211 2766 dieta
233 2707 290 2772 vel-
305 2708 431 2786 proprio
453 2707 560 2786 spiritu
582 2707 620 2768 ad
633 2706 784 2768 Christum
807 2705 909 2784 trabit,
932 2705 980 2764 vei
1005 2725 1053 2782 ge

128 2788 224 2850 nerali
247 2791 398 2852 sententia
417 2791 509 2854 etiam
523 2789 680 2868 spirituale
701 2789 927 2850 matrimonium
943 2787 1053 2848 Gar-isti

130 2872 161 2934 in
185 2889 222 2930 eo
245 2871 388 2936 traditum
419 2873 510 2934 docet
536 2871 655 2936 dioene:
693 2871 779 2934 Siout
805 2870 942 2944 Christus
969 2870 1053 2932 fovet

130 2953 308 3029 eeclesiam,
340 2956 412 3032 quia
440 2953 577 3020 membra
600 2973 703 3016 sumus
734 2955 873 3033 eorporis
902 2953 985 3031 eius,
1015 2952 1053 3012 ds

131 3053 224 3097 earne
247 3036 311 3094 eius
334 3043 365 3096 et
387 3037 425 3096 de
444 3036 582 3100 ossibus·
598 3038 671 3098 eius.
714 3037 843 3116 Propter
877 3036 938 3096 hoo
966 3034 1054 3096 relin-

131 3124 205 3196 quet
225 3117 319 3181 homo
342 3125 459 3197 petrem
483 3124 514 3184 et
535 3126 662 3181 matrem
691 3139 795 3194 suam,
824 3125 856 3179 et
876 3117 1055 3200 udbaerebit

129 3201 220 3262 uxori
239 3219 316 3260 suae
337 3206 368 3264 et
389 3209 477 3263 erunt
499 3200 560 3262 duo
589 3203 618 3260 in
643 3221 734 3262 earne
762 3221 832 3263 uua
876 3199 1053 3265 Saommeu·

129 3288 193 3343 tum
215 3283 277 3344 boo
297 3300 441 3359 magnum
458 3290 512 3356 est,
536 3303 594 3362 ego
618 3283 686 3344 dieo
709 3285 738 3344 in
763 3284 882 3344 Christo
905 3289 939 3343 et
958 3283 1052 3343 eoois·

131 3366 186 3428 sia.
230 3365 324 3425 Vides
353 3365 436 3427 huno
468 3371 565 3426 totum
596 3372 713 3428 textum
738 3366 775 3426 de
797 3365 918 3430 Christo
941 3365 1053 3435 velita

132 3466 166 3507 ee
188 3445 313 3523 dietum,
335 3454 366 3507 et
388 3448 426 3507 de
447 3447 596 3508 industria
609 3449 754 3511 tectorem
771 3453 886 3526 monet,
908 3453 941 3508 ut
956 3466 1052 3509 samar

140 3565 557 3590 “mm

188 3625 220 3697 *)
241 3627 341 3684 Parim
361 3629 418 3684 19μ
489 3665 491 3670 ,
