<?xml version="1.0" encoding="UTF-8"?>
<!DOCTYPE html PUBLIC "-//W3C//DTD XHTML 1.0 Transitional//EN"
    "http://www.w3.org/TR/xhtml1/DTD/xhtml1-transitional.dtd">
<html xmlns="http://www.w3.org/1999/xhtml" xml:lang="en" lang="en">
 <head>
  <title>
</title>
<meta http-equiv="Content-Type" content="text/html;charset=utf-8" />
  <meta name='ocr-system' content='tesseract 3.04.00' />
  <meta name='ocr-capabilities' content='ocr_page ocr_carea ocr_par ocr_line ocrx_word'/>
</head>
<body>
  <div class='ocr_page' id='page_1' title='image "./operalatinavari03schmgoog_0529.png"; bbox 0 0 2250 4008; ppageno 0'>
   <div class='ocr_carea' id='block_1_1' title="bbox 119 159 770 230">
    <p class='ocr_par' dir='ltr' id='par_1_1' title="bbox 119 159 770 230">
     <span class='ocr_line' id='line_1_1' title="bbox 119 159 770 230; baseline -0.031 0"><span class='ocrx_word' id='word_1_1' title='bbox 119 161 182 230; x_wconf 78' lang='lat'><strong>518</strong></span> <span class='ocrx_word' id='word_1_2' title='bbox 416 159 574 216; x_wconf 78' lang='grc' dir='ltr'>οοιιιιιιιο</span> <span class='ocrx_word' id='word_1_3' title='bbox 592 159 770 214; x_wconf 67' lang='lat' dir='ltr'><strong>natiso-m.</strong></span> 
     </span>
    </p>
   </div>
   <div class='ocr_carea' id='block_1_2' title="bbox 120 315 1122 3541">
    <p class='ocr_par' dir='ltr' id='par_1_2' title="bbox 120 315 1049 2133">
     <span class='ocr_line' id='line_1_2' title="bbox 120 315 1044 402; baseline -0.009 -20"><span class='ocrx_word' id='word_1_4' title='bbox 120 318 327 397; x_wconf 69' lang='lat' dir='ltr'>damnabiles,</span> <span class='ocrx_word' id='word_1_5' title='bbox 357 321 401 381; x_wconf 80' lang='lat' dir='ltr'><strong>its</strong></span> <span class='ocrx_word' id='word_1_6' title='bbox 420 318 464 380; x_wconf 87' lang='lat' dir='ltr'><strong>ilii</strong></span> <span class='ocrx_word' id='word_1_7' title='bbox 488 321 541 395; x_wconf 90' lang='grc' dir='ltr'>(ιιι</span> <span class='ocrx_word' id='word_1_8' title='bbox 561 321 607 382; x_wconf 81' lang='grc' dir='ltr'><strong>ιιι</strong></span> <span class='ocrx_word' id='word_1_9' title='bbox 627 318 746 402; x_wconf 82' lang='lat' dir='ltr'><strong>diuum)</strong></span> <span class='ocrx_word' id='word_1_10' title='bbox 769 318 951 401; x_wconf 80' lang='lat' dir='ltr'><strong>hypomitue</strong></span> <span class='ocrx_word' id='word_1_11' title='bbox 974 315 1044 395; x_wconf 79' lang='lat' dir='ltr'><strong>qni·</strong></span> 
     </span>
     <span class='ocr_line' id='line_1_3' title="bbox 120 405 1045 485; baseline -0.006 -19"><span class='ocrx_word' id='word_1_12' title='bbox 120 405 189 466; x_wconf 86' lang='lat' dir='ltr'><strong>dem</strong></span> <span class='ocrx_word' id='word_1_13' title='bbox 212 405 370 482; x_wconf 78' lang='lat' dir='ltr'><strong>solutores,</strong></span> <span class='ocrx_word' id='word_1_14' title='bbox 394 405 465 485; x_wconf 82' lang='lat' dir='ltr'><strong>quin</strong></span> <span class='ocrx_word' id='word_1_15' title='bbox 487 424 579 467; x_wconf 85' lang='lat' dir='ltr'><strong>uerus</strong></span> <span class='ocrx_word' id='word_1_16' title='bbox 597 406 732 466; x_wconf 86' lang='lat' dir='ltr'><strong>serviunt</strong></span> <span class='ocrx_word' id='word_1_17' title='bbox 753 410 895 484; x_wconf 74' lang='lat' dir='ltr'><strong>perusto,</strong></span> <span class='ocrx_word' id='word_1_18' title='bbox 916 411 948 465; x_wconf 86' lang='lat' dir='ltr'><strong>et</strong></span> <span class='ocrx_word' id='word_1_19' title='bbox 972 407 1045 462; x_wconf 86' lang='lat' dir='ltr'><strong>sunt</strong></span> 
     </span>
     <span class='ocr_line' id='line_1_4' title="bbox 121 487 1044 569; baseline -0.004 -21"><span class='ocrx_word' id='word_1_20' title='bbox 121 487 192 548; x_wconf 83' lang='lat' dir='ltr'><strong>ursii</strong></span> <span class='ocrx_word' id='word_1_21' title='bbox 213 489 243 548; x_wconf 91' lang='lat' dir='ltr'><strong>in</strong></span> <span class='ocrx_word' id='word_1_22' title='bbox 265 489 411 569; x_wconf 82' lang='lat' dir='ltr'><strong>speeiem,</strong></span> <span class='ocrx_word' id='word_1_23' title='bbox 433 488 505 548; x_wconf 92' lang='lat' dir='ltr'><strong>boui</strong></span> <span class='ocrx_word' id='word_1_24' title='bbox 527 497 628 550; x_wconf 78' lang='lat' dir='ltr'><strong>nutem</strong></span> <span class='ocrx_word' id='word_1_25' title='bbox 650 490 681 548; x_wconf 92' lang='lat' dir='ltr'><strong>iu</strong></span> <span class='ocrx_word' id='word_1_26' title='bbox 705 489 840 550; x_wconf 78' lang='lat' dir='ltr'><strong>venitote.</strong></span> <span class='ocrx_word' id='word_1_27' title='bbox 885 487 990 567; x_wconf 81' lang='lat' dir='ltr'><strong>Atque</strong></span> <span class='ocrx_word' id='word_1_28' title='bbox 1012 493 1044 545; x_wconf 90' lang='lat' dir='ltr'><strong>ut</strong></span> 
     </span>
     <span class='ocr_line' id='line_1_5' title="bbox 121 567 1044 654; baseline -0.003 -22"><span class='ocrx_word' id='word_1_29' title='bbox 121 590 216 651; x_wconf 83' lang='lat' dir='ltr'><strong>opero</strong></span> <span class='ocrx_word' id='word_1_30' title='bbox 249 572 476 654; x_wconf 75' lang='lat' dir='ltr'><strong>hypocriterum</strong></span> <span class='ocrx_word' id='word_1_31' title='bbox 506 581 634 642; x_wconf 87' lang='lat' dir='ltr'><strong>externe</strong></span> <span class='ocrx_word' id='word_1_32' title='bbox 670 591 731 633; x_wconf 92' lang='lat' dir='ltr'><strong>uon</strong></span> <span class='ocrx_word' id='word_1_33' title='bbox 760 578 831 631; x_wconf 89' lang='lat' dir='ltr'><strong>sunt</strong></span> <span class='ocrx_word' id='word_1_34' title='bbox 861 570 952 648; x_wconf 89' lang='lat' dir='ltr'><strong>nihil,</strong></span> <span class='ocrx_word' id='word_1_35' title='bbox 990 567 1044 629; x_wconf 85' lang='lat' dir='ltr'><strong>sed</strong></span> 
     </span>
     <span class='ocr_line' id='line_1_6' title="bbox 121 654 1046 737; baseline -0.004 -21"><span class='ocrx_word' id='word_1_36' title='bbox 121 674 194 716; x_wconf 84' lang='lat' dir='ltr'><strong>vere</strong></span> <span class='ocrx_word' id='word_1_37' title='bbox 217 656 302 716; x_wconf 82' lang='lat' dir='ltr'><strong>utilis</strong></span> <span class='ocrx_word' id='word_1_38' title='bbox 323 664 356 717; x_wconf 86' lang='lat' dir='ltr'><strong>et</strong></span> <span class='ocrx_word' id='word_1_39' title='bbox 376 655 472 732; x_wconf 86' lang='lat' dir='ltr'><strong>bonu,</strong></span> <span class='ocrx_word' id='word_1_40' title='bbox 506 659 578 737; x_wconf 87' lang='lat' dir='ltr'><strong>quis</strong></span> <span class='ocrx_word' id='word_1_41' title='bbox 599 663 758 718; x_wconf 80' lang='lat' dir='ltr'><strong>erueturne</strong></span> <span class='ocrx_word' id='word_1_42' title='bbox 781 655 838 715; x_wconf 84' lang='lat' dir='ltr'><strong>Dei</strong></span> <span class='ocrx_word' id='word_1_43' title='bbox 858 654 966 732; x_wconf 85' lang='lat' dir='ltr'><strong>utiles,</strong></span> <span class='ocrx_word' id='word_1_44' title='bbox 1003 654 1046 712; x_wconf 82' lang='lat' dir='ltr'><strong>itu</strong></span> 
     </span>
     <span class='ocr_line' id='line_1_7' title="bbox 121 739 1046 820; baseline -0.002 -22"><span class='ocrx_word' id='word_1_45' title='bbox 121 747 250 820; x_wconf 80' lang='lat' dir='ltr'><strong>pouosto</strong></span> <span class='ocrx_word' id='word_1_46' title='bbox 271 741 419 800; x_wconf 86' lang='lat' dir='ltr'><strong>iustorum</strong></span> <span class='ocrx_word' id='word_1_47' title='bbox 443 759 515 800; x_wconf 82' lang='lat' dir='ltr'><strong>rere</strong></span> <span class='ocrx_word' id='word_1_48' title='bbox 536 741 619 800; x_wconf 81' lang='lat' dir='ltr'><strong>muln</strong></span> <span class='ocrx_word' id='word_1_49' title='bbox 645 747 676 800; x_wconf 87' lang='lat' dir='ltr'><strong>et</strong></span> <span class='ocrx_word' id='word_1_50' title='bbox 703 739 813 815; x_wconf 84' lang='lat' dir='ltr'><strong>noxie,</strong></span> <span class='ocrx_word' id='word_1_51' title='bbox 846 739 920 818; x_wconf 80' lang='lat' dir='ltr'><strong>quio</strong></span> <span class='ocrx_word' id='word_1_52' title='bbox 948 755 1046 816; x_wconf 81' lang='lat' dir='ltr'><strong>opero</strong></span> 
     </span>
     <span class='ocr_line' id='line_1_8' title="bbox 122 818 1046 904; baseline -0.005 -21"><span class='ocrx_word' id='word_1_53' title='bbox 122 824 259 904; x_wconf 80' lang='lat' dir='ltr'><strong>pennoti,</strong></span> <span class='ocrx_word' id='word_1_54' title='bbox 291 830 382 902; x_wconf 83' lang='lat' dir='ltr'><strong>etque</strong></span> <span class='ocrx_word' id='word_1_55' title='bbox 412 830 444 882; x_wconf 86' lang='lat' dir='ltr'><strong>ut</strong></span> <span class='ocrx_word' id='word_1_56' title='bbox 466 843 560 903; x_wconf 83' lang='lat' dir='ltr'><strong>opero</strong></span> <span class='ocrx_word' id='word_1_57' title='bbox 584 823 637 884; x_wconf 86' lang='lat' dir='ltr'><strong>ilie</strong></span> <span class='ocrx_word' id='word_1_58' title='bbox 666 823 834 904; x_wconf 74' lang='lat' dir='ltr'><strong>hypocritis</strong></span> <span class='ocrx_word' id='word_1_59' title='bbox 864 821 948 882; x_wconf 85' lang='lat' dir='ltr'><strong>bone</strong></span> <span class='ocrx_word' id='word_1_60' title='bbox 970 818 1046 880; x_wconf 86' lang='lat' dir='ltr'><strong>nihil</strong></span> 
     </span>
     <span class='ocr_line' id='line_1_9' title="bbox 123 904 1046 988; baseline -0.003 -23"><span class='ocrx_word' id='word_1_61' title='bbox 123 915 268 987; x_wconf 83' lang='lat' dir='ltr'><strong>prosunt,</strong></span> <span class='ocrx_word' id='word_1_62' title='bbox 298 908 343 967; x_wconf 82' lang='lat' dir='ltr'><strong>ite</strong></span> <span class='ocrx_word' id='word_1_63' title='bbox 371 906 459 966; x_wconf 86' lang='lat' dir='ltr'><strong>iustis</strong></span> <span class='ocrx_word' id='word_1_64' title='bbox 489 927 546 968; x_wconf 82' lang='lat' dir='ltr'><strong>sus</strong></span> <span class='ocrx_word' id='word_1_65' title='bbox 574 913 702 988; x_wconf 79' lang='lat' dir='ltr'><strong>possete</strong></span> <span class='ocrx_word' id='word_1_66' title='bbox 730 908 790 966; x_wconf 84' lang='lat' dir='ltr'><strong>istu</strong></span> <span class='ocrx_word' id='word_1_67' title='bbox 822 904 897 966; x_wconf 81' lang='lat' dir='ltr'><strong>nihil</strong></span> <span class='ocrx_word' id='word_1_68' title='bbox 919 909 1046 964; x_wconf 86' lang='lat' dir='ltr'><strong>noeent.</strong></span> 
     </span>
     <span class='ocr_line' id='line_1_10' title="bbox 122 986 1046 1070; baseline -0.005 -20"><span class='ocrx_word' id='word_1_69' title='bbox 122 988 254 1064; x_wconf 75' lang='lat' dir='ltr'><strong>Quando</strong></span> <span class='ocrx_word' id='word_1_70' title='bbox 283 1008 358 1070; x_wconf 82' lang='lat' dir='ltr'><strong>ergo</strong></span> <span class='ocrx_word' id='word_1_71' title='bbox 391 1008 450 1069; x_wconf 85' lang='lat' dir='ltr'><strong>ego</strong></span> <span class='ocrx_word' id='word_1_72' title='bbox 482 989 561 1066; x_wconf 82' lang='lat' dir='ltr'><strong>dixi,</strong></span> <span class='ocrx_word' id='word_1_73' title='bbox 594 989 751 1069; x_wconf 88' lang='lat' dir='ltr'><strong>quomodo</strong></span> <span class='ocrx_word' id='word_1_74' title='bbox 786 990 854 1048; x_wconf 83' lang='lat' dir='ltr'><strong>sins</strong></span> <span class='ocrx_word' id='word_1_75' title='bbox 882 1007 978 1049; x_wconf 83' lang='lat' dir='ltr'><strong>onrne</strong></span> <span class='ocrx_word' id='word_1_76' title='bbox 998 986 1046 1046; x_wconf 84' lang='lat' dir='ltr'><strong>vei</strong></span> 
     </span>
     <span class='ocr_line' id='line_1_11' title="bbox 123 1072 1047 1154; baseline -0.003 -22"><span class='ocrx_word' id='word_1_77' title='bbox 123 1072 281 1134; x_wconf 83' lang='lat' dir='ltr'><strong>voluntute</strong></span> <span class='ocrx_word' id='word_1_78' title='bbox 302 1074 402 1133; x_wconf 83' lang='lat' dir='ltr'><strong>nornis</strong></span> <span class='ocrx_word' id='word_1_79' title='bbox 424 1075 545 1152; x_wconf 81' lang='lat' dir='ltr'><strong>operari</strong></span> <span class='ocrx_word' id='word_1_80' title='bbox 578 1080 696 1154; x_wconf 76' lang='lat' dir='ltr'><strong>potest,</strong></span> <span class='ocrx_word' id='word_1_81' title='bbox 731 1073 782 1151; x_wconf 90' lang='lat' dir='ltr'><strong>qui</strong></span> <span class='ocrx_word' id='word_1_82' title='bbox 811 1074 877 1132; x_wconf 87' lang='lat' dir='ltr'><strong>sine</strong></span> <span class='ocrx_word' id='word_1_83' title='bbox 905 1089 944 1132; x_wconf 84' lang='lat' dir='ltr'><strong>en</strong></span> <span class='ocrx_word' id='word_1_84' title='bbox 979 1087 1047 1130; x_wconf 82' lang='lat' dir='ltr'><strong>esse</strong></span> 
     </span>
     <span class='ocr_line' id='line_1_12' title="bbox 123 1154 1047 1238; baseline -0.004 -22"><span class='ocrx_word' id='word_1_85' title='bbox 123 1175 185 1216; x_wconf 92' lang='lat' dir='ltr'><strong>non</strong></span> <span class='ocrx_word' id='word_1_86' title='bbox 220 1161 339 1235; x_wconf 84' lang='lat' dir='ltr'><strong>potest,</strong></span> <span class='ocrx_word' id='word_1_87' title='bbox 376 1175 479 1216; x_wconf 84' lang='lat' dir='ltr'><strong>nonne</strong></span> <span class='ocrx_word' id='word_1_88' title='bbox 515 1156 704 1238; x_wconf 77' lang='lat' dir='ltr'>ineptissime</span> <span class='ocrx_word' id='word_1_89' title='bbox 734 1157 880 1218; x_wconf 83' lang='lat' dir='ltr'><strong>Lutomus</strong></span> <span class='ocrx_word' id='word_1_90' title='bbox 916 1154 1047 1234; x_wconf 89' lang='lat' dir='ltr'><strong>opponit</strong></span> 
     </span>
     <span class='ocr_line' id='line_1_13' title="bbox 123 1235 1046 1323; baseline -0.005 -23"><span class='ocrx_word' id='word_1_91' title='bbox 123 1237 373 1322; x_wconf 73' lang='lat' dir='ltr'><strong>iilud·Peuli⁸):</strong></span> <span class='ocrx_word' id='word_1_92' title='bbox 396 1238 462 1300; x_wconf 74' lang='lat' dir='ltr'><strong>hui</strong></span> <span class='ocrx_word' id='word_1_93' title='bbox 482 1241 513 1299; x_wconf 89' lang='lat' dir='ltr'><strong>in</strong></span> <span class='ocrx_word' id='word_1_94' title='bbox 537 1259 639 1323; x_wconf 82' lang='lat' dir='ltr'><strong>earne,</strong></span> <span class='ocrx_word' id='word_1_95' title='bbox 662 1259 724 1300; x_wconf 91' lang='lat' dir='ltr'><strong>uon</strong></span> <span class='ocrx_word' id='word_1_96' title='bbox 748 1247 850 1300; x_wconf 79' lang='lat' dir='ltr'><strong>tomen</strong></span> <span class='ocrx_word' id='word_1_97' title='bbox 875 1235 1046 1298; x_wconf 84' lang='lat' dir='ltr'><strong>seeundum</strong></span> 
     </span>
     <span class='ocr_line' id='line_1_14' title="bbox 123 1321 1047 1403; baseline -0.005 -20"><span class='ocrx_word' id='word_1_98' title='bbox 123 1341 246 1384; x_wconf 78' lang='lat' dir='ltr'><strong>onmem</strong></span> <span class='ocrx_word' id='word_1_99' title='bbox 276 1322 491 1383; x_wconf 71' lang='lat' dir='ltr'><strong>ambulamus?</strong></span> <span class='ocrx_word' id='word_1_100' title='bbox 527 1325 615 1403; x_wconf 81' lang='lat' dir='ltr'><strong>qussi</strong></span> <span class='ocrx_word' id='word_1_101' title='bbox 635 1324 689 1402; x_wconf 89' lang='lat' dir='ltr'><strong>sit,</strong></span> <span class='ocrx_word' id='word_1_102' title='bbox 722 1321 890 1384; x_wconf 82' lang='lat' dir='ltr'><strong>seeundum</strong></span> <span class='ocrx_word' id='word_1_103' title='bbox 923 1337 1047 1380; x_wconf 81' lang='lat' dir='ltr'><strong>our-uem</strong></span> 
     </span>
     <span class='ocr_line' id='line_1_15' title="bbox 124 1404 1049 1486; baseline -0.004 -20"><span class='ocrx_word' id='word_1_104' title='bbox 124 1404 297 1483; x_wconf 81' lang='lat' dir='ltr'><strong>umbuior&#39;e,</strong></span> <span class='ocrx_word' id='word_1_105' title='bbox 333 1405 456 1486; x_wconf 83' lang='lat' dir='ltr'><strong>quondo</strong></span> <span class='ocrx_word' id='word_1_106' title='bbox 487 1407 553 1467; x_wconf 89' lang='lat' dir='ltr'><strong>sine</strong></span> <span class='ocrx_word' id='word_1_107' title='bbox 575 1425 668 1468; x_wconf 81' lang='lat' dir='ltr'><strong>neruo</strong></span> <span class='ocrx_word' id='word_1_108' title='bbox 690 1426 752 1467; x_wconf 91' lang='lat' dir='ltr'><strong>nou</strong></span> <span class='ocrx_word' id='word_1_109' title='bbox 777 1423 961 1486; x_wconf 81' lang='lat' dir='ltr'><strong>operamur,</strong></span> <span class='ocrx_word' id='word_1_110' title='bbox 995 1421 1049 1482; x_wconf 85' lang='lat' dir='ltr'><strong>per</strong></span> 
     </span>
     <span class='ocr_line' id='line_1_16' title="bbox 125 1488 1048 1569; baseline -0.002 -21"><span class='ocrx_word' id='word_1_111' title='bbox 125 1488 207 1569; x_wconf 91' lang='lat' dir='ltr'><strong>quod</strong></span> <span class='ocrx_word' id='word_1_112' title='bbox 229 1489 295 1550; x_wconf 88' lang='lat' dir='ltr'><strong>vult</strong></span> <span class='ocrx_word' id='word_1_113' title='bbox 314 1488 558 1565; x_wconf 80' lang='lat' dir='ltr'><strong>similitudinem,</strong></span> <span class='ocrx_word' id='word_1_114' title='bbox 582 1495 672 1569; x_wconf 85' lang='lat' dir='ltr'><strong>quom</strong></span> <span class='ocrx_word' id='word_1_115' title='bbox 696 1489 734 1550; x_wconf 84' lang='lat' dir='ltr'><strong>de</strong></span> <span class='ocrx_word' id='word_1_116' title='bbox 754 1491 960 1549; x_wconf 84' lang='lat' dir='ltr'><strong>instrumento</strong></span> <span class='ocrx_word' id='word_1_117' title='bbox 985 1503 1048 1547; x_wconf 84' lang='lat' dir='ltr'><strong>oon·</strong></span> 
     </span>
     <span class='ocr_line' id='line_1_17' title="bbox 125 1571 1048 1652; baseline -0.005 -20"><span class='ocrx_word' id='word_1_118' title='bbox 125 1591 197 1633; x_wconf 89' lang='lat' dir='ltr'><strong>roso</strong></span> <span class='ocrx_word' id='word_1_119' title='bbox 220 1571 291 1632; x_wconf 91' lang='lat' dir='ltr'><strong>dedi</strong></span> <span class='ocrx_word' id='word_1_120' title='bbox 314 1579 514 1652; x_wconf 84' lang='lat' dir='ltr'><strong>sveouutam,</strong></span> <span class='ocrx_word' id='word_1_121' title='bbox 547 1572 626 1634; x_wconf 83' lang='lat' dir='ltr'><strong>odeo</strong></span> <span class='ocrx_word' id='word_1_122' title='bbox 657 1573 730 1634; x_wconf 89' lang='lat' dir='ltr'><strong>nihii</strong></span> <span class='ocrx_word' id='word_1_123' title='bbox 762 1571 847 1632; x_wconf 85' lang='lat' dir='ltr'><strong>ridet</strong></span> <span class='ocrx_word' id='word_1_124' title='bbox 867 1571 930 1631; x_wconf 83' lang='lat' dir='ltr'><strong>hou</strong></span> <span class='ocrx_word' id='word_1_125' title='bbox 951 1587 1048 1650; x_wconf 87' lang='lat' dir='ltr'><strong>genus</strong></span> 
     </span>
     <span class='ocr_line' id='line_1_18' title="bbox 125 1655 1046 1736; baseline -0.005 -21"><span class='ocrx_word' id='word_1_126' title='bbox 125 1655 335 1736; x_wconf 85' lang='lat' dir='ltr'><strong>sophistioum.</strong></span> <span class='ocrx_word' id='word_1_127' title='bbox 379 1656 490 1716; x_wconf 74' lang='lat' dir='ltr'><strong>Paulus</strong></span> <span class='ocrx_word' id='word_1_128' title='bbox 512 1658 605 1716; x_wconf 87' lang='lat' dir='ltr'><strong>servit</strong></span> <span class='ocrx_word' id='word_1_129' title='bbox 618 1675 710 1717; x_wconf 86' lang='lat' dir='ltr'><strong>eerne</strong></span> <span class='ocrx_word' id='word_1_130' title='bbox 731 1661 873 1736; x_wconf 82' lang='lat' dir='ltr'><strong>posonio,</strong></span> <span class='ocrx_word' id='word_1_131' title='bbox 892 1660 924 1714; x_wconf 90' lang='lat' dir='ltr'><strong>et</strong></span> <span class='ocrx_word' id='word_1_132' title='bbox 945 1660 1046 1713; x_wconf 83' lang='lat' dir='ltr'><strong>tomen</strong></span> 
     </span>
     <span class='ocr_line' id='line_1_19' title="bbox 126 1736 1046 1818; baseline -0.004 -20"><span class='ocrx_word' id='word_1_133' title='bbox 126 1758 187 1799; x_wconf 93' lang='lat' dir='ltr'><strong>non</strong></span> <span class='ocrx_word' id='word_1_134' title='bbox 212 1737 348 1799; x_wconf 80' lang='lat' dir='ltr'><strong>ambulet</strong></span> <span class='ocrx_word' id='word_1_135' title='bbox 369 1737 536 1798; x_wconf 84' lang='lat' dir='ltr'><strong>seeundum</strong></span> <span class='ocrx_word' id='word_1_136' title='bbox 551 1757 685 1818; x_wconf 82' lang='lat' dir='ltr'><strong>earnem,</strong></span> <span class='ocrx_word' id='word_1_137' title='bbox 707 1756 884 1818; x_wconf 77' lang='lat' dir='ltr'><strong>quenquam</strong></span> <span class='ocrx_word' id='word_1_138' title='bbox 899 1753 960 1797; x_wconf 86' lang='lat' dir='ltr'><strong>neo</strong></span> <span class='ocrx_word' id='word_1_139' title='bbox 972 1736 1046 1795; x_wconf 83' lang='lat' dir='ltr'><strong>Pnu-</strong></span> 
     </span>
     <span class='ocr_line' id='line_1_20' title="bbox 129 1819 1046 1902; baseline -0.005 -20"><span class='ocrx_word' id='word_1_140' title='bbox 129 1823 190 1882; x_wconf 88' lang='lat' dir='ltr'><strong>ium</strong></span> <span class='ocrx_word' id='word_1_141' title='bbox 213 1828 296 1882; x_wconf 86' lang='lat' dir='ltr'><strong>rente</strong></span> <span class='ocrx_word' id='word_1_142' title='bbox 318 1822 391 1882; x_wconf 75' lang='lat' dir='ltr'><strong>uitet</strong></span> <span class='ocrx_word' id='word_1_143' title='bbox 413 1821 601 1902; x_wconf 77' lang='lat' dir='ltr'><strong>ponderator</strong></span> <span class='ocrx_word' id='word_1_144' title='bbox 621 1823 673 1883; x_wconf 88' lang='lat' dir='ltr'><strong>ilie</strong></span> <span class='ocrx_word' id='word_1_145' title='bbox 693 1821 951 1896; x_wconf 78' lang='lat' dir='ltr'><strong>testimoniorum,</strong></span> <span class='ocrx_word' id='word_1_146' title='bbox 973 1819 1046 1878; x_wconf 80' lang='lat' dir='ltr'><strong>Pou-</strong></span> 
     </span>
     <span class='ocr_line' id='line_1_21' title="bbox 129 1903 1045 1970; baseline -0.002 -6"><span class='ocrx_word' id='word_1_147' title='bbox 129 1905 175 1965; x_wconf 87' lang='lat' dir='ltr'><strong>ius</strong></span> <span class='ocrx_word' id='word_1_148' title='bbox 197 1906 277 1965; x_wconf 85' lang='lat' dir='ltr'><strong>euim</strong></span> <span class='ocrx_word' id='word_1_149' title='bbox 311 1904 424 1968; x_wconf 71' lang='lat' dir='ltr'><strong>distet</strong></span> <span class='ocrx_word' id='word_1_150' title='bbox 447 1904 583 1968; x_wconf 84' lang='lat' dir='ltr'><strong>Corinth.</strong></span> <span class='ocrx_word' id='word_1_151' title='bbox 608 1907 660 1970; x_wconf 86' lang='lat'><strong>10:</strong></span> <span class='ocrx_word' id='word_1_152' title='bbox 703 1905 737 1966; x_wconf 91' lang='lat' dir='ltr'><strong>In</strong></span> <span class='ocrx_word' id='word_1_153' title='bbox 768 1923 861 1965; x_wconf 81' lang='lat' dir='ltr'><strong>earne</strong></span> <span class='ocrx_word' id='word_1_154' title='bbox 883 1903 964 1964; x_wconf 87' lang='lat' dir='ltr'><strong>enim</strong></span> <span class='ocrx_word' id='word_1_155' title='bbox 988 1919 1045 1962; x_wconf 80' lang='lat' dir='ltr'><strong>sm·</strong></span> 
     </span>
     <span class='ocr_line' id='line_1_22' title="bbox 126 1987 1045 2065; baseline -0.004 -17"><span class='ocrx_word' id='word_1_156' title='bbox 126 1987 282 2065; x_wconf 87' lang='lat' dir='ltr'><strong>buisntes,</strong></span> <span class='ocrx_word' id='word_1_157' title='bbox 317 1995 505 2050; x_wconf 84' lang='lat' dir='ltr'><strong>nontamen</strong></span> <span class='ocrx_word' id='word_1_158' title='bbox 534 1989 701 2049; x_wconf 83' lang='lat' dir='ltr'><strong>seeundum</strong></span> <span class='ocrx_word' id='word_1_159' title='bbox 724 2007 847 2048; x_wconf 84' lang='lat' dir='ltr'><strong>oernem</strong></span> <span class='ocrx_word' id='word_1_160' title='bbox 869 1987 1045 2063; x_wconf 74' lang='lat' dir='ltr'><strong>militemus,</strong></span> 
     </span>
     <span class='ocr_line' id='line_1_23' title="bbox 126 2071 917 2133; baseline 0.001 -3"><span class='ocrx_word' id='word_1_161' title='bbox 126 2089 235 2131; x_wconf 85' lang='lat' dir='ltr'><strong>sensus</strong></span> <span class='ocrx_word' id='word_1_162' title='bbox 257 2076 360 2133; x_wconf 81' lang='lat' dir='ltr'><strong>temen</strong></span> <span class='ocrx_word' id='word_1_163' title='bbox 382 2071 462 2132; x_wconf 87' lang='lat' dir='ltr'><strong>idem</strong></span> <span class='ocrx_word' id='word_1_164' title='bbox 485 2078 542 2133; x_wconf 87' lang='lat' dir='ltr'><strong>est.</strong></span> <span class='ocrx_word' id='word_1_165' title='bbox 914 2081 917 2086; x_wconf 89' lang='lat'>&#39;</span> 
     </span>
    </p>

    <p class='ocr_par' dir='ltr' id='par_1_3' title="bbox 125 2150 1122 3541">
     <span class='ocr_line' id='line_1_24' title="bbox 207 2150 1046 2235; baseline -0.005 -21"><span class='ocrx_word' id='word_1_166' title='bbox 207 2154 271 2214; x_wconf 84' lang='lat' dir='ltr'><strong>lom</strong></span> <span class='ocrx_word' id='word_1_167' title='bbox 297 2154 369 2234; x_wconf 89' lang='lat' dir='ltr'><strong>quid</strong></span> <span class='ocrx_word' id='word_1_168' title='bbox 399 2173 477 2235; x_wconf 92' lang='lat' dir='ltr'><strong>opus</strong></span> <span class='ocrx_word' id='word_1_169' title='bbox 507 2162 554 2214; x_wconf 87' lang='lat' dir='ltr'><strong>est</strong></span> <span class='ocrx_word' id='word_1_170' title='bbox 583 2156 686 2216; x_wconf 85' lang='lat' dir='ltr'><strong>omnio</strong></span> <span class='ocrx_word' id='word_1_171' title='bbox 708 2154 826 2216; x_wconf 84' lang='lat' dir='ltr'><strong>Lutomi</strong></span> <span class='ocrx_word' id='word_1_172' title='bbox 849 2171 905 2233; x_wconf 82' lang='lat' dir='ltr'><strong>per</strong></span> <span class='ocrx_word' id='word_1_173' title='bbox 927 2150 1046 2232; x_wconf 83' lang='lat' dir='ltr'><strong>singnis</strong></span> 
     </span>
     <span class='ocr_line' id='line_1_25' title="bbox 125 2235 1045 2318; baseline -0.005 -20"><span class='ocrx_word' id='word_1_174' title='bbox 125 2237 278 2318; x_wconf 86' lang='lat' dir='ltr'><strong>persequi,</strong></span> <span class='ocrx_word' id='word_1_175' title='bbox 301 2255 370 2298; x_wconf 87' lang='lat' dir='ltr'><strong>oum</strong></span> <span class='ocrx_word' id='word_1_176' title='bbox 394 2257 433 2297; x_wconf 87' lang='lat' dir='ltr'><strong>ex</strong></span> <span class='ocrx_word' id='word_1_177' title='bbox 455 2237 502 2298; x_wconf 87' lang='lat' dir='ltr'><strong>his</strong></span> <span class='ocrx_word' id='word_1_178' title='bbox 526 2237 614 2299; x_wconf 87' lang='lat' dir='ltr'><strong>distis</strong></span> <span class='ocrx_word' id='word_1_179' title='bbox 636 2236 758 2298; x_wconf 77' lang='lat' dir='ltr'><strong>abunde</strong></span> <span class='ocrx_word' id='word_1_180' title='bbox 773 2237 877 2304; x_wconf 83' lang='lat' dir='ltr'><strong>omnio</strong></span> <span class='ocrx_word' id='word_1_181' title='bbox 894 2235 956 2295; x_wconf 90' lang='lat' dir='ltr'><strong>sint</strong></span> <span class='ocrx_word' id='word_1_182' title='bbox 976 2251 1045 2294; x_wconf 88' lang='lat' dir='ltr'><strong>eon·</strong></span> 
     </span>
     <span class='ocr_line' id='line_1_26' title="bbox 125 2315 1044 2400; baseline -0.01 -15"><span class='ocrx_word' id='word_1_183' title='bbox 125 2321 233 2400; x_wconf 75' lang='lat' dir='ltr'><strong>hum,</strong></span> <span class='ocrx_word' id='word_1_184' title='bbox 255 2328 285 2380; x_wconf 88' lang='lat' dir='ltr'><strong>et</strong></span> <span class='ocrx_word' id='word_1_185' title='bbox 307 2337 376 2380; x_wconf 86' lang='lat' dir='ltr'><strong>meu</strong></span> <span class='ocrx_word' id='word_1_186' title='bbox 397 2320 564 2382; x_wconf 80' lang='lat' dir='ltr'><strong>roboreto?</strong></span> <span class='ocrx_word' id='word_1_187' title='bbox 600 2321 770 2382; x_wconf 84' lang='lat' dir='ltr'><strong>Monstruvi</strong></span> <span class='ocrx_word' id='word_1_188' title='bbox 793 2319 874 2380; x_wconf 89' lang='lat' dir='ltr'><strong>enim</strong></span> <span class='ocrx_word' id='word_1_189' title='bbox 897 2318 972 2378; x_wconf 80' lang='lat' dir='ltr'><strong>sotis</strong></span> <span class='ocrx_word' id='word_1_190' title='bbox 993 2315 1044 2376; x_wconf 86' lang='lat' dir='ltr'><strong>Ln-</strong></span> 
     </span>
     <span class='ocr_line' id='line_1_27' title="bbox 126 2401 1045 2483; baseline -0.004 -21"><span class='ocrx_word' id='word_1_191' title='bbox 126 2411 242 2474; x_wconf 85' lang='lat' dir='ltr'><strong>tomum</strong></span> <span class='ocrx_word' id='word_1_192' title='bbox 265 2409 362 2464; x_wconf 89' lang='lat' dir='ltr'><strong>totum</strong></span> <span class='ocrx_word' id='word_1_193' title='bbox 385 2404 555 2464; x_wconf 86' lang='lat' dir='ltr'><strong>oonsistere</strong></span> <span class='ocrx_word' id='word_1_194' title='bbox 582 2405 613 2464; x_wconf 91' lang='lat' dir='ltr'><strong>in</strong></span> <span class='ocrx_word' id='word_1_195' title='bbox 642 2405 791 2483; x_wconf 87' lang='lat' dir='ltr'><strong>petitione</strong></span> <span class='ocrx_word' id='word_1_196' title='bbox 822 2401 980 2482; x_wconf 77' lang='lat' dir='ltr'><strong>principii,</strong></span> <span class='ocrx_word' id='word_1_197' title='bbox 1015 2407 1045 2458; x_wconf 91' lang='lat' dir='ltr'><strong>ut</strong></span> 
     </span>
     <span class='ocr_line' id='line_1_28' title="bbox 128 2484 1044 2568; baseline -0.005 -22"><span class='ocrx_word' id='word_1_198' title='bbox 128 2489 180 2567; x_wconf 91' lang='lat' dir='ltr'><strong>qui</strong></span> <span class='ocrx_word' id='word_1_199' title='bbox 201 2495 363 2568; x_wconf 80' lang='lat' dir='ltr'><strong>pensatum</strong></span> <span class='ocrx_word' id='word_1_200' title='bbox 386 2505 448 2547; x_wconf 92' lang='lat' dir='ltr'><strong>non</strong></span> <span class='ocrx_word' id='word_1_201' title='bbox 471 2486 542 2547; x_wconf 90' lang='lat' dir='ltr'><strong>velit</strong></span> <span class='ocrx_word' id='word_1_202' title='bbox 565 2505 582 2547; x_wconf 85' lang='lat' dir='ltr'>a</span> <span class='ocrx_word' id='word_1_203' title='bbox 605 2507 654 2550; x_wconf 89' lang='lat' dir='ltr'><strong>rue</strong></span> <span class='ocrx_word' id='word_1_204' title='bbox 677 2486 786 2565; x_wconf 85' lang='lat' dir='ltr'><strong>oooipi,</strong></span> <span class='ocrx_word' id='word_1_205' title='bbox 808 2485 866 2545; x_wconf 89' lang='lat' dir='ltr'><strong>nisi</strong></span> <span class='ocrx_word' id='word_1_206' title='bbox 880 2485 959 2545; x_wconf 86' lang='lat' dir='ltr'><strong>siout</strong></span> <span class='ocrx_word' id='word_1_207' title='bbox 978 2484 1044 2562; x_wconf 84' lang='lat' dir='ltr'><strong>ipse</strong></span> 
     </span>
     <span class='ocr_line' id='line_1_29' title="bbox 126 2568 1045 2650; baseline -0.007 -20"><span class='ocrx_word' id='word_1_208' title='bbox 126 2571 253 2650; x_wconf 84' lang='lat' dir='ltr'><strong>soeipit,</strong></span> <span class='ocrx_word' id='word_1_209' title='bbox 286 2577 317 2630; x_wconf 93' lang='lat' dir='ltr'><strong>et</strong></span> <span class='ocrx_word' id='word_1_210' title='bbox 350 2569 488 2630; x_wconf 82' lang='lat' dir='ltr'><strong>studiose</strong></span> <span class='ocrx_word' id='word_1_211' title='bbox 520 2571 656 2650; x_wconf 80' lang='lat' dir='ltr'><strong>nequitia</strong></span> <span class='ocrx_word' id='word_1_212' title='bbox 683 2568 832 2650; x_wconf 75' lang='lat' dir='ltr'><strong>depravet</strong></span> <span class='ocrx_word' id='word_1_213' title='bbox 865 2574 896 2628; x_wconf 88' lang='lat' dir='ltr'><strong>et</strong></span> <span class='ocrx_word' id='word_1_214' title='bbox 925 2585 995 2627; x_wconf 82' lang='lat' dir='ltr'><strong>meo</strong></span> <span class='ocrx_word' id='word_1_215' title='bbox 1016 2572 1045 2624; x_wconf 85' lang='lat' dir='ltr'><strong>et</strong></span> 
     </span>
     <span class='ocr_line' id='line_1_30' title="bbox 126 2647 1044 2731; baseline -0.005 -19"><span class='ocrx_word' id='word_1_216' title='bbox 126 2653 261 2712; x_wconf 88' lang='lat' dir='ltr'><strong>omnium</strong></span> <span class='ocrx_word' id='word_1_217' title='bbox 284 2653 407 2713; x_wconf 87' lang='lat' dir='ltr'><strong>Petrum</strong></span> <span class='ocrx_word' id='word_1_218' title='bbox 432 2652 528 2731; x_wconf 81' lang='lat' dir='ltr'><strong>dioto,</strong></span> <span class='ocrx_word' id='word_1_219' title='bbox 551 2653 621 2712; x_wconf 92' lang='lat' dir='ltr'><strong>dum</strong></span> <span class='ocrx_word' id='word_1_220' title='bbox 645 2668 699 2712; x_wconf 86' lang='lat' dir='ltr'><strong>sos</strong></span> <span class='ocrx_word' id='word_1_221' title='bbox 723 2651 761 2711; x_wconf 84' lang='lat' dir='ltr'><strong>de</strong></span> <span class='ocrx_word' id='word_1_222' title='bbox 781 2655 913 2731; x_wconf 84' lang='lat' dir='ltr'><strong>peeooto</strong></span> <span class='ocrx_word' id='word_1_223' title='bbox 934 2647 1044 2729; x_wconf 86' lang='lat' dir='ltr'><strong>simpli·</strong></span> 
     </span>
     <span class='ocr_line' id='line_1_31' title="bbox 126 2732 1044 2816; baseline -0.005 -21"><span class='ocrx_word' id='word_1_224' title='bbox 126 2737 201 2795; x_wconf 85' lang='lat' dir='ltr'><strong>niter</strong></span> <span class='ocrx_word' id='word_1_225' title='bbox 228 2735 389 2815; x_wconf 88' lang='lat' dir='ltr'><strong>loquentes</strong></span> <span class='ocrx_word' id='word_1_226' title='bbox 425 2735 516 2796; x_wconf 82' lang='lat' dir='ltr'><strong>trehit</strong></span> <span class='ocrx_word' id='word_1_227' title='bbox 549 2743 659 2797; x_wconf 83' lang='lat' dir='ltr'><strong>eontra</strong></span> <span class='ocrx_word' id='word_1_228' title='bbox 691 2739 853 2816; x_wconf 84' lang='lat' dir='ltr'><strong>peoostum</strong></span> <span class='ocrx_word' id='word_1_229' title='bbox 888 2733 920 2794; x_wconf 96' lang='lat' dir='ltr'><strong>in</strong></span> <span class='ocrx_word' id='word_1_230' title='bbox 949 2732 1044 2813; x_wconf 75' lang='lat' dir='ltr'><strong>gratio</strong></span> 
     </span>
     <span class='ocr_line' id='line_1_32' title="bbox 127 2815 1043 2898; baseline -0.004 -20"><span class='ocrx_word' id='word_1_231' title='bbox 127 2817 259 2892; x_wconf 83' lang='lat' dir='ltr'><strong>dietum,</strong></span> <span class='ocrx_word' id='word_1_232' title='bbox 295 2837 348 2878; x_wconf 88' lang='lat' dir='ltr'><strong>seu</strong></span> <span class='ocrx_word' id='word_1_233' title='bbox 373 2817 410 2877; x_wconf 84' lang='lat' dir='ltr'><strong>de</strong></span> <span class='ocrx_word' id='word_1_234' title='bbox 432 2825 561 2898; x_wconf 83' lang='lat' dir='ltr'><strong>peoosto</strong></span> <span class='ocrx_word' id='word_1_235' title='bbox 582 2819 675 2879; x_wconf 88' lang='lat' dir='ltr'><strong>totius</strong></span> <span class='ocrx_word' id='word_1_236' title='bbox 697 2817 777 2878; x_wconf 81' lang='lat' dir='ltr'><strong>dioto</strong></span> <span class='ocrx_word' id='word_1_237' title='bbox 812 2822 914 2897; x_wconf 83' lang='lat' dir='ltr'><strong>optut,</strong></span> <span class='ocrx_word' id='word_1_238' title='bbox 948 2822 981 2875; x_wconf 90' lang='grc' dir='ltr'><strong>ιιι</strong></span> <span class='ocrx_word' id='word_1_239' title='bbox 1002 2815 1043 2874; x_wconf 80' lang='grc' dir='ltr'><strong>ιιι</strong></span> 
     </span>
     <span class='ocr_line' id='line_1_33' title="bbox 127 2897 1042 2981; baseline -0.004 -21"><span class='ocrx_word' id='word_1_240' title='bbox 127 2901 237 2976; x_wconf 80' lang='lat' dir='ltr'><strong>diuum,</strong></span> <span class='ocrx_word' id='word_1_241' title='bbox 259 2908 388 2980; x_wconf 87' lang='lat' dir='ltr'><strong>peeooto</strong></span> <span class='ocrx_word' id='word_1_242' title='bbox 411 2903 514 2981; x_wconf 84' lang='lat' dir='ltr'><strong>portis.</strong></span> <span class='ocrx_word' id='word_1_243' title='bbox 551 2900 640 2976; x_wconf 77' lang='lat' dir='ltr'><strong>Quod</strong></span> <span class='ocrx_word' id='word_1_244' title='bbox 664 2900 745 2980; x_wconf 84' lang='lat' dir='ltr'><strong>iuuit,</strong></span> <span class='ocrx_word' id='word_1_245' title='bbox 770 2901 842 2980; x_wconf 81' lang='lat' dir='ltr'><strong>quin</strong></span> <span class='ocrx_word' id='word_1_246' title='bbox 854 2897 927 2980; x_wconf 91' lang='lat' dir='ltr'><strong>quid</strong></span> <span class='ocrx_word' id='word_1_247' title='bbox 949 2897 1042 2978; x_wconf 79' lang='lat' dir='ltr'><strong>gretia</strong></span> 
     </span>
     <span class='ocr_line' id='line_1_34' title="bbox 126 2979 1042 3064; baseline -0.005 -20"><span class='ocrx_word' id='word_1_248' title='bbox 126 2993 157 3044; x_wconf 90' lang='lat' dir='ltr'><strong>et</strong></span> <span class='ocrx_word' id='word_1_249' title='bbox 178 2990 357 3062; x_wconf 75' lang='lat' dir='ltr'><strong>pennatum,</strong></span> <span class='ocrx_word' id='word_1_250' title='bbox 379 2985 451 3064; x_wconf 89' lang='lat' dir='ltr'><strong>quid</strong></span> <span class='ocrx_word' id='word_1_251' title='bbox 474 2984 537 3044; x_wconf 88' lang='lat' dir='ltr'><strong>Lex</strong></span> <span class='ocrx_word' id='word_1_252' title='bbox 562 2992 592 3044; x_wconf 87' lang='lat' dir='ltr'><strong>et</strong></span> <span class='ocrx_word' id='word_1_253' title='bbox 613 2983 833 3061; x_wconf 72' lang='lat' dir='ltr'><strong>Evangelium,</strong></span> <span class='ocrx_word' id='word_1_254' title='bbox 868 2980 941 3061; x_wconf 91' lang='lat' dir='ltr'><strong>quid</strong></span> <span class='ocrx_word' id='word_1_255' title='bbox 956 2979 1042 3041; x_wconf 77' lang='lat' dir='ltr'><strong>&#39;Chri-</strong></span> 
     </span>
     <span class='ocr_line' id='line_1_35' title="bbox 126 3065 1122 3154; baseline -0.004 -28"><span class='ocrx_word' id='word_1_256' title='bbox 126 3077 190 3128; x_wconf 86' lang='grc' dir='ltr'>ιιιιι</span> <span class='ocrx_word' id='word_1_257' title='bbox 228 3074 259 3128; x_wconf 87' lang='lat' dir='ltr'><strong>et</strong></span> <span class='ocrx_word' id='word_1_258' title='bbox 294 3066 388 3128; x_wconf 91' lang='lat' dir='ltr'><strong>homo</strong></span> <span class='ocrx_word' id='word_1_259' title='bbox 426 3068 464 3126; x_wconf 90' lang='lat' dir='ltr'><strong>sit</strong></span> <span class='ocrx_word' id='word_1_260' title='bbox 503 3085 572 3128; x_wconf 87' lang='lat' dir='ltr'><strong>oum</strong></span> <span class='ocrx_word' id='word_1_261' title='bbox 607 3068 668 3126; x_wconf 89' lang='lat' dir='ltr'><strong>suis</strong></span> <span class='ocrx_word' id='word_1_262' title='bbox 703 3065 854 3145; x_wconf 84' lang='lat' dir='ltr'><strong>Sophistis</strong></span> <span class='ocrx_word' id='word_1_263' title='bbox 888 3081 1040 3143; x_wconf 78' lang='lat' dir='ltr'><strong>uunquam</strong></span> <span class='ocrx_word' id='word_1_264' title='bbox 1121 3127 1122 3154; x_wconf 47' lang='lat'><strong>,</strong></span> 
     </span>
     <span class='ocr_line' id='line_1_36' title="bbox 127 3151 283 3212; baseline 0.006 -2"><span class='ocrx_word' id='word_1_265' title='bbox 127 3169 164 3212; x_wconf 85' lang='lat' dir='ltr'><strong>eo</strong></span> <span class='ocrx_word' id='word_1_266' title='bbox 188 3151 283 3211; x_wconf 85' lang='lat' dir='ltr'><strong>novit.</strong></span> 
     </span>
     <span class='ocr_line' id='line_1_37' title="bbox 141 3169 1041 3313; baseline -0.007 -20"><span class='ocrx_word' id='word_1_267' title='bbox 141 3169 287 3301; x_wconf 24' lang='lat' dir='ltr'><strong>,gNom</strong></span> <span class='ocrx_word' id='word_1_268' title='bbox 316 3233 379 3312; x_wconf 87' lang='lat' dir='ltr'><strong>qui</strong></span> <span class='ocrx_word' id='word_1_269' title='bbox 402 3231 438 3291; x_wconf 86' lang='lat' dir='ltr'><strong>de</strong></span> <span class='ocrx_word' id='word_1_270' title='bbox 469 3239 599 3313; x_wconf 87' lang='lat' dir='ltr'><strong>peoonto</strong></span> <span class='ocrx_word' id='word_1_271' title='bbox 635 3238 665 3292; x_wconf 87' lang='lat' dir='ltr'><strong>et</strong></span> <span class='ocrx_word' id='word_1_272' title='bbox 695 3231 808 3312; x_wconf 81' lang='lat' dir='ltr'><strong>gratio,</strong></span> <span class='ocrx_word' id='word_1_273' title='bbox 841 3229 881 3290; x_wconf 86' lang='lat' dir='ltr'><strong>do</strong></span> <span class='ocrx_word' id='word_1_274' title='bbox 901 3229 984 3310; x_wconf 85' lang='lat' dir='ltr'><strong>Lege</strong></span> <span class='ocrx_word' id='word_1_275' title='bbox 1014 3236 1041 3288; x_wconf 88' lang='lat' dir='ltr'><strong>et</strong></span> 
     </span>
     <span class='ocr_line' id='line_1_38' title="bbox 128 3312 1039 3394; baseline -0.005 -19"><span class='ocrx_word' id='word_1_276' title='bbox 128 3315 308 3394; x_wconf 76' lang='lat' dir='ltr'><strong>Evangelio,</strong></span> <span class='ocrx_word' id='word_1_277' title='bbox 332 3315 371 3374; x_wconf 88' lang='lat' dir='ltr'><strong>de</strong></span> <span class='ocrx_word' id='word_1_278' title='bbox 392 3313 513 3374; x_wconf 78' lang='lat' dir='ltr'><strong>Christo</strong></span> <span class='ocrx_word' id='word_1_279' title='bbox 535 3323 566 3374; x_wconf 87' lang='lat' dir='ltr'><strong>et</strong></span> <span class='ocrx_word' id='word_1_280' title='bbox 587 3314 712 3385; x_wconf 82' lang='lat' dir='ltr'><strong>homine</strong></span> <span class='ocrx_word' id='word_1_281' title='bbox 735 3313 817 3374; x_wconf 85' lang='lat' dir='ltr'><strong>volet</strong></span> <span class='ocrx_word' id='word_1_282' title='bbox 835 3312 1039 3374; x_wconf 76' lang='lat' dir='ltr'><strong>Christianiter</strong></span> 
     </span>
     <span class='ocr_line' id='line_1_39' title="bbox 128 3394 1040 3476; baseline -0.001 -22"><span class='ocrx_word' id='word_1_283' title='bbox 128 3397 288 3471; x_wconf 81' lang='lat' dir='ltr'><strong>disserere,</strong></span> <span class='ocrx_word' id='word_1_284' title='bbox 311 3404 433 3476; x_wconf 83' lang='lat' dir='ltr'><strong>oportet</strong></span> <span class='ocrx_word' id='word_1_285' title='bbox 460 3397 554 3458; x_wconf 85' lang='lat' dir='ltr'><strong>fermo</strong></span> <span class='ocrx_word' id='word_1_286' title='bbox 576 3416 637 3457; x_wconf 91' lang='lat' dir='ltr'><strong>nou</strong></span> <span class='ocrx_word' id='word_1_287' title='bbox 661 3397 763 3473; x_wconf 81' lang='lat' dir='ltr'><strong>oliter,</strong></span> <span class='ocrx_word' id='word_1_288' title='bbox 796 3414 888 3474; x_wconf 82' lang='lat' dir='ltr'><strong>quem</strong></span> <span class='ocrx_word' id='word_1_289' title='bbox 919 3394 958 3454; x_wconf 88' lang='lat' dir='ltr'><strong>de</strong></span> <span class='ocrx_word' id='word_1_290' title='bbox 978 3394 1040 3454; x_wconf 92' lang='lat' dir='ltr'><strong>Deo</strong></span> 
     </span>
     <span class='ocr_line' id='line_1_40' title="bbox 128 3476 1040 3541; baseline 0.002 -6"><span class='ocrx_word' id='word_1_291' title='bbox 128 3486 158 3535; x_wconf 84' lang='lat' dir='ltr'><strong>et</strong></span> <span class='ocrx_word' id='word_1_292' title='bbox 180 3477 304 3536; x_wconf 87' lang='lat' dir='ltr'><strong>homine</strong></span> <span class='ocrx_word' id='word_1_293' title='bbox 326 3479 356 3536; x_wconf 92' lang='lat' dir='ltr'><strong>in</strong></span> <span class='ocrx_word' id='word_1_294' title='bbox 380 3477 501 3538; x_wconf 77' lang='lat' dir='ltr'><strong>Christo</strong></span> <span class='ocrx_word' id='word_1_295' title='bbox 524 3478 683 3541; x_wconf 87' lang='lat' dir='ltr'><strong>disserere.</strong></span> <span class='ocrx_word' id='word_1_296' title='bbox 716 3479 773 3540; x_wconf 92' lang='lat' dir='ltr'><strong>Ubi</strong></span> <span class='ocrx_word' id='word_1_297' title='bbox 796 3478 972 3540; x_wconf 80' lang='lat' dir='ltr'><strong>ooutissime</strong></span> <span class='ocrx_word' id='word_1_298' title='bbox 992 3476 1040 3538; x_wconf 91' lang='lat' dir='ltr'><strong>ob-</strong></span> 
     </span>
    </p>
   </div>
   <div class='ocr_carea' id='block_1_3' title="bbox 200 3660 471 3723">
    <p class='ocr_par' dir='ltr' id='par_1_4' title="bbox 200 3660 471 3723">
     <span class='ocr_line' id='line_1_41' title="bbox 200 3660 471 3723; baseline 0.007 -10"><span class='ocrx_word' id='word_1_299' title='bbox 200 3660 231 3723; x_wconf 77' lang='lat'><strong>⁸)</strong></span> <span class='ocrx_word' id='word_1_300' title='bbox 251 3660 268 3712; x_wconf 87' lang='lat'><strong>2</strong></span> <span class='ocrx_word' id='word_1_301' title='bbox 287 3660 408 3714; x_wconf 81' lang='lat' dir='ltr'><strong>Corinth.</strong></span> <span class='ocrx_word' id='word_1_302' title='bbox 430 3661 471 3718; x_wconf 88' lang='grc'><strong>10.</strong></span> 
     </span>
    </p>
   </div>
   <div class='ocr_carea' id='block_1_4' title="bbox 0 0 1134 4004">
    <p class='ocr_par' dir='ltr' id='par_1_5' title="bbox 0 0 1134 4004">
     <span class='ocr_line' id='line_1_42' title="bbox 0 0 1134 4004; baseline 0 0"><span class='ocrx_word' id='word_1_303' title='bbox 0 0 1134 4004; x_wconf 95' lang='lat' dir='ltr'><strong> </strong></span> 
     </span>
    </p>
   </div>
  </div>
 </body>
</html>
