2262 4006
266 249 269 262 ,
317 154 441 254 Radoms
462 195 640 253 mearam
659 202 710 252 ebe.
921 139 985 258 ffl

64 351 194 428 loquor)
216 369 284 411 essa
297 351 382 426 illud,
404 352 486 429 quod
499 352 671 412 damnabile
684 357 806 430 vocant,
829 350 889 412 hoo
903 353 986 412 enim

63 433 165 493 solum
189 443 236 492 est
257 442 364 496 oontre
385 434 475 495 iilud:
498 433 556 509 Qui
581 434 662 495 bona
685 444 822 514 egerunt,
844 433 932 493 ibunt
953 435 984 493 in

65 516 158 574 vitam
194 524 367 579 aeternam.v
413 517 491 577 Nam
525 519 646 597 ipsimet
683 517 870 594 concedunt,
909 535 987 596 opus

64 598 192 673 bonum,
214 601 244 658 in
267 618 328 678 quo
351 600 472 660 veniale
494 601 533 660 sit
546 606 718 680 peecatum,
740 619 802 660 non
826 618 894 658 ease
916 618 987 659 oon-

63 693 109 740 rra
132 681 307 760 symbolum
328 682 420 760 illud,
452 684 512 742 iam
536 685 626 743 etiam
650 683 883 756 boemerum,
905 681 988 760 quod

62 763 187 824 Gerson
211 765 296 825 dioit:
318 765 441 826 Nullum
465 767 585 827 veniale
604 771 767 846 pennatum
790 783 859 825 esse
880 773 988 824 natura
1026 822 1027 826 ,

62 846 198 930 veniale,
221 856 253 908 et
273 848 375 927 plures
399 851 512 928 gratias
526 849 582 909 Dei
603 851 769 929 privativas
791 867 881 928 quem
905 848 985 927 posi·

61 930 143 988 tiras
167 947 245 1008 esse,
269 930 337 991 sola
358 939 460 992 autem
473 931 682 993 misericordia
695 932 752 993 Dei
765 949 834 991 ease
856 930 986 990 veniale.

61 1011 102 1070 ais
124 1013 208 1090 quod
233 1013 368 1091 mireris,
396 1014 542 1076 Latomus
564 1017 692 1094 primum
729 1033 789 1076 non
812 1019 925 1092 negat,
956 1015 985 1070 in

61 1095 150 1155 omni
182 1113 276 1174 opere
307 1095 391 1156 bono
426 1115 494 1156 esse
528 1116 621 1177 posse
656 1105 817 1177 peecatum
854 1095 984 1170 veniale,

60 1184 173 1256 utpote
195 1178 435 1258 negligentiam,
465 1186 497 1239 et
518 1185 620 1240 tamen
641 1199 713 1241 ‘non
745 1187 791 1240 est
820 1177 984 1238 absurdum

60 1260 122 1318 illis
145 1261 190 1318 aio
211 1263 351 1340 posuisse
375 1268 534 1340 peecatum
557 1263 586 1322 in
611 1281 704 1343 opere
727 1262 832 1335 bono,
861 1279 919 1320 neo
940 1269 988 1319 est

61 1349 174 1404 eontra
191 1343 377 1424 symbolum,
401 1344 485 1404 nulla
507 1361 610 1422 oense,
636 1365 727 1426 quam
750 1345 822 1424 quio
844 1361 904 1423 ego
926 1361 987 1406 non

61 1424 139 1501 dixi,
164 1433 195 1486 et
215 1424 260 1488 iili
281 1424 436 1488 dixerunt.

149 1507 210 1569 Sed
234 1516 265 1569 et
285 1509 436 1571 hoeinfra
458 1527 513 1572 eos
527 1527 636 1589 cogam
661 1511 780 1569 etforte
803 1511 891 1588 proni
914 1527 988 1568 oon·
1069 1565 1072 1590 2

62 1590 196 1669 eedunt,
217 1593 368 1653 incertum
392 1612 479 1669 esse,
511 1611 550 1652 aa
573 1593 667 1653 ullum
690 1609 768 1672 opus
792 1594 831 1652 sib
852 1591 988 1652 omnium

8 1701 9 1710 ¹
63 1675 238 1754 bominum,
260 1676 482 1756 quantumlibet
501 1674 624 1750 bonum,
647 1677 865 1756 sinepeooeto‚
888 1689 987 1752 neque

62 1759 149 1816 enim
181 1756 340 1819 bominum
374 1758 471 1818 ullum
494 1765 622 1838 cogent,
655 1759 715 1819 boo
748 1757 787 1818 de
815 1775 871 1817 auo
894 1774 988 1836 opere
1085 1789 1087 1796 ι

62 1839 151 1900 bono
175 1839 335 1905 affirmare.
378 1841 418 1901 Et
439 1859 522 1919 eene,
545 1840 625 1919 quod
644 1843 792 1903 inuentum
808 1845 864 1918 est,
885 1848 988 1900 tamen

62 1941 137 1992 esse
159 1929 271 2002 potest,
293 1931 324 1983 eb
345 1923 424 1985 forte
438 1925 482 1984 ita
503 1927 560 2002 est,
583 1926 676 1984 eiiam
698 1943 803 1984 eornm
826 1923 988 1998 sententia,

8 2023 9 2026 ’
63 2005 106 2065 ab
129 2005 190 2066 alio
213 2006 338 2079 dietum,
362 2006 527 2067 absurdum
551 2014 583 2069 et
604 2017 711 2067 eontra
735 2005 907 2087 symbolum
932 2011 989 2082 eei,

64 2097 101 2148 ur
122 2089 197 2148 nibil
219 2087 380 2150 absurdius
403 2087 463 2148 diei
496 2088 600 2150 velint.
643 2089 720 2149 Nam
749 2091 810 2150 boo
837 2090 987 2148 incertum

64 2171 153 2249 bogis
174 2189 229 2231 eos
252 2172 429 2251 oppositum
452 2189 514 2233 non
539 2189 693 2251 asserere,
717 2191 812 2251 quare
833 2187 894 2232 neo
915 2187 987 2250 pro·

64 2254 202 2333 positum
230 2273 345 2334 negare
379 2254 608 2316 aut‘damnare.
650 2255 729 2315 Nam
763 2271 841 2333 quae
874 2253 989 2313 indnoit

64 2337 151 2396 dieta
172 2335 293 2397 Petrum
318 2339 429 2417 petitor
442 2339 594 2418 principii,
617 2358 654 2398 eo
678 2337 767 2398 trabit
789 2337 903 2417 omnin,
926 2353 987 2414 quo

65 2437 130 2480 non
154 2418 266 2499 probat
285 2420 346 2482 illei
359 2422 528 2500 pertinere,
551 2420 684 2497 scilieet,
708 2421 789 2500 quod
812 2419 926 2479 nullum
950 2419 990 2479 ait

64 2502 97 2562 in
121 2521 216 2582 opere
236 2509 413 2584 peooeium,
451 2503 675 2582 quantumlibet
706 2504 750 2564 illi
780 2503 884 2564 dioant
920 2519 989 2562 esse

66 2586 161 2660 bona,
184 2604 245 2647 non
269 2585 416 2648 damnare
439 2594 496 2650 eto.
541 2585 623 2646 Nihil
646 2589 726 2647 enirn
749 2586 858 2646 horum
880 2592 911 2645 et
928 2601 987 2664 ego

66 2685 162 2747 nego,
205 2667 266 2730 Sed
287 2669 419 2730 breviter
435 2669 515 2730 hana
540 2669 761 2749 praefationem
779 2669 909 2744 Latomi,
932 2666 990 2726 leo

68 2759 127 2825 tor,
152 2752 219 2811 vioe
241 2748 368 2827 εἰκόνος
390 2753 547 2832 sophistae
559 2752 683 2816 habeas.
727 2752 784 2813 Hie
801 2753 881 2812 enim
905 2749 991 2809 uides

68 2833 227 2914 sophistae
248 2837 414 2915 imaginem
443 2837 566 2916 egregie
588 2834 793 2916 descriptam,
831 2851 910 2913 quse
935 2839 991 2910 esi,

69 2917 156 2977 vulto
180 2925 220 2978 et‘
231 2918 330 2979 verbis
354 2918 536 2980 modestiam
561 2919 723 2994 simulare,
748 2926 882 2979 aeterum
905 2922 991 2976 tanto

67 3002 160 3079 fasta,
183 3003 367 3081 arrogantia,
385 3002 539 3081 superbia,
563 3002 689 3080 malitia,
703 3002 850 3080 nequitia,
872 3000 992 3060 temeri-

67 3091 153 3160 tate,
186 3084 368 3164 supercilio,
401 3085 540 3162 inanitio,
577 3084 761 3146 hebetudine
794 3092 927 3157 tumere,
960 3089 993 3142 ut

69 3165 144 3226 nihil
168 3185 270 3247 supra.

71 3363 219 3424 Primus
236 3362 430 3423 articulus
451 3362 798 3444 aLatomopetitna
821 3369 881 3424 est
902 3362 992 3424 iate:

238 3481 338 3544 Omne
360 3499 437 3562 opus
455 3481 568 3546 bonum
591 3487 638 3541 est
656 3487 825 3560 peceatum.

153 3581 254 3642 Primo
276 3581 365 3643 infert
399 3581 664 3657 inconvenientia,
698 3578 834 3640 seeundo
863 3579 994 3661 opponit

41 3722 42 3726 ,
72 3665 234 3744 contraria,
253 3665 345 3726 tertio
360 3663 502 3726 dissolvit
515 3683 584 3725 mea
594 3660 800 3728 fundamenta
844 3661 896 3726 sin
912 3662 992 3722 enim

640 3775 645 3786 .
709 3741 783 3810 27*
