2262 4006
307 211 448 266 A‘mbrosii
468 207 574 265 Gathar.
593 225 618 266 a.
642 205 730 267 1521(
920 181 982 270 379
1059 245 1062 268 ι

49 379 117 442 quo
149 367 286 446 recipcre
314 367 475 429 debebant..
519 367 645 428 Prorsus
668 370 791 446 superat
812 363 888 424 haec
916 381 982 443 per-

51 449 195 509 versitas
217 469 339 510 sensum
363 459 393 510 et
416 451 524 528 verbe,
555 457 585 511 et
615 458 715 511 tamen
739 456 861 510 strenue
884 453 980 513 totum

49 529 182 592 obsidet
205 541 233 591 ct
263 535 406 614 opprimit
436 535 551 596 orbem.
601 533 704 595 Tertio
739 535 887 614 privatam
917 537 982 590 reni

49 633 96 672 ex·
118 617 278 675 communi
299 617 388 694 facit,
420 619 511 678 Missa
536 618 614 677 euim
645 623 771 696 utraque
800 622 885 696 parte
908 633 983 673 uun-

49 715 151 774 quam
188 700 238 758 uni
267 700 323 760 soli
354 699 445 760 debet
472 702 619 781 permitti,
654 720 721 760 cum
747 699 883 760 Christus
914 717 981 758 eam

48 781 190 841 voluerit
214 801 281 841 esse
302 802 506 856 communem,
529 779 727 845 ut‘saoerdos
740 782 897 844 celebrans
922 780 984 840 col-

49 863 160 924 lectae
182 883 285 924 secum
309 866 397 927 alicui
428 867 576 943 ecclesiae
606 867 846 928 communicaret
873 872 983 924 utram·

49 965 114 1024 que
142 956 271 1027 partem.
316 951 403 1010 Nune
426 969 498 1011 vero
521 952 604 1011 solus
625 952 659 1026 it,
683 959 714 1010 et
736 951 871 1028 privatus
893 947 984 1008 seori-

49 1029 169 1090 fioulus
193 1029 248 1090 sibi
272 1033 328 1091 soli
345 1033 513 1110 celebrans,
536 1035 592 1094 soli
616 1033 842 1111 sibiutramque
866 1037 983 1112 partem

50 1116 278 1176 communicet.
320 1116 440 1176 Interim
465 1126 564 1177 tamen
591 1115 795 1198 spiritualiter,
819 1122 852 1174 ut
869 1113 983 1186 dicunt,

52 1198 241 1277 participat,
281 1200 431 1278 applicat,
473 1203 679 1260 communicat
711 1201 839 1258 fructum
867 1197 985 1271 ¹liliosae

52 1280 170 1358 quibus
196 1282 291 1357 volet,
320 1283 349 1340 id
373 1291 433 1360 est,
463 1286 651 1344 somniasse
681 1282 793 1362 aliquid
816 1277 985 1341 commuui-

52 1381 128 1423 oare
154 1373 304 1442 tanquam*
323 1366 435 1425 bonum
461 1386 538 1445 opus
561 1374 591 1426 et
612 1365 812 1446 sacrificium,
848 1383 916 1423 cum
940 1381 985 1421 re-

53 1458 131 1505 vera
161 1450 364 1508 communiter
392 1450 603 1530 accipiendum
632 1452 698 1530 ipse
724 1449 813 1509 'solue
845 1447 985 1527 accipiat,

54 1534 215 1588 ettamen
249 1549 308 1590 nou
341 1539 372 1590 ut
394 1533 506 1592 donum
531 1533 585 1592 Dei
621 1551 836 1613 possessurus,
871 1529 924 1588 sed
953 1537 986 1588 ut

55 1613 177 1672 ‹lonurn
201 1631 287 1672 suum
306 1614 470 1677 oblaturus.
516 1617 667 1694 Oquanta
681 1615 776 1675 maria
788 1620 984 1695 peccatorum

54 1697 85 1753 iu
99 1695 173 1755 solo
195 1697 254 1755 isto
267 1707 459 1759 sacramento
472 1698 650 1759 abundant?
673 1698 755 1759 Deus
778 1697 869 1770 bone,
892 1714 982 1774 quam

55 1780 117 1838 rari
143 1779 192 1837 vel
216 1779 286 1839 nulli
309 1781 410 1859 potius
434 1789 518 1859 suist,
547 1783 598 1861 qui
629 1801 666 1841 eo
695 1781 830 1862 legitime
851 1785 983 1857 utantur,

56 1880 119 1938 quo
146 1862 239 1922 modo
253 1862 390 1922 Christus
413 1865 543 1925 instituit
565 1874 594 1923 et
611 1865 743 1944 apostoli
767 1861 985 1923 servaverunt?

146 1943 261 2004 Eadem
291 1947 410 2006 insania
432 1950 460 2006 in
485 1949 678 2008 confessione
707 1947 759 2006 illa
787 1951 983 2026 peccatorum

58 2029 167 2087 omnia
190 2036 300 2089 vastat:
343 2029 473 2089 Primum
497 2033 586 2107 enim,
610 2050 677 2089 cum
694 2029 830 2090 confesio
853 2027 913 2104 illa,
936 2045 984 2087 res

57 2111 153 2190 piane
177 2111 372 2171 vehementer
400 2114 558 2192 salutaris,
591 2113 700 2174 debeat
723 2131 792 2172 esse
815 2111 926 2184 libera,
955 2116 985 2169 et

58 2205 144 2253 nova
168 2193 217 2253 lex
240 2195 337 2274 legem
362 2194 475 2256 nullam
491 2198 641 2277 patiatur,
664 2195 717 2255 sed
740 2201 857 2256 tantum
877 2191 984 2253 exhor-

60 2279 223 2350 tationem,
246 2286 289 2337 tot
311 2288 440 2358 peccata
463 2298 543 2359 popa
563 2279 637 2338 facit
659 2288 688 2338 et
710 2283 754 2339 tot
778 2279 894 2340 animas
920 2294 985 2355 per·

60 2359 118 2435 dit,
155 2368 230 2438 quot
250 2368 280 2419 et
312 2364 430 2440 quoties
463 2357 548 2422 inviti
576 2361 773 2422 confitentur:
805 2363 890 2439 quia,
913 2359 984 2418 dum

61 2460 123 2502 uon
147 2443 321 2523 exanimo,
344 2445 397 2503 sed
420 2446 605 2505 necessitate
626 2447 796 2526 papistioae
817 2444 894 2523 legis
913 2460 983 2501 con-

61 2523 194 2600 fitentur,
218 2527 320 2586 auimo
343 2533 442 2588 stante
466 2531 573 2587 contra
599 2529 696 2608 legem
728 2526 863 2587 eiusdem
893 2525 984 2585 confi·

62 2616 173 2685 tentor,
197 2610 284 2669 scits
298 2611 732 2690 peccantcredentes,‹iulelici
747 2605 985 2683 couscientialt,
1070 2671 1072 2682 ,

61 2709 131 2750 sese
155 2694 251 2751 teneri
274 2693 447 2754 necessario
471 2693 624 2769 confiteri,
653 2701 806 2753 ettamen
829 2693 932 2766 inviti,
953 2689 984 2750 id

63 2780 118 2851 est,
144 2777 297 2834 contraria
319 2776 485 2851 voluntate,
509 2775 700 2850 confitentur,
723 2795 760 2834 ac
771 2794 827 2856 per
847 2775 908 2835 hoc
921 2793 985 2849 ore,

64 2875 124 2916 nou
149 2847 250 2934 corde,
272 2859 302 2918 id
326 2867 381 2936 est,
405 2859 485 2939 ficte,
507 2858 536 2918 id
560 2866 615 2938 est,
638 2857 798 2938 dupliciter
820 2865 984 2938 peccantes

65 2939 257 3002 confitentur.
300 2941 344 3000 'l'u
368 2961 448 3024 nuuc
472 2942 551 3013 vide,
574 2961 653 3021 quae
675 2944 770 3002 maria
788 2949 983 3022 peccatorum

65 3042 146 3102 papa
169 3025 226 3082 lrac
247 3043 307 3084 una
333 3025 400 3104 lege
423 3025 624 3086 confessionis
654 3027 816 3105 impositae
843 3030 873 3084 el
902 3025 984 3083 iuvo-

68 3105 216 3165 luntariae
238 3109 269 3166 in
292 3115 357 3166 toto
380 3107 453 3168 orbe
477 3117 564 3168 creet.
611 3106 693 3183 Quot
716 3109 795 3167 enim
820 3113 903 3181 suut,
933 3107 984 3185 qui

68 3187 158 3248 libere
180 3188 380 3250 confitentur?
405 3191 532 3250 Athaco
554 3209 644 3251 nemo
667 3199 833 3272 putatesse
846 3197 984 3270 peccata,

68 3280 95 3330 ct
117 3287 224 3332 secure
246 3282 373 3353 pereunt
396 3293 502 3334 omnes
532 3293 585 3353 per
612 3273 705 3333 filium
737 3273 818 3332 hunc
840 3271 982 3352 perditio-

70 3356 112 3412 nis
134 3363 163 3413 et
185 3355 337 3416 hominem
362 3359 478 3435 peccati
503 3355 805 3417 abominatissimum.

148 3437 216 3514 Quo
240 3447 340 3499 auteur
364 3441 440 3500 haec
461 3441 556 3499 maria
577 3450 773 3520 peccatorum
796 3446 826 3498 et
842 3437 984 3518 perditio·

72 3539 137 3580 num
160 3522 220 3580 siut
243 3525 394 3603 auctiora,
424 3525 509 3603 cogit
529 3525 621 3584 etiam
644 3531 771 3604 peccata
793 3541 914 3583 suarum
944 3520 983 3582 le·

75 3645 486 3664 mm

104 3707 134 3771 1)
154 3706 185 3761 Iu
202 3706 247 3762 ed:
261 3709 346 3780 ortga
364 3707 393 3762 in
411 3702 707 3763 intellet‘oonsnsntia.
