2250 4008
121 177 188 250 428
408 182 567 238 Gontutatlo
586 163 753 240 matesis·

126 338 257 402 surditas
284 339 355 402 lruie
384 341 536 402 eontraria
567 341 597 400 in
615 338 776 420 seripturis
797 340 961 421 reperitur.
1003 338 1041 400 Iit

124 424 252 485 elostat
273 427 421 486 autoritas
442 426 501 484 ista
522 422 624 484 adhue
643 424 773 504 inviota,
800 430 832 484 et
853 421 934 483 ridet
955 421 1040 483 lato·

125 507 244 568 mianus
257 515 395 584 mustus,
418 514 450 568 et
460 525 696 588 praeproperam
709 508 901 585 instantiam,
923 503 1042 586 probat·

124 609 202 670 qua,
224 592 306 670 quod
329 593 429 652 omnis
450 591 563 652 iustitia
588 598 634 650 est
653 589 827 668 immunda,
850 608 947 650 omne
971 607 1042 668 opus

124 673 237 736 bonum
261 681 431 754 pennatum.
474 674 621 749 Quamvis
647 674 739 732 miror
765 693 835 733 eum
866 672 915 732 sui
944 671 1043 751 effugii

123 757 174 818 lrie
195 756 339 834 oblitum,
367 777 428 836 ouo
456 758 485 818 iu
509 754 649 817 omuibus
680 755 746 816 aliis
779 757 890 834 utitur-5
925 760 1046 834 poterat

124 841 204 901 euim
227 849 257 901 et
285 841 334 902 hio
361 842 476 903 disere:
510 839 733 901 immunditiam
760 857 830 899 essa
857 837 946 900 aliud
977 837 1043 898 nihil

124 942 215 1004 quam
239 925 516 1003 imperfectionem,
551 924 630 983 siout
648 924 678 982 in
710 921 861 982 voeabulo
886 922 998 982 vitium
1019 927 1046 980 et

124 1014 284 1088 peooatum
315 1008 402 1076 lenit,
426 1007 605 1076 autoritate,
638 1024 698 1084 qua
727 1005 828 1065 solent
853 1002 953 1065 rebus
983 1003 1045 1063 sub-

124 1090 254 1151 stautias
276 1097 308 1150 et
328 1090 486 1152 vocabulis
509 1088 748 1168 significationes
772 1087 934 1168 attingere,
958 1095 1046 1166 prout

124 1174 221 1233 visum
245 1173 342 1235 luerit.
386 1173 446 1235 Sed
474 1171 618 1252 sperabat
638 1171 729 1231 heros
752 1171 974 1249 magnanimus
998 1169 1046 1230 ali·

124 1253 248 1336 quando
277 1275 294 1315 e
322 1258 506 1336 spectatiore
532 1255 661 1316 victoria
686 1252 808 1314 illustris
838 1252 925 1331 lieri,
957 1270 1045 1331 quam

15 1363 21 1372 ·
124 1357 179 1418 per
200 1338 313 1416 effugia
334 1340 451 1418 reliqua
471 1339 568 1398 faetus
591 1345 646 1400 est.

209 1421 335 1482 Aooedit
357 1422 395 1483 ad
418 1423 511 1497 haee,
533 1441 572 1481 ne
593 1419 692 1499 ligura
712 1419 771 1479 ista
792 1418 898 1480 looum
923 1419 978 1478 hio
998 1417 1044 1480 ha

123 1503 211 1581 beat,
234 1510 265 1564 et
286 1504 347 1566 alia
364 1507 457 1569 ratio:
488 1503 570 1584 quod
592 1503 732 1582 regulare
754 1502 844 1562 sitin
867 1501 1045 1582 seripturis,

124 1585 175 1648 ubi
197 1588 375 1668 simpliciter
396 1596 427 1648 et
447 1587 668 1667 perleotissime
697 1585 903 1646 universalem
928 1585 1047 1664 absque

124 1672 208 1742 omni
222 1668 253 1744 ¹)
287 1671 431 1752 serupulo
464 1670 591 1733 exclusa
617 1667 814 1749 syueedoohe
835 1687 890 1728 seu
915 1670 1048 1748 partiou-

99 1752 243 1814 'lsritate
274 1757 325 1820 (ut
354 1756 398 1814 sio
428 1753 546 1824 dieam)
576 1752 696 1827 statuit,
731 1767 792 1812 non
820 1759 973 1812 eontenta
994 1757 1050 1826 est,

122 1836 264 1915 posuisse
277 1836 478 1897 universalem
503 1842 533 1895 et
554 1834 780 1911 affirmativam,
803 1832 912 1894 adlisit
932 1840 965 1894 et
978 1834 1047 1893 uni·

123 1918 273 1980 semelem
301 1927 333 1979 et
358 1921 543 1998 negativam.
592 1917 690 1994 Quale
719 1921 766 1976 est
798 1915 873 1977 illud
903 1916 996 1980 Rom.
1019 1918 1046 1980 3.

81 2048 84 2054 .
123 2020 164 2061 ex
185 2001 308 2063 Psalmo
333 2002 440 2077 tt.²):
470 1999 585 2062 Omnes
608 1999 846 2076 declinaverunt,
869 1999 963 2059 simul
986 1999 1047 2058 inu·

123 2083 191 2144 tiles
209 2085 281 2146 laeti
305 2091 390 2163 eunt,
429 2103 490 2146 non
520 2091 567 2145 est
598 2082 770 2162 intelligens
799 2088 857 2142 neo
884 2083 1047 2160 requirens

124 2166 237 2244 Deum,
260 2187 321 2228 uon
345 2168 464 2246 estqui
486 2165 724 2229 faeiatbonum.
776 2163 844 2238 Quo
874 2164 947 2224 loeo
971 2164 1046 2224 Pau·

123 2249 272 2316 lushane
292 2251 429 2329 regulam
459 2257 561 2309 servat
590 2255 620 2308 et
649 2246 824 2324 oonfirmat,
854 2247 1046 2308 ooneludens

123 2331 301 2413 simplieiter
336 2351 444 2394 omnes
470 2332 600 2392 ludaeos
638 2337 669 2390 et
701 2329 855 2404 Graeoos,
891 2329 955 2391 hoo
992 2337 1046 2406 est,

125 2433 232 2476 omnes
254 2415 334 2476 filios
356 2417 523 2489 hominum,
546 2413 602 2474 sub
625 2420 763 2493 peoeato.
806 2412 871 2472 Nisi
894 2413 980 2473 enim
1000 2412 1047 2472 hle

124 2499 251 2559 exolusa
272 2507 354 2560 esset
375 2498 587 2580 syneodoolre,
615 2500 681 2558 tota
709 2495 844 2574 apostoli
875 2494 1045 2576 disputatio

112 2580 187 2642 illio
207 2589 324 2660 rueret,
356 2589 386 2643 et
407 2581 480 2642 nihil
504 2599 560 2661 pro
583 2579 699 2658 gratiae
721 2578 923 2653 necessitate,
955 2597 1046 2657 quam

123 2664 268 2735 intendit,
304 2664 510 2727 oonoluderel.
571 2662 647 2722 Tale
687 2666 718 2721 st
753 2660 826 2722 illud
859 2660 1000 2721 eiusdem
1032 2681 1047 2719 e

124 2746 247 2807 Psalmo
270 2747 370 2816 32⁸t:
393 2747 496 2826 Beati,
526 2764 654 2825 quorum
677 2745 824 2804 remissae
846 2749 916 2803 sunt
940 2745 1046 2823 iniqui-

125 2833 218 2896 tates,
241 2847 369 2906 quorum
392 2836 474 2890 testa
496 2835 565 2889 sunt
587 2834 725 2906 peooata.
770 2827 882 2888 Beatus
905 2827 974 2900 vir,
1002 2829 1046 2887 eui

126 2929 186 2972 non
209 2911 370 2987 imputavit
383 2913 534 2973 Dominus
549 2915 720 2989 peecatum,
742 2928 800 2970 nee
816 2914 864 2968 est
885 2910 915 2968 iu
941 2909 1046 2990 spiritu

125 2993 190 3054 eius
213 2992 312 3054 dolus.
347 2994 437 3070 Eoos,
460 3002 491 3054 ut
512 2993 604 3074 plena
628 3000 658 3052 et
679 2991 810 3052 rotunda
831 2992 975 3053 remissio
999 3012 1047 3052 ex-

125 3077 320 3158 primeretur,
343 3093 404 3136 non
426 3078 500 3136 satie
523 3082 590 3136 erat
611 3074 742 3147 dixisse,
776 3091 845 3134 esse
866 3075 999 3135 remissa
1020 3081 1046 3134 st

125 3167 205 3221 teuta
228 3158 422 3231 affirmative,
446 3158 499 3219 sed
522 3165 553 3218 et
575 3154 808 3236 compulerit),
841 3174 903 3216 non
928 3159 1046 3217 esseio

126 3243 232 3322 spiritu
257 3242 377 3318 dolum,
408 3241 501 3303 addit.
550 3241 619 3301 Hoo
646 3238 739 3300 modo
760 3239 872 3300 Thren.
896 3241 931 3303 2:
963 3239 1046 3300 Prae·

127 3323 263 3402 aipitavit
284 3325 449 3398 Dominus,
478 3331 509 3384 et
530 3343 590 3383 non
614 3322 752 3403 pepercit
780 3322 883 3382 omnia
906 3323 1047 3402 speciosa

127 3403 229 3480 laeob,
253 3413 286 3464 ut
308 3406 380 3466 nihil
404 3407 520 3466 scilieet
543 3405 715 3485 spesiosam
734 3403 871 3464 relietum
896 3404 1045 3495 ostendat.

201 3587 230 3644 tl
249 3587 280 3640 In
299 3591 363 3646 edit.
382 3590 444 3645 den.
464 3590 556 3644 deest:
584 3591 670 3643 omni.
709 3588 792 3652 2)1n
818 3586 862 3642 sd.
883 3592 982 3658 orig.:
1010 3591 1044 3647 13.

131 3655 160 3714 3l
181 3653 263 3711 loia:
284 3659 327 3713 ³1.
364 3661 392 3727 t)
413 3661 442 3714 ln
462 3661 505 3715 ed.
524 3662 598 3716 lem:
617 3661 665 3715 sed
685 3667 712 3715 et
731 3675 788 3714 non
806 3662 950 3731 imputo-t.
