2262 4006
146 198 209 267 334
375 183 851 274 septimanariorum

232 357 271 417 lit
293 359 366 418 milri
387 377 462 418 eane
484 359 561 417 liaeo
593 359 688 418 laoies
715 358 822 419 ultima
850 359 984 419 omnium
1013 372 1061 418 no·

152 442 329 502 oeutissima
351 459 419 501 esse
440 441 575 520 ridetur,
598 441 746 520 siquidem
776 442 853 501 liaeo
880 441 954 502 sola·
973 440 1062 501 itabat

146 525 265 584 titulum
289 524 387 602 verbi,
420 543 488 584 oum
519 533 639 583 oeterae
661 542 769 584 omnes
792 525 908 584 titulum
931 524 1063 603 exeolpll

79 618 88 624 “
147 607 298 666 duntaxat
318 607 461 685 habeant,
476 615 507 666 et
527 605 618 685 plane
641 606 914 684 sobolahidollr,id
927 613 984 683 est,
996 609 1063 686 pro'·

145 691 332 769 positionum
356 691 433 750 liaeo
455 699 510 766 est,
534 690 703 768 dequibus
727 692 838 750 statim.
875 693 1062 769 lnoo'mpara·

148 774 246 832 biliter
274 781 375 832 autem
406 776 502 832 maius
531 771 674 832 damnum
704 782 751 832 est
781 774 837 832 sub
865 773 953 832 titulo
983 772 1062 832 verbi

147 855 259 915 dooere
281 855 382 915 aliena
409 855 516 932 verbo,
538 873 606 914 oum
635 855 850 936 exemplorum
878 857 973 916 laoies
1002 865 1062 915 tum
1118 885 1119 896 κ

146 939 230 998 verbi
252 938 331 998 laoie
359 939 505 998 formetur
527 945 557 996 et
580 937 756 1017 roboretur,
786 941 848 999 oito
875 939 1010 1014 ruitura,
1040 939 1063 996 si

146 1020 270 1080 verbum
294 1023 427 1100 genuino
450 1040 505 1080 usu
527 1028 679 1100 regnaret,
702 1028 763 1080 tum
787 1022 1003 1100 exemplorum
1026 1021 1065 1080 la·

145 1106 208 1163 oies
230 1121 331 1164 mores
354 1111 470 1163 lautum
492 1104 584 1181 lallit,
607 1113 638 1163 at
659 1104 744 1164 verbi
766 1106 858 1164 laoies
881 1104 973 1164 tidem
999 1105 1063 1162 suli-

146 1187 244 1247 rertit.
288 1186 378 1262 Quod
399 1188 424 1246 si
443 1205 503 1266 qua
526 1186 581 1246 Dei
595 1189 692 1266 gratia
705 1187 925 1247 Universitates
939 1186 1063 1247 verbum

145 1269 202 1328 Dei
227 1272 457 1349 assumpserint,
479 1270 561 1328 Deus
584 1269 673 1344 bone,
696 1286 787 1348 quam
810 1271 912 1330 subito
934 1277 1064 1350 papatus

146 1370 214 1411 oum
237 1353 378 1413 omnibus
401 1353 536 1413 laoiebus
558 1353 620 1411 suis
638 1361 721 1412 esset
733 1356 893 1432 peril-urus,
908 1368 979 1412 oum
991 1353 1064 1412 haec

145 1435 300 1495 laoiesusit
322 1438 413 1516 plane
443 1435 555 1512 lulora,
591 1452 663 1494 ossa
695 1441 726 1494 et
758 1445 822 1497 tota
853 1437 951 1496 virtus
982 1436 1064 1516 regui
1118 1507 1119 1516 χ

143 1517 310 1578 lariorum?
1118 1525 1119 1528 ’

227 1601 314 1660 llauo
343 1600 487 1661 larvalem
517 1601 626 1660 faeiem
655 1600 745 1661 nobis
774 1600 968 1681 praedixisse
996 1602 1064 1660 milri
1118 1637 1119 1640 =

146 1683 264 1743 ridetur
286 1691 316 1744 et
340 1686 437 1763 Apoo.
460 1685 499 1758 9.,
522 1686 607 1743 ouius
629 1685 722 1743 verba
743 1685 868 1765 dignum
883 1691 930 1743 est
952 1684 1006 1743 hio
1023 1702 1063 1742 re·

145 1785 270 1826 oeusere
290 1774 322 1826 et
343 1767 643 1846 paneisexplioare,
677 1769 718 1825 ait
740 1771 837 1827 enim:
871 1767 909 1826 ln
941 1768 1062 1846 quintus

145 1850 274 1928 angelus
297 1848 369 1910 tuba
391 1850 511 1925 oeoiuit,
534 1859 572 1908 et
587 1848 648 1908 vidi
671 1849 789 1910 stellam
811 1850 850 1910 de
871 1849 963 1910 eaelo
991 1852 1064 1909 oeoi·

145 1932 278 1992 disseio
301 1941 429 2008 terram,
451 1939 483 1991 et
509 1932 582 1992 dala
603 1941 649 1991 est
671 1934 699 1992 el
725 1934 820 1994 olavls
848 1933 932 2012 putei
962 1932 1063 2012 abyssi

143 2023 200 2078 eto.
243 2015 313 2075 llleo
336 2015 384 2073 hio
406 2033 497 2075 seusu
520 2014 723 2095 perialitabor.
756 2016 878 2076 (tertam
903 2021 960 2091 est,
974 2035 1063 2096 auge

144 2098 191 2158 los
213 2116 268 2178 per
296 2104 392 2157 totam
417 2099 637 2178 Apocalypsin]
668 2099 832 2178 episoopos
862 2098 1062 2158 ecelesiarum

144 2199 223 2259 esse,
246 2191 277 2240 ut
300 2179 414 2258 liquido
444 2181 538 2241 oleret
559 2201 599 2240 ex
621 2181 756 2241 seeundo
780 2190 810 2240 et
829 2184 922 2242 tertio
952 2184 1062 2260 eapite,

143 2264 194 2322 ubi
215 2265 326 2344 angelo
351 2263 462 2344 Ephesi
485 2270 515 2323 et
537 2263 648 2344 angelo
671 2263 820 2344 Smyrnae
840 2263 973 2342 aliisque
995 2266 1062 2324 sori·

142 2345 229 2406 bitur.
274 2347 369 2406 Porro
402 2347 482 2405 aliud
511 2347 583 2406 illud
617 2346 796 2426 angelorum
830 2363 943 2427 genus,
979 2347 1060 2425 quod

143 2429 216 2489 tuba
238 2431 336 2509 cauit,
365 2446 493 2507 quorum
516 2437 586 2488 sunt
609 2437 736 2508 septem,
760 2432 859 2509 eapite
881 2429 909 2492 8.
934 2447 1059 2508 prorsus

142 2530 203 2573 non
226 2514 283 2572 uisi
306 2512 447 2572 Romano
476 2513 624 2592 episeopo
653 2516 818 2573 convenire
845 2518 964 2592 potest,
994 2531 1060 2572 oum

141 2595 214 2656 nulli
237 2597 286 2655 alii
312 2595 385 2654 tuba
407 2596 556 2656 oeoinisse
568 2594 746 2656 scribantur.
789 2596 992 2656 'l'ubaautem
1015 2615 1061 2654 oa·
1115 2623 1116 2666 t

141 2697 224 2755 nere,
254 2697 271 2737 e
297 2686 399 2737 textus
428 2678 649 2756 consequentia
683 2687 713 2738 et
746 2678 903 2740 effectibus
938 2681 1060 2756 aeoutis,
1115 2669 1116 2716 ἶ

141 2761 314 2821 aliudesse
342 2779 404 2821 noo
426 2766 545 2842 potest,
575 2779 665 2840 quam
694 2762 823 2821 Deoreta
847 2760 1000 2840 condere,
1033 2761 1059 2820 id

142 2843 223 2923 quod
247 2844 345 2903 nullus
375 2850 496 2923 praeter
523 2843 682 2903 Romanae
710 2845 860 2904 eeclesiae
893 2846 1058 2925 episeopus

141 2926 198 2986 sibi
221 2944 353 3005 uuquam
375 2928 539 3007 arrogavit.
583 2927 646 2986 Neo
668 2927 777 2987 trustra
799 2927 973 2986 scribantur
994 2945 1059 2986 sese
1114 2943 1115 2956 ¹

140 3028 352 3091 praeparasse,
373 3018 406 3068 ut
427 3016 582 3087 canerent,
606 3010 743 3069 oum'his
765 3010 840 3069 nolis
860 3008 1057 3070 Pontificibus

140 3111 262 3173 semper
282 3093 443 3172 impatiens
467 3092 548 3152 luror
571 3100 602 3151 et
622 3092 742 3170 inquies
760 3093 897 3174 tyrannis
918 3090 1057 3153 lueritad

139 3179 223 3258 leges
246 3174 423 3236 condendas
447 3184 627 3254 ceterosque
649 3175 704 3235 sibi
734 3175 951 3237 subiitiendos.
1000 3175 1057 3237 Sed

118 3305 121 3314 .
140 3263 178 3321 ad
202 3266 338 3321 nostrum
362 3259 499 3337 quintum
523 3258 665 3337 angelum
688 3260 857 3337 veniamus,
881 3260 931 3336 qni
946 3260 1056 3338 primus

141 3347 188 3402 est
206 3345 285 3402 inter
307 3351 384 3416 tres,
415 3342 467 3418 qui
498 3341 554 3399 tria
586 3343 649 3400 Vae
673 3341 826 3400 induaturi
853 3352 941 3400 erant
968 3359 1056 3422 super

140 3432 261 3508 terram,
281 3423 312 3483 id
335 3429 391 3501 eat,
414 3423 464 3500 qui
486 3423 601 3501 primus
619 3422 837 3483 Universitates
860 3425 992 3483 in'stltnit
1012 3425 1055 3483 vel

141 3505 341 3581 confirmavit,
362 3523 452 3584 quem
477 3505 549 3564 milri
571 3523 631 3564 uon
661 3506 860 3566 laoile'luerit
887 3508 1052 3584 nominare,

140 3585 183 3645 ita
205 3588 391 3647 variantibus
412 3587 555 3664 historiis,
568 3586 621 3646 sed
636 3590 828 3668 sit,quisquis
840 3589 941 3652 luerit.
965 3588 1053 3648 Stella

146 3665 180 3724 'a
202 3669 290 3729 ooelo
311 3671 341 3728 in
364 3675 472 3728 terram
495 3668 598 3751 lapsa,
621 3672 668 3731 rel
692 3671 871 3734 Alexander
894 3671 932 3732 de
955 3670 1053 3750 Hales,
