2258 4002
134 155 196 222 190
325 157 454 218 desertio
479 174 554 220 omn-
572 160 650 223 artie
671 157 704 222 0·
724 158 757 221 li
777 157 803 223 ι,
822 173 871 231 oss

218 274 236 300 ,
980 273 989 282 .

139 317 262 392 ceptum
286 311 325 374 de
348 311 518 380 venialibus
540 310 722 378 confitendis
744 310 921 390 sacerdoti?
959 308 1061 382 Nonpe

138 396 262 478 ipsimet
282 395 388 464 dicunt
411 413 519 461 omnes
542 396 732 476 unanimiter,
761 393 894 465 venialia
916 411 981 464 pon
1004 411 1062 470 per-

139 479 235 540 tinere
256 478 295 538 ad
316 477 564 543 confessionem?
587 477 649 540 Cur
671 495 745 557 ergo
768 496 826 548 sua
845 477 971 556 propria
987 475 1063 544 deto-

139 568 214 623 nant
234 569 359 640 propter
381 560 452 622 me?
487 561 615 636 Deinde,
637 579 706 625 oum
728 559 794 628 fere
813 578 983 640 peccemus
1005 559 1066 619 sine

137 645 362 705 intermissione
385 642 554 724 venialiter,
576 645 644 722 quis
667 644 722 712 erit
741 641 810 705 finis
825 651 858 712 et
870 641 984 707 modus
999 659 1065 708 oon·

139 725 266 788 fitendi?
309 727 357 788 An
389 726 462 788 iliud
490 746 507 786 e
535 727 674 788 Decretis
706 725 874 803 adducent,
910 744 936 793 o.
963 723 1068 787 Omnis

139 810 296 889 utriusque
317 828 420 888 sexus,
445 809 494 872 ubi
516 810 702 890 praecipitur
723 810 841 878 eunctis
862 807 1018 884 fidelibus,
1039 818 1068 868 ut

139 891 234 952 semel
256 893 287 951 in
309 910 390 952 anno
420 894 556 952 omnium
578 910 703 952 snorum
732 901 930 972 peccatorum
956 889 1069 957 iaciant

140 974 387 1036 consessionem?
429 974 471 1034 At
502 977 570 1054 quie
601 994 655 1054 per
683 976 788 1043 onnia
814 982 944 1054 pennata
978 973 1067 1032 etiam

140 1058 271 1118 venialia
302 1057 464 1136 intelligit?
508 1061 569 1118 Aut
601 1077 663 1139 qno
691 1057 777 1119 iure?
807 1075 871 1136 qua
894 1055 1069 1136 Scripturae

140 1142 303 1220 autoritate
325 1140 409 1220 Papo
429 1142 607 1220 praecipere
636 1147 739 1220 potent
767 1140 899 1200 venialia
927 1140 967 1200 ad
999 1157 1069 1198 con·

139 1223 305 1284 sessionem
333 1223 507 1302 pertinere?
551 1222 630 1290 Vide
658 1241 732 1302 ergo
762 1223 916 1290 mirabiles
945 1221 1069 1289 damna-

140 1313 233 1382 tores,
251 1305 291 1364 de
312 1305 379 1368 sola
400 1306 559 1367 voluntate
581 1325 639 1372 aua
658 1314 900 1385 praesumentes,
931 1306 1068 1372 omnium

140 1387 291 1466 omnibus,
313 1390 406 1451 etiam
427 1390 490 1448 suis
511 1391 647 1468 ipsorum
669 1389 828 1462 sententiis
845 1388 1067 1459 contradicere.

222 1470 291 1532 Jam
313 1471 505 1550 impossibile
529 1490 614 1548 esse,
642 1480 675 1530 ut
701 1473 806 1538 omnia
828 1471 971 1539 mortalia
1000 1489 1069 1548 cog·
1120 1513 1121 1552 5

140 1572 269 1630 noscas,
300 1553 560 1620 evidentissimum
582 1562 691 1624 estex
713 1553 791 1626 Paul,
815 1553 921 1627 t9.1):
950 1553 1068 1621 Delicta
1120 1579 1121 1626 ι

140 1638 208 1716 quis
235 1635 398 1718 intelligit?
430 1636 468 1696 ab
498 1636 627 1702 occultis
659 1638 735 1704 meis
762 1636 876 1706 mundo
902 1657 964 1708 me.
1010 1637 1069 1697 Cur

139 1720 221 1782 bunc
242 1719 424 1799 prophetam
454 1719 700 1794 condemnant,
732 1740 772 1780 ex
799 1721 887 1791 anina
914 1739 971 1788 ore
1002 1738 1069 1787 mea

140 1802 234 1867 verba
255 1801 353 1866 fluunt
374 1811 405 1868 et
425 1802 570 1883 pendent,
592 1804 644 1881 qni
666 1811 696 1862 et
709 1802 828 1870 Prata
850 1804 973 1870 titutum
987 1803 1068 1882 fecit,

140 1905 196 1966 pro
218 1886 391 1966 ignorantia
412 1904 483 1962 sna,
509 1887 539 1946 in
563 1904 624 1970 quo
647 1905 709 1951 non
732 1886 789 1956 nisi
812 1904 869 1964 pro
891 1886 1018 1958 occulto
1040 1891 1070 1945 et

140 1970 281 2049 ignorato
304 1967 361 2030 sibi
383 1975 512 2048 peccato
534 1975 686 2049 precatur.
728 1967 811 2038 idern
834 1988 939 2040 rursus
957 1969 1068 2031 Psalm.

141 2050 257 2126 143²):
280 2051 348 2114 Non
370 2053 463 2112 intres
486 2053 516 2115 io
539 2051 682 2116 iudicium
705 2069 773 2121 oum
788 2070 879 2114 serso
902 2060 973 2127 tuo,
997 2054 1069 2131 qnia
1119 2117 1120 2136 χ

138 2154 200 2196 non
227 2132 438 2196 iustificabitur
470 2135 499 2194 in
530 2141 699 2214 conspeetu
731 2143 784 2204 tipo
816 2137 919 2208 amnis
949 2136 1067 2200 vivens.
1119 2139 1120 2208 i

137 2217 203 2278 Neo
226 2225 328 2298 potest
354 2218 404 2278 hio
431 2217 507 2296 dici,
536 2217 648 2280 delicta
676 2218 798 2288 occulta
814 2237 894 2288 ‘resse
926 2218 1065 2295 venialia,

139 2319 208 2364 cnm
232 2319 292 2360 non
315 2299 471 2362 iustificari
494 2301 554 2368 boo
574 2301 674 2380 ipsum
695 2302 751 2379 stt,
779 2301 909 2372 mortale
932 2309 963 2365 et
983 2301 1067 2368 dam·

141 2384 250 2448 nobile.
274 2382 306 2444 si
328 2403 401 2464 ergo
415 2383 517 2448 Sancti
540 2383 654 2449 babent
668 2384 807 2452 mortalia
821 2391 965 2468 precenta,
988 2403 1067 2464 quoe

139 2469 298 2550 ignorant,
321 2475 447 2547 propter
467 2485 546 2548 qnae
568 2465 802 2546 damnarentur,
830 2469 888 2537 uiti
910 2467 1016 2536 humili
1038 2475 1068 2536 et

138 2551 274 2631 generati
295 2550 490 2612 confessione
512 2551 725 2629 praevenirent
746 2550 988 2612 misericordiam
1010 2550 1066 2609 Dei

138 2636 360 2715 ignoscentem,
382 2632 454 2712 qnid
473 2651 529 2694 noa
552 2633 699 2702 audemus
722 2633 856 2695 tribuere
876 2635 979 2713 impiis
996 2651 1068 2711 poe·

141 2716 304 2776 nitentibus
318 2725 390 2776 ante
402 2719 543 2797 gratiam,
557 2724 590 2775 ut
603 2718 706 2778 omnia
722 2719 843 2799 possint
855 2715 1065 2797 cognoscere?

137 2841 141 2848 -
223 2799 250 2862 Ο
272 2800 405 2860 caecitas
427 2799 626 2879 deploranda,
649 2817 752 2860 nonne
764 2799 901 2862 Christus
914 2799 1065 2880 praedixit
1118 2833 1119 2836 =

140 2883 251 2963 impios
274 2882 352 2943 adeo
375 2900 487 2944 caecos
506 2901 592 2958 esse,
619 2889 651 2943 nt
677 2884 768 2944 etiam
793 2883 965 2946 occidendo
995 2901 1063 2964 apo·

140 2965 238 3026 stolon
261 2965 440 3026 arbitrentur
462 2984 531 3026 sesa
548 2965 728 3046 obsequium
749 2974 906 3047 praestare
925 2966 1060 3044 'Deoi*)

140 3049 180 3109 ut
201 3048 358 3128 quomodo
385 3050 404 3108 it
434 3057 562 3128 peccata
598 3068 653 3110 sue
680 3051 825 3110 mortalia
856 3049 1064 3130 cognoscent?

140 3132 305 3208 Quomodo
329 3130 503 3206 Paulus*·¹)
531 3152 572 3194 ea
594 3138 741 3213 cognovit
767 3135 888 3214 spirans
906 3134 1016 3202 caedis
1037 3140 1065 3193 et

141 3218 300 3294 minarum,
332 3234 399 3276 cum
423 3223 524 3282 tamen
547 3219 650 3278 omnia
673 3216 788 3284 feceret
804 3236 887 3296 'quse
907 3226 1018 3290 nosset
1036 3225 1064 3278 et

141 3306 256 3380 posset,
278 3299 357 3363 adeo
381 3307 414 3359 nt
436 3301 502 3365 sine
522 3300 647 3378 querele
663 3320 732 3368 aeae
748 3309 1061 3372 oonueraatnmtenta·

197 3563 230 3698 ιι
249 3565 343 3686 tat·
361 3563 683 3700 cr·=.1ac„ta·=
704 3566 765 3622 ¹⁴²·
