<?xml version="1.0" encoding="UTF-8"?>
<!DOCTYPE html PUBLIC "-//W3C//DTD XHTML 1.0 Transitional//EN"
    "http://www.w3.org/TR/xhtml1/DTD/xhtml1-transitional.dtd">
<html xmlns="http://www.w3.org/1999/xhtml" xml:lang="en" lang="en">
 <head>
  <title>
</title>
<meta http-equiv="Content-Type" content="text/html;charset=utf-8" />
  <meta name='ocr-system' content='tesseract 3.04.00' />
  <meta name='ocr-capabilities' content='ocr_page ocr_carea ocr_par ocr_line ocrx_word'/>
</head>
<body>
  <div class='ocr_page' id='page_1' title='image "./operalatinavari03schmgoog_0057.png"; bbox 0 0 2254 4008; ppageno 0'>
   <div class='ocr_carea' id='block_1_1' title="bbox 151 162 822 236">
    <p class='ocr_par' dir='ltr' id='par_1_1' title="bbox 151 162 822 236">
     <span class='ocr_line' id='line_1_1' title="bbox 151 162 822 236; baseline 0.007 -19"><span class='ocrx_word' id='word_1_1' title='bbox 151 162 194 230; x_wconf 76' lang='grc'><strong>46</strong></span> <span class='ocrx_word' id='word_1_2' title='bbox 405 165 446 224; x_wconf 84' lang='lat' dir='ltr'><strong>Dc</strong></span> <span class='ocrx_word' id='word_1_3' title='bbox 465 165 544 236; x_wconf 79' lang='lat' dir='ltr'><strong>cept</strong></span> <span class='ocrx_word' id='word_1_4' title='bbox 564 165 662 235; x_wconf 82' lang='lat' dir='ltr'><strong>Babyl.</strong></span> <span class='ocrx_word' id='word_1_5' title='bbox 680 165 822 222; x_wconf 70' lang='lat' dir='ltr'><strong>Ecclesiae</strong></span> 
     </span>
    </p>
   </div>
   <div class='ocr_carea' id='block_1_2' title="bbox 153 319 1084 815">
    <p class='ocr_par' dir='ltr' id='par_1_2' title="bbox 153 319 1084 815">
     <span class='ocr_line' id='line_1_2' title="bbox 156 319 1081 399; baseline 0.002 -20"><span class='ocrx_word' id='word_1_6' title='bbox 156 337 352 399; x_wconf 90' lang='lat' dir='ltr'><strong>summopere</strong></span> <span class='ocrx_word' id='word_1_7' title='bbox 374 319 524 397; x_wconf 86' lang='lat' dir='ltr'><strong>cavendo,</strong></span> <span class='ocrx_word' id='word_1_8' title='bbox 547 339 586 380; x_wconf 91' lang='lat' dir='ltr'><strong>ne</strong></span> <span class='ocrx_word' id='word_1_9' title='bbox 607 319 720 380; x_wconf 86' lang='lat' dir='ltr'><strong>fiducia</strong></span> <span class='ocrx_word' id='word_1_10' title='bbox 733 320 946 396; x_wconf 78' lang='lat' dir='ltr'><strong>confessionis,</strong></span> <span class='ocrx_word' id='word_1_11' title='bbox 968 321 1081 381; x_wconf 88' lang='lat' dir='ltr'><strong>oratio·</strong></span> 
     </span>
     <span class='ocr_line' id='line_1_3' title="bbox 155 391 1083 482; baseline 0.001 -21"><span class='ocrx_word' id='word_1_12' title='bbox 155 403 213 478; x_wconf 89' lang='lat' dir='ltr'><strong>nis,</strong></span> <span class='ocrx_word' id='word_1_13' title='bbox 236 404 477 482; x_wconf 73' lang='lat' dir='ltr'><strong>praeparationis</strong></span> <span class='ocrx_word' id='word_1_14' title='bbox 500 391 660 482; x_wconf 78' lang='lat' dir='ltr'><strong>quisqudm</strong></span> <span class='ocrx_word' id='word_1_15' title='bbox 684 403 821 480; x_wconf 88' lang='lat' dir='ltr'><strong>accedat,</strong></span> <span class='ocrx_word' id='word_1_16' title='bbox 843 400 898 464; x_wconf 89' lang='lat' dir='ltr'><strong>s&#39;ed</strong></span> <span class='ocrx_word' id='word_1_17' title='bbox 922 404 968 464; x_wconf 87' lang='lat' dir='ltr'><strong>his</strong></span> <span class='ocrx_word' id='word_1_18' title='bbox 984 404 1083 463; x_wconf 89' lang='lat' dir='ltr'><strong>omni·</strong></span> 
     </span>
     <span class='ocr_line' id='line_1_4' title="bbox 153 484 1081 566; baseline -0.001 -21"><span class='ocrx_word' id='word_1_19' title='bbox 153 484 208 545; x_wconf 91' lang='lat' dir='ltr'><strong>bns</strong></span> <span class='ocrx_word' id='word_1_20' title='bbox 221 484 389 566; x_wconf 89' lang='lat' dir='ltr'><strong>desperatis</strong></span> <span class='ocrx_word' id='word_1_21' title='bbox 412 486 441 544; x_wconf 91' lang='lat' dir='ltr'><strong>in</strong></span> <span class='ocrx_word' id='word_1_22' title='bbox 456 487 589 566; x_wconf 88' lang='lat' dir='ltr'><strong>superba</strong></span> <span class='ocrx_word' id='word_1_23' title='bbox 599 485 712 546; x_wconf 85' lang='lat' dir='ltr'><strong>fiducie</strong></span> <span class='ocrx_word' id='word_1_24' title='bbox 734 487 938 566; x_wconf 86' lang='lat' dir='ltr'><strong>promittentis</strong></span> <span class='ocrx_word' id='word_1_25' title='bbox 958 485 1081 564; x_wconf 80' lang='lat' dir='ltr'><strong>Christi,</strong></span> 
     </span>
     <span class='ocr_line' id='line_1_5' title="bbox 155 567 1083 649; baseline 0.001 -22"><span class='ocrx_word' id='word_1_26' title='bbox 155 569 236 647; x_wconf 87' lang='lat' dir='ltr'><strong>quia,</strong></span> <span class='ocrx_word' id='word_1_27' title='bbox 259 576 292 627; x_wconf 92' lang='lat' dir='ltr'><strong>ut</strong></span> <span class='ocrx_word' id='word_1_28' title='bbox 313 567 427 628; x_wconf 90' lang='lat' dir='ltr'><strong>dictum</strong></span> <span class='ocrx_word' id='word_1_29' title='bbox 450 571 608 647; x_wconf 74' lang='lat' dir='ltr'><strong>carsatis,</strong></span> <span class='ocrx_word' id='word_1_30' title='bbox 636 568 761 628; x_wconf 90' lang='lat' dir='ltr'><strong>verbum</strong></span> <span class='ocrx_word' id='word_1_31' title='bbox 791 571 1004 649; x_wconf 77' lang='lat' dir='ltr'><strong>promissionis</strong></span> <span class='ocrx_word' id='word_1_32' title='bbox 1035 569 1083 628; x_wconf 90' lang='lat' dir='ltr'><strong>hic</strong></span> 
     </span>
     <span class='ocr_line' id='line_1_6' title="bbox 155 650 1084 732; baseline 0 -22"><span class='ocrx_word' id='word_1_33' title='bbox 155 651 253 710; x_wconf 92' lang='lat' dir='ltr'><strong>solum</strong></span> <span class='ocrx_word' id='word_1_34' title='bbox 275 669 404 731; x_wconf 84' lang='lat' dir='ltr'><strong>regnare</strong></span> <span class='ocrx_word' id='word_1_35' title='bbox 427 650 533 728; x_wconf 88' lang='lat' dir='ltr'><strong>debet,</strong></span> <span class='ocrx_word' id='word_1_36' title='bbox 564 653 594 712; x_wconf 91' lang='lat' dir='ltr'><strong>in</strong></span> <span class='ocrx_word' id='word_1_37' title='bbox 616 650 676 711; x_wconf 86' lang='lat' dir='ltr'><strong>lide</strong></span> <span class='ocrx_word' id='word_1_38' title='bbox 698 670 789 731; x_wconf 87' lang='lat' dir='ltr'><strong>pure,</strong></span> <span class='ocrx_word' id='word_1_39' title='bbox 811 671 889 732; x_wconf 87' lang='lat' dir='ltr'><strong>quae</strong></span> <span class='ocrx_word' id='word_1_40' title='bbox 916 660 963 713; x_wconf 87' lang='lat' dir='ltr'><strong>est</strong></span> <span class='ocrx_word' id='word_1_41' title='bbox 993 654 1084 711; x_wconf 90' lang='lat' dir='ltr'><strong>unica</strong></span> 
     </span>
     <span class='ocr_line' id='line_1_7' title="bbox 155 733 720 815; baseline 0.002 -22"><span class='ocrx_word' id='word_1_42' title='bbox 155 741 186 793; x_wconf 88' lang='lat' dir='ltr'><strong>ct</strong></span> <span class='ocrx_word' id='word_1_43' title='bbox 207 733 273 794; x_wconf 92' lang='lat' dir='ltr'><strong>sola</strong></span> <span class='ocrx_word' id='word_1_44' title='bbox 297 733 451 794; x_wconf 85' lang='lat' dir='ltr'><strong>sufficiens</strong></span> <span class='ocrx_word' id='word_1_45' title='bbox 472 736 677 815; x_wconf 86' lang='lat' dir='ltr'><strong>praeparatio.</strong></span> <span class='ocrx_word' id='word_1_46' title='bbox 717 771 720 784; x_wconf 61' lang='grc' dir='ltr'><strong><em>ι</em></strong></span> 
     </span>
    </p>
   </div>
   <div class='ocr_carea' id='block_1_3' title="bbox 153 816 1086 3724">
    <p class='ocr_par' dir='ltr' id='par_1_3' title="bbox 153 816 1086 2475">
     <span class='ocr_line' id='line_1_8' title="bbox 239 816 1083 897; baseline 0.001 -22"><span class='ocrx_word' id='word_1_47' title='bbox 239 816 385 876; x_wconf 86' lang='lat' dir='ltr'><strong>Videmus</strong></span> <span class='ocrx_word' id='word_1_48' title='bbox 409 837 448 876; x_wconf 87' lang='lat' dir='ltr'><strong>ex</strong></span> <span class='ocrx_word' id='word_1_49' title='bbox 471 818 534 896; x_wconf 89' lang='lat' dir='ltr'><strong>bis,</strong></span> <span class='ocrx_word' id='word_1_50' title='bbox 564 835 655 896; x_wconf 86' lang='lat' dir='ltr'><strong>quero</strong></span> <span class='ocrx_word' id='word_1_51' title='bbox 684 817 791 897; x_wconf 85' lang='lat' dir='ltr'><strong>grandi</strong></span> <span class='ocrx_word' id='word_1_52' title='bbox 813 819 859 877; x_wconf 90' lang='lat' dir='ltr'><strong>ira</strong></span> <span class='ocrx_word' id='word_1_53' title='bbox 879 817 936 878; x_wconf 90' lang='lat' dir='ltr'><strong>Dei</strong></span> <span class='ocrx_word' id='word_1_54' title='bbox 966 817 1083 877; x_wconf 89' lang='lat' dir='ltr'><strong>lactum</strong></span> 
     </span>
     <span class='ocr_line' id='line_1_9' title="bbox 153 899 1083 980; baseline 0 -21"><span class='ocrx_word' id='word_1_55' title='bbox 153 903 207 976; x_wconf 87' lang='lat' dir='ltr'><strong>sit,</strong></span> <span class='ocrx_word' id='word_1_56' title='bbox 241 907 274 960; x_wconf 91' lang='lat' dir='ltr'><strong>ut</strong></span> <span class='ocrx_word' id='word_1_57' title='bbox 296 899 390 960; x_wconf 89' lang='lat' dir='ltr'><strong>verbe</strong></span> <span class='ocrx_word' id='word_1_58' title='bbox 418 903 591 962; x_wconf 88' lang='lat' dir='ltr'><strong>testamenti</strong></span> <span class='ocrx_word' id='word_1_59' title='bbox 626 899 714 960; x_wconf 90' lang='lat' dir='ltr'><strong>buius</strong></span> <span class='ocrx_word' id='word_1_60' title='bbox 748 917 806 962; x_wconf 92' lang='lat' dir='ltr'><strong>nos</strong></span> <span class='ocrx_word' id='word_1_61' title='bbox 839 900 967 961; x_wconf 75' lang='lat' dir='ltr'><strong>celerini</strong></span> <span class='ocrx_word' id='word_1_62' title='bbox 998 902 1083 980; x_wconf 88' lang='lat' dir='ltr'><strong>impii</strong></span> 
     </span>
     <span class='ocr_line' id='line_1_10' title="bbox 155 981 1084 1064; baseline -0.001 -21"><span class='ocrx_word' id='word_1_63' title='bbox 155 983 314 1060; x_wconf 88' lang='lat' dir='ltr'><strong>doctores,</strong></span> <span class='ocrx_word' id='word_1_64' title='bbox 344 990 436 1062; x_wconf 89' lang='lat' dir='ltr'><strong>atque</strong></span> <span class='ocrx_word' id='word_1_65' title='bbox 464 1003 519 1064; x_wconf 85' lang='lat' dir='ltr'><strong>por</strong></span> <span class='ocrx_word' id='word_1_66' title='bbox 541 984 602 1044; x_wconf 89' lang='lat' dir='ltr'><strong>boo</strong></span> <span class='ocrx_word' id='word_1_67' title='bbox 621 985 721 1062; x_wconf 90' lang='lat' dir='ltr'><strong>ipsum</strong></span> <span class='ocrx_word' id='word_1_68' title='bbox 743 981 835 1044; x_wconf 88' lang='lat' dir='ltr'><strong>iidem</strong></span> <span class='ocrx_word' id='word_1_69' title='bbox 859 985 1084 1058; x_wconf 80' lang='lat' dir='ltr'><strong>exstinxerunt,</strong></span> 
     </span>
     <span class='ocr_line' id='line_1_11' title="bbox 155 1066 1083 1146; baseline 0 -20"><span class='ocrx_word' id='word_1_70' title='bbox 155 1067 356 1144; x_wconf 78' lang='lat' dir='ltr'><strong>quantumin</strong></span> <span class='ocrx_word' id='word_1_71' title='bbox 379 1067 422 1127; x_wconf 89' lang='lat' dir='ltr'><strong>eis</strong></span> <span class='ocrx_word' id='word_1_72' title='bbox 445 1066 509 1127; x_wconf 83' lang='lat' dir='ltr'><strong>tirit.</strong></span> <span class='ocrx_word' id='word_1_73' title='bbox 551 1067 615 1127; x_wconf 89' lang='lat' dir='ltr'><strong>lam</strong></span> <span class='ocrx_word' id='word_1_74' title='bbox 638 1084 768 1146; x_wconf 90' lang='lat' dir='ltr'><strong>pronum</strong></span> <span class='ocrx_word' id='word_1_75' title='bbox 791 1073 839 1126; x_wconf 91' lang='lat' dir='ltr'><strong>est</strong></span> <span class='ocrx_word' id='word_1_76' title='bbox 862 1068 980 1144; x_wconf 85' lang='lat' dir='ltr'><strong>videre,</strong></span> <span class='ocrx_word' id='word_1_77' title='bbox 1011 1066 1083 1146; x_wconf 90' lang='lat' dir='ltr'><strong>quid</strong></span> 
     </span>
     <span class='ocr_line' id='line_1_12' title="bbox 155 1148 1086 1230; baseline 0 -22"><span class='ocrx_word' id='word_1_78' title='bbox 155 1148 194 1208; x_wconf 91' lang='lat' dir='ltr'><strong>ad</strong></span> <span class='ocrx_word' id='word_1_79' title='bbox 216 1148 308 1210; x_wconf 85' lang='lat' dir='ltr'><strong>fldem</strong></span> <span class='ocrx_word' id='word_1_80' title='bbox 321 1149 503 1210; x_wconf 86' lang='lat' dir='ltr'><strong>exstinctam</strong></span> <span class='ocrx_word' id='word_1_81' title='bbox 516 1149 604 1229; x_wconf 89' lang='lat' dir='ltr'><strong>sequi</strong></span> <span class='ocrx_word' id='word_1_82' title='bbox 615 1149 669 1209; x_wconf 88' lang='lat' dir='ltr'><strong>luit</strong></span> <span class='ocrx_word' id='word_1_83' title='bbox 691 1167 827 1226; x_wconf 86' lang='lat' dir='ltr'><strong>necesse,</strong></span> <span class='ocrx_word' id='word_1_84' title='bbox 852 1169 963 1229; x_wconf 83' lang='lat' dir='ltr'><strong>nempe</strong></span> <span class='ocrx_word' id='word_1_85' title='bbox 977 1169 1086 1230; x_wconf 87' lang='lat' dir='ltr'><strong>super·</strong></span> 
     </span>
     <span class='ocr_line' id='line_1_13' title="bbox 154 1232 1084 1312; baseline 0 -20"><span class='ocrx_word' id='word_1_86' title='bbox 154 1232 294 1292; x_wconf 90' lang='lat' dir='ltr'><strong>stitiones</strong></span> <span class='ocrx_word' id='word_1_87' title='bbox 316 1250 443 1312; x_wconf 87' lang='lat' dir='ltr'><strong>operum</strong></span> <span class='ocrx_word' id='word_1_88' title='bbox 465 1233 671 1312; x_wconf 87' lang='lat' dir='ltr'><strong>impiissimas.</strong></span> <span class='ocrx_word' id='word_1_89' title='bbox 714 1232 773 1292; x_wconf 92' lang='lat' dir='ltr'><strong>Ubi</strong></span> <span class='ocrx_word' id='word_1_90' title='bbox 796 1235 877 1292; x_wconf 89' lang='lat' dir='ltr'><strong>enim</strong></span> <span class='ocrx_word' id='word_1_91' title='bbox 900 1233 976 1294; x_wconf 87' lang='lat' dir='ltr'><strong>fides</strong></span> <span class='ocrx_word' id='word_1_92' title='bbox 1004 1235 1084 1292; x_wconf 89' lang='lat' dir='ltr'><strong>occi-</strong></span> 
     </span>
     <span class='ocr_line' id='line_1_14' title="bbox 155 1313 1085 1395; baseline 0.001 -20"><span class='ocrx_word' id='word_1_93' title='bbox 155 1316 212 1392; x_wconf 91' lang='lat' dir='ltr'><strong>dit,</strong></span> <span class='ocrx_word' id='word_1_94' title='bbox 247 1320 278 1374; x_wconf 88' lang='lat' dir='ltr'><strong>et</strong></span> <span class='ocrx_word' id='word_1_95' title='bbox 300 1314 423 1374; x_wconf 89' lang='lat' dir='ltr'><strong>verbum</strong></span> <span class='ocrx_word' id='word_1_96' title='bbox 445 1313 517 1376; x_wconf 85' lang='lat' dir='ltr'><strong>fidei</strong></span> <span class='ocrx_word' id='word_1_97' title='bbox 548 1314 746 1391; x_wconf 74' lang='lat' dir='ltr'><strong>obmutescit,</strong></span> <span class='ocrx_word' id='word_1_98' title='bbox 777 1315 819 1374; x_wconf 90' lang='lat' dir='ltr'><strong>ibi</strong></span> <span class='ocrx_word' id='word_1_99' title='bbox 850 1333 924 1375; x_wconf 87' lang='lat' dir='ltr'><strong>mox</strong></span> <span class='ocrx_word' id='word_1_100' title='bbox 953 1324 1085 1395; x_wconf 88' lang='lat' dir='ltr'><strong>surgunt</strong></span> 
     </span>
     <span class='ocr_line' id='line_1_15' title="bbox 154 1397 1084 1478; baseline 0 -20"><span class='ocrx_word' id='word_1_101' title='bbox 154 1415 250 1478; x_wconf 87' lang='lat' dir='ltr'><strong>opera</strong></span> <span class='ocrx_word' id='word_1_102' title='bbox 271 1398 301 1456; x_wconf 90' lang='lat' dir='ltr'><strong>in</strong></span> <span class='ocrx_word' id='word_1_103' title='bbox 326 1397 426 1457; x_wconf 92' lang='lat' dir='ltr'><strong>locum</strong></span> <span class='ocrx_word' id='word_1_104' title='bbox 451 1399 526 1477; x_wconf 86' lang='lat' dir='ltr'><strong>eius,</strong></span> <span class='ocrx_word' id='word_1_105' title='bbox 549 1405 581 1458; x_wconf 88' lang='lat' dir='ltr'><strong>et</strong></span> <span class='ocrx_word' id='word_1_106' title='bbox 601 1397 779 1458; x_wconf 77' lang='lat' dir='ltr'><strong>traditiones</strong></span> <span class='ocrx_word' id='word_1_107' title='bbox 793 1417 929 1478; x_wconf 89' lang='lat' dir='ltr'><strong>operum.</strong></span> <span class='ocrx_word' id='word_1_108' title='bbox 963 1397 1084 1474; x_wconf 80' lang='lat' dir='ltr'><strong>Quibus</strong></span> 
     </span>
     <span class='ocr_line' id='line_1_16' title="bbox 155 1481 1083 1561; baseline 0.002 -21"><span class='ocrx_word' id='word_1_109' title='bbox 155 1499 212 1542; x_wconf 89' lang='lat' dir='ltr'><strong>ceu</strong></span> <span class='ocrx_word' id='word_1_110' title='bbox 235 1481 413 1560; x_wconf 86' lang='lat' dir='ltr'><strong>captivitate</strong></span> <span class='ocrx_word' id='word_1_111' title='bbox 435 1481 625 1561; x_wconf 85' lang='lat' dir='ltr'><strong>Babylonios</strong></span> <span class='ocrx_word' id='word_1_112' title='bbox 647 1481 785 1541; x_wconf 83' lang='lat' dir='ltr'><strong>translati</strong></span> <span class='ocrx_word' id='word_1_113' title='bbox 807 1500 911 1541; x_wconf 91' lang='lat' dir='ltr'><strong>sumus</strong></span> <span class='ocrx_word' id='word_1_114' title='bbox 940 1481 979 1541; x_wconf 89' lang='lat' dir='ltr'><strong>de</strong></span> <span class='ocrx_word' id='word_1_115' title='bbox 1004 1490 1083 1542; x_wconf 90' lang='lat' dir='ltr'><strong>terre</strong></span> 
     </span>
     <span class='ocr_line' id='line_1_17' title="bbox 155 1563 1085 1642; baseline 0 -18"><span class='ocrx_word' id='word_1_116' title='bbox 155 1569 276 1638; x_wconf 88' lang='lat' dir='ltr'><strong>nostra,</strong></span> <span class='ocrx_word' id='word_1_117' title='bbox 305 1565 401 1642; x_wconf 89' lang='lat' dir='ltr'><strong>captis</strong></span> <span class='ocrx_word' id='word_1_118' title='bbox 434 1564 575 1624; x_wconf 88' lang='lat' dir='ltr'><strong>omnibus</strong></span> <span class='ocrx_word' id='word_1_119' title='bbox 598 1563 848 1625; x_wconf 81' lang='lat' dir='ltr'><strong>desiderabilibus</strong></span> <span class='ocrx_word' id='word_1_120' title='bbox 872 1567 995 1627; x_wconf 86' lang='lat' dir='ltr'><strong>nostris.</strong></span> <span class='ocrx_word' id='word_1_121' title='bbox 1042 1565 1085 1624; x_wconf 86' lang='lat' dir='ltr'><strong>lta</strong></span> 
     </span>
     <span class='ocr_line' id='line_1_18' title="bbox 155 1647 1085 1730; baseline -0.002 -22"><span class='ocrx_word' id='word_1_122' title='bbox 155 1647 194 1708; x_wconf 90' lang='lat' dir='ltr'><strong>de</strong></span> <span class='ocrx_word' id='word_1_123' title='bbox 215 1647 309 1706; x_wconf 86' lang='lat' dir='ltr'><strong>misse</strong></span> <span class='ocrx_word' id='word_1_124' title='bbox 330 1647 468 1730; x_wconf 85' lang='lat' dir='ltr'><strong>contigit,</strong></span> <span class='ocrx_word' id='word_1_125' title='bbox 490 1666 569 1726; x_wconf 90' lang='lat' dir='ltr'><strong>quae</strong></span> <span class='ocrx_word' id='word_1_126' title='bbox 585 1647 748 1727; x_wconf 89' lang='lat' dir='ltr'><strong>impiorum</strong></span> <span class='ocrx_word' id='word_1_127' title='bbox 762 1647 918 1708; x_wconf 91' lang='lat' dir='ltr'><strong>hominum</strong></span> <span class='ocrx_word' id='word_1_128' title='bbox 942 1647 1085 1707; x_wconf 89' lang='lat' dir='ltr'><strong>doctrino</strong></span> 
     </span>
     <span class='ocr_line' id='line_1_19' title="bbox 154 1729 1083 1810; baseline -0.001 -20"><span class='ocrx_word' id='word_1_129' title='bbox 154 1736 269 1790; x_wconf 87' lang='lat' dir='ltr'><strong>muteta</strong></span> <span class='ocrx_word' id='word_1_130' title='bbox 292 1737 341 1790; x_wconf 87' lang='lat' dir='ltr'><strong>est</strong></span> <span class='ocrx_word' id='word_1_131' title='bbox 361 1731 390 1789; x_wconf 94' lang='lat' dir='ltr'><strong>in</strong></span> <span class='ocrx_word' id='word_1_132' title='bbox 413 1749 491 1810; x_wconf 89' lang='lat' dir='ltr'><strong>opus</strong></span> <span class='ocrx_word' id='word_1_133' title='bbox 515 1731 647 1806; x_wconf 88' lang='lat' dir='ltr'><strong>bonum,</strong></span> <span class='ocrx_word' id='word_1_134' title='bbox 670 1729 753 1810; x_wconf 91' lang='lat' dir='ltr'><strong>quod</strong></span> <span class='ocrx_word' id='word_1_135' title='bbox 783 1731 840 1810; x_wconf 87' lang='lat' dir='ltr'><strong>ipsi</strong></span> <span class='ocrx_word' id='word_1_136' title='bbox 865 1741 980 1790; x_wconf 88' lang='lat' dir='ltr'><strong>vocent</strong></span> <span class='ocrx_word' id='word_1_137' title='bbox 1005 1749 1083 1810; x_wconf 90' lang='lat' dir='ltr'><strong>opus</strong></span> 
     </span>
     <span class='ocr_line' id='line_1_20' title="bbox 154 1814 1085 1893; baseline -0.002 -19"><span class='ocrx_word' id='word_1_138' title='bbox 154 1820 330 1893; x_wconf 90' lang='lat' dir='ltr'><strong>operatum,</strong></span> <span class='ocrx_word' id='word_1_139' title='bbox 352 1832 414 1893; x_wconf 93' lang='lat' dir='ltr'><strong>quo</strong></span> <span class='ocrx_word' id='word_1_140' title='bbox 444 1814 524 1893; x_wconf 87' lang='lat' dir='ltr'><strong>apud</strong></span> <span class='ocrx_word' id='word_1_141' title='bbox 546 1814 644 1874; x_wconf 89' lang='lat' dir='ltr'><strong>Deum</strong></span> <span class='ocrx_word' id='word_1_142' title='bbox 667 1832 736 1874; x_wconf 88' lang='lat' dir='ltr'><strong>sese</strong></span> <span class='ocrx_word' id='word_1_143' title='bbox 758 1815 862 1873; x_wconf 84' lang='lat' dir='ltr'><strong>omnia</strong></span> <span class='ocrx_word' id='word_1_144' title='bbox 883 1822 1085 1893; x_wconf 87' lang='lat' dir='ltr'><strong>praesumunt</strong></span> 
     </span>
     <span class='ocr_line' id='line_1_21' title="bbox 155 1896 1085 1977; baseline 0 -21"><span class='ocrx_word' id='word_1_145' title='bbox 155 1916 257 1976; x_wconf 89' lang='lat' dir='ltr'><strong>posse.</strong></span> <span class='ocrx_word' id='word_1_146' title='bbox 301 1896 374 1957; x_wconf 85' lang='lat' dir='ltr'><strong>lude</strong></span> <span class='ocrx_word' id='word_1_147' title='bbox 403 1915 581 1977; x_wconf 79' lang='lat' dir='ltr'><strong>processum</strong></span> <span class='ocrx_word' id='word_1_148' title='bbox 613 1902 661 1957; x_wconf 89' lang='lat' dir='ltr'><strong>est</strong></span> <span class='ocrx_word' id='word_1_149' title='bbox 682 1896 720 1956; x_wconf 86' lang='lat' dir='ltr'><strong>ed</strong></span> <span class='ocrx_word' id='word_1_150' title='bbox 742 1904 912 1956; x_wconf 88' lang='lat' dir='ltr'><strong>extremum</strong></span> <span class='ocrx_word' id='word_1_151' title='bbox 934 1898 1085 1972; x_wconf 84' lang='lat' dir='ltr'><strong>insaniae,</strong></span> 
     </span>
     <span class='ocr_line' id='line_1_22' title="bbox 158 1980 1083 2060; baseline -0.001 -21"><span class='ocrx_word' id='word_1_152' title='bbox 158 1987 200 2057; x_wconf 88' lang='lat' dir='ltr'><strong>ut,</strong></span> <span class='ocrx_word' id='word_1_153' title='bbox 222 1982 294 2059; x_wconf 90' lang='lat' dir='ltr'><strong>quie</strong></span> <span class='ocrx_word' id='word_1_154' title='bbox 317 1981 439 2039; x_wconf 84' lang='lat' dir='ltr'><strong>missam</strong></span> <span class='ocrx_word' id='word_1_155' title='bbox 463 1981 553 2040; x_wconf 86' lang='lat' dir='ltr'><strong>cxvi</strong></span> <span class='ocrx_word' id='word_1_156' title='bbox 577 1981 677 2060; x_wconf 89' lang='lat' dir='ltr'><strong>operis</strong></span> <span class='ocrx_word' id='word_1_157' title='bbox 700 1981 817 2058; x_wconf 87' lang='lat' dir='ltr'><strong>operati</strong></span> <span class='ocrx_word' id='word_1_158' title='bbox 840 1980 942 2040; x_wconf 87' lang='lat' dir='ltr'><strong>velere</strong></span> <span class='ocrx_word' id='word_1_159' title='bbox 965 1982 1083 2040; x_wconf 89' lang='lat' dir='ltr'><strong>mentiti</strong></span> 
     </span>
     <span class='ocr_line' id='line_1_23' title="bbox 158 2062 1084 2140; baseline 0 -18"><span class='ocrx_word' id='word_1_160' title='bbox 158 2067 246 2140; x_wconf 88' lang='lat' dir='ltr'><strong>aunt,</strong></span> <span class='ocrx_word' id='word_1_161' title='bbox 269 2062 462 2139; x_wconf 86' lang='lat' dir='ltr'><strong>adiecerunt,</strong></span> <span class='ocrx_word' id='word_1_162' title='bbox 486 2083 554 2124; x_wconf 88' lang='lat' dir='ltr'><strong>eam</strong></span> <span class='ocrx_word' id='word_1_163' title='bbox 577 2081 638 2123; x_wconf 92' lang='lat' dir='ltr'><strong>non</strong></span> <span class='ocrx_word' id='word_1_164' title='bbox 662 2065 760 2122; x_wconf 89' lang='lat' dir='ltr'><strong>minus</strong></span> <span class='ocrx_word' id='word_1_165' title='bbox 783 2063 885 2126; x_wconf 88' lang='lat' dir='ltr'><strong>utilem</strong></span> <span class='ocrx_word' id='word_1_166' title='bbox 909 2081 977 2122; x_wconf 91' lang='lat' dir='ltr'><strong>esee</strong></span> <span class='ocrx_word' id='word_1_167' title='bbox 1003 2069 1084 2123; x_wconf 87' lang='lat' dir='ltr'><strong>cete·</strong></span> 
     </span>
     <span class='ocr_line' id='line_1_24' title="bbox 157 2145 1084 2225; baseline -0.001 -20"><span class='ocrx_word' id='word_1_168' title='bbox 157 2148 213 2220; x_wconf 86' lang='lat' dir='ltr'><strong>ris,</strong></span> <span class='ocrx_word' id='word_1_169' title='bbox 249 2145 368 2205; x_wconf 88' lang='lat' dir='ltr'><strong>etiarnsi</strong></span> <span class='ocrx_word' id='word_1_170' title='bbox 389 2146 447 2224; x_wconf 91' lang='lat' dir='ltr'><strong>ipsi</strong></span> <span class='ocrx_word' id='word_1_171' title='bbox 474 2147 569 2225; x_wconf 91' lang='lat' dir='ltr'><strong>impio</strong></span> <span class='ocrx_word' id='word_1_172' title='bbox 602 2145 743 2206; x_wconf 87' lang='lat' dir='ltr'><strong>sacrifico</strong></span> <span class='ocrx_word' id='word_1_173' title='bbox 772 2146 866 2206; x_wconf 88' lang='lat' dir='ltr'><strong>noxie</strong></span> <span class='ocrx_word' id='word_1_174' title='bbox 888 2147 933 2208; x_wconf 89' lang='lat' dir='ltr'><strong>sit.</strong></span> <span class='ocrx_word' id='word_1_175' title='bbox 981 2148 1084 2225; x_wconf 87' lang='lat' dir='ltr'><strong>Atque</strong></span> 
     </span>
     <span class='ocr_line' id='line_1_25' title="bbox 157 2227 1084 2310; baseline -0.002 -21"><span class='ocrx_word' id='word_1_176' title='bbox 157 2230 187 2289; x_wconf 90' lang='lat' dir='ltr'><strong>iu</strong></span> <span class='ocrx_word' id='word_1_177' title='bbox 211 2227 291 2287; x_wconf 88' lang='lat' dir='ltr'><strong>hano</strong></span> <span class='ocrx_word' id='word_1_178' title='bbox 313 2247 436 2287; x_wconf 89' lang='lat' dir='ltr'><strong>arenam</strong></span> <span class='ocrx_word' id='word_1_179' title='bbox 457 2228 661 2288; x_wconf 86' lang='lat' dir='ltr'><strong>fundaverunt</strong></span> <span class='ocrx_word' id='word_1_180' title='bbox 674 2242 745 2289; x_wconf 83' lang='lat' dir='ltr'><strong>suas</strong></span> <span class='ocrx_word' id='word_1_181' title='bbox 761 2230 993 2310; x_wconf 76' lang='lat' dir='ltr'><strong>applicationes,</strong></span> <span class='ocrx_word' id='word_1_182' title='bbox 1018 2250 1084 2310; x_wconf 90' lang='lat' dir='ltr'><strong>par·</strong></span> 
     </span>
     <span class='ocr_line' id='line_1_26' title="bbox 157 2311 1083 2392; baseline -0.002 -21"><span class='ocrx_word' id='word_1_183' title='bbox 157 2311 363 2390; x_wconf 84' lang='lat' dir='ltr'><strong>tioipationes‚</strong></span> <span class='ocrx_word' id='word_1_184' title='bbox 386 2316 417 2370; x_wconf 88' lang='lat' dir='ltr'><strong>et</strong></span> <span class='ocrx_word' id='word_1_185' title='bbox 429 2311 642 2387; x_wconf 79' lang='lat' dir='ltr'><strong>fraternitates,</strong></span> <span class='ocrx_word' id='word_1_186' title='bbox 656 2313 872 2389; x_wconf 79' lang='lat' dir='ltr'><strong>anniversaria,</strong></span> <span class='ocrx_word' id='word_1_187' title='bbox 894 2321 925 2371; x_wconf 89' lang='lat' dir='ltr'><strong>et</strong></span> <span class='ocrx_word' id='word_1_188' title='bbox 937 2313 965 2373; x_wconf 93' lang='lat' dir='ltr'><strong>id</strong></span> <span class='ocrx_word' id='word_1_189' title='bbox 984 2333 1083 2392; x_wconf 87' lang='lat' dir='ltr'><strong>genus</strong></span> 
     </span>
     <span class='ocr_line' id='line_1_27' title="bbox 157 2394 747 2475; baseline -0.007 -21"><span class='ocrx_word' id='word_1_190' title='bbox 157 2394 275 2454; x_wconf 83' lang='lat' dir='ltr'><strong>infinita</strong></span> <span class='ocrx_word' id='word_1_191' title='bbox 298 2394 370 2454; x_wconf 88' lang='lat' dir='ltr'><strong>lucri</strong></span> <span class='ocrx_word' id='word_1_192' title='bbox 393 2402 424 2454; x_wconf 90' lang='lat' dir='ltr'><strong>et</strong></span> <span class='ocrx_word' id='word_1_193' title='bbox 445 2403 589 2474; x_wconf 86' lang='lat' dir='ltr'><strong>quaestus</strong></span> <span class='ocrx_word' id='word_1_194' title='bbox 613 2397 747 2475; x_wconf 85' lang='lat' dir='ltr'><strong>negotia.</strong></span> 
     </span>
    </p>

    <p class='ocr_par' dir='ltr' id='par_1_4' title="bbox 156 2476 1083 3724">
     <span class='ocr_line' id='line_1_28' title="bbox 239 2476 1082 2558; baseline 0 -21"><span class='ocrx_word' id='word_1_195' title='bbox 239 2476 353 2538; x_wconf 81' lang='lat' dir='ltr'><strong>Contra</strong></span> <span class='ocrx_word' id='word_1_196' title='bbox 376 2478 430 2538; x_wconf 90' lang='lat' dir='ltr'><strong>has</strong></span> <span class='ocrx_word' id='word_1_197' title='bbox 453 2477 565 2556; x_wconf 88' lang='lat' dir='ltr'><strong>larvas,</strong></span> <span class='ocrx_word' id='word_1_198' title='bbox 588 2479 659 2558; x_wconf 88' lang='lat' dir='ltr'><strong>quia</strong></span> <span class='ocrx_word' id='word_1_199' title='bbox 682 2477 803 2538; x_wconf 86' lang='lat' dir='ltr'><strong>validae</strong></span> <span class='ocrx_word' id='word_1_200' title='bbox 823 2485 893 2537; x_wconf 87' lang='lat' dir='ltr'><strong>sunt</strong></span> <span class='ocrx_word' id='word_1_201' title='bbox 914 2488 945 2538; x_wconf 89' lang='lat' dir='ltr'><strong>et</strong></span> <span class='ocrx_word' id='word_1_202' title='bbox 967 2479 1082 2538; x_wconf 88' lang='lat' dir='ltr'><strong>multae</strong></span> 
     </span>
     <span class='ocr_line' id='line_1_29' title="bbox 156 2560 1083 2643; baseline 0 -23"><span class='ocrx_word' id='word_1_203' title='bbox 156 2561 339 2643; x_wconf 87' lang='lat' dir='ltr'><strong>penitusque</strong></span> <span class='ocrx_word' id='word_1_204' title='bbox 361 2560 550 2638; x_wconf 89' lang='lat' dir='ltr'><strong>insederunt,</strong></span> <span class='ocrx_word' id='word_1_205' title='bbox 572 2564 629 2622; x_wconf 89' lang='lat' dir='ltr'><strong>nisi</strong></span> <span class='ocrx_word' id='word_1_206' title='bbox 652 2563 899 2622; x_wconf 89' lang='lat' dir='ltr'><strong>constantissima</strong></span> <span class='ocrx_word' id='word_1_207' title='bbox 927 2580 1001 2622; x_wconf 89' lang='lat' dir='ltr'><strong>cura</strong></span> <span class='ocrx_word' id='word_1_208' title='bbox 1031 2561 1083 2622; x_wconf 91' lang='lat' dir='ltr'><strong>ob·</strong></span> 
     </span>
     <span class='ocr_line' id='line_1_30' title="bbox 158 2644 1083 2724; baseline -0.001 -20"><span class='ocrx_word' id='word_1_209' title='bbox 158 2646 337 2722; x_wconf 87' lang='lat' dir='ltr'><strong>servaveris,</strong></span> <span class='ocrx_word' id='word_1_210' title='bbox 362 2644 433 2724; x_wconf 90' lang='lat' dir='ltr'><strong>quid</strong></span> <span class='ocrx_word' id='word_1_211' title='bbox 456 2647 495 2704; x_wconf 88' lang='lat' dir='ltr'><strong>sit</strong></span> <span class='ocrx_word' id='word_1_212' title='bbox 516 2646 619 2722; x_wconf 85' lang='lat' dir='ltr'><strong>misse,</strong></span> <span class='ocrx_word' id='word_1_213' title='bbox 642 2653 672 2705; x_wconf 89' lang='lat' dir='ltr'><strong>ct</strong></span> <span class='ocrx_word' id='word_1_214' title='bbox 693 2644 941 2724; x_wconf 85' lang='lat' dir='ltr'><strong>praecedentium</strong></span> <span class='ocrx_word' id='word_1_215' title='bbox 965 2645 1083 2705; x_wconf 81' lang='lat' dir='ltr'><strong>fortiter</strong></span> 
     </span>
     <span class='ocr_line' id='line_1_31' title="bbox 157 2727 1081 2805; baseline 0 -19"><span class='ocrx_word' id='word_1_216' title='bbox 157 2728 347 2805; x_wconf 89' lang='lat' dir='ltr'><strong>memineris,</strong></span> <span class='ocrx_word' id='word_1_217' title='bbox 379 2728 432 2787; x_wconf 87' lang='lat' dir='ltr'><strong>vix</strong></span> <span class='ocrx_word' id='word_1_218' title='bbox 465 2727 621 2789; x_wconf 87' lang='lat' dir='ltr'><strong>subsistes.</strong></span> <span class='ocrx_word' id='word_1_219' title='bbox 672 2727 790 2789; x_wconf 87' lang='lat' dir='ltr'><strong>Audisti</strong></span> <span class='ocrx_word' id='word_1_220' title='bbox 825 2729 923 2804; x_wconf 86' lang='lat' dir='ltr'><strong>enim,</strong></span> <span class='ocrx_word' id='word_1_221' title='bbox 957 2729 1081 2788; x_wconf 85' lang='lat' dir='ltr'><strong>missam</strong></span> 
     </span>
     <span class='ocr_line' id='line_1_32' title="bbox 157 2810 1081 2891; baseline 0 -21"><span class='ocrx_word' id='word_1_222' title='bbox 157 2810 238 2871; x_wconf 89' lang='lat' dir='ltr'><strong>aliud</strong></span> <span class='ocrx_word' id='word_1_223' title='bbox 267 2829 328 2870; x_wconf 91' lang='lat' dir='ltr'><strong>non</strong></span> <span class='ocrx_word' id='word_1_224' title='bbox 359 2829 444 2891; x_wconf 88' lang='lat' dir='ltr'><strong>csse,</strong></span> <span class='ocrx_word' id='word_1_225' title='bbox 480 2829 570 2890; x_wconf 89' lang='lat' dir='ltr'><strong>quem</strong></span> <span class='ocrx_word' id='word_1_226' title='bbox 598 2812 834 2891; x_wconf 88' lang='lat' dir='ltr'><strong>promissionem</strong></span> <span class='ocrx_word' id='word_1_227' title='bbox 863 2810 996 2872; x_wconf 88' lang='lat' dir='ltr'><strong>divinem</strong></span> <span class='ocrx_word' id='word_1_228' title='bbox 1028 2831 1081 2870; x_wconf 87' lang='lat' dir='ltr'><strong>seu</strong></span> 
     </span>
     <span class='ocr_line' id='line_1_33' title="bbox 157 2894 1081 2975; baseline 0.002 -23"><span class='ocrx_word' id='word_1_229' title='bbox 157 2899 373 2956; x_wconf 86' lang='lat' dir='ltr'><strong>testamentum</strong></span> <span class='ocrx_word' id='word_1_230' title='bbox 396 2894 516 2975; x_wconf 81' lang='lat' dir='ltr'><strong>Christi,</strong></span> <span class='ocrx_word' id='word_1_231' title='bbox 540 2902 731 2955; x_wconf 87' lang='lat' dir='ltr'><strong>sacramento</strong></span> <span class='ocrx_word' id='word_1_232' title='bbox 754 2895 891 2974; x_wconf 90' lang='lat' dir='ltr'><strong>corporis</strong></span> <span class='ocrx_word' id='word_1_233' title='bbox 909 2902 938 2954; x_wconf 89' lang='lat' dir='ltr'><strong>et</strong></span> <span class='ocrx_word' id='word_1_234' title='bbox 960 2897 1081 2974; x_wconf 83' lang='lat' dir='ltr'><strong>sangui·</strong></span> 
     </span>
     <span class='ocr_line' id='line_1_34' title="bbox 156 2976 1079 3054; baseline 0 -18"><span class='ocrx_word' id='word_1_235' title='bbox 156 2978 202 3036; x_wconf 91' lang='lat' dir='ltr'><strong>nis</strong></span> <span class='ocrx_word' id='word_1_236' title='bbox 225 2978 271 3037; x_wconf 88' lang='lat' dir='ltr'><strong>eui</strong></span> <span class='ocrx_word' id='word_1_237' title='bbox 292 2978 549 3040; x_wconf 89' lang='lat' dir='ltr'><strong>commendatum.</strong></span> <span class='ocrx_word' id='word_1_238' title='bbox 594 2976 683 3052; x_wconf 78' lang='lat' dir='ltr'><strong>Quod</strong></span> <span class='ocrx_word' id='word_1_239' title='bbox 706 2978 732 3038; x_wconf 91' lang='lat' dir='ltr'><strong>si</strong></span> <span class='ocrx_word' id='word_1_240' title='bbox 754 2995 858 3038; x_wconf 88' lang='lat' dir='ltr'><strong>verum</strong></span> <span class='ocrx_word' id='word_1_241' title='bbox 880 2984 942 3054; x_wconf 87' lang='lat' dir='ltr'><strong>est,</strong></span> <span class='ocrx_word' id='word_1_242' title='bbox 972 2978 1079 3038; x_wconf 89' lang='lat' dir='ltr'><strong>intelli·</strong></span> 
     </span>
     <span class='ocr_line' id='line_1_35' title="bbox 156 3061 1081 3144; baseline 0 -24"><span class='ocrx_word' id='word_1_243' title='bbox 156 3062 219 3140; x_wconf 84' lang='lat' dir='ltr'><strong>gis,</strong></span> <span class='ocrx_word' id='word_1_244' title='bbox 251 3079 312 3120; x_wconf 90' lang='lat' dir='ltr'><strong>noo</strong></span> <span class='ocrx_word' id='word_1_245' title='bbox 340 3079 433 3140; x_wconf 88' lang='lat' dir='ltr'><strong>posse</strong></span> <span class='ocrx_word' id='word_1_246' title='bbox 460 3063 560 3144; x_wconf 91' lang='lat' dir='ltr'><strong>ipsum</strong></span> <span class='ocrx_word' id='word_1_247' title='bbox 584 3081 653 3122; x_wconf 88' lang='lat' dir='ltr'><strong>esse</strong></span> <span class='ocrx_word' id='word_1_248' title='bbox 675 3081 753 3141; x_wconf 90' lang='lat' dir='ltr'><strong>opus</strong></span> <span class='ocrx_word' id='word_1_249' title='bbox 785 3061 847 3121; x_wconf 89' lang='lat' dir='ltr'><strong>ullo</strong></span> <span class='ocrx_word' id='word_1_250' title='bbox 882 3061 991 3138; x_wconf 88' lang='lat' dir='ltr'><strong>modo,</strong></span> <span class='ocrx_word' id='word_1_251' title='bbox 1025 3080 1081 3120; x_wconf 88' lang='lat' dir='ltr'><strong>nec</strong></span> 
     </span>
     <span class='ocr_line' id='line_1_36' title="bbox 157 3143 1079 3224; baseline 0.001 -21"><span class='ocrx_word' id='word_1_252' title='bbox 157 3144 322 3223; x_wconf 85' lang='lat' dir='ltr'><strong>quidquam</strong></span> <span class='ocrx_word' id='word_1_253' title='bbox 345 3145 375 3203; x_wconf 92' lang='lat' dir='ltr'><strong>in</strong></span> <span class='ocrx_word' id='word_1_254' title='bbox 398 3146 475 3224; x_wconf 90' lang='lat' dir='ltr'><strong>ipso</strong></span> <span class='ocrx_word' id='word_1_255' title='bbox 489 3143 569 3221; x_wconf 85' lang='lat' dir='ltr'><strong>fleri,</strong></span> <span class='ocrx_word' id='word_1_256' title='bbox 591 3163 649 3205; x_wconf 90' lang='lat' dir='ltr'><strong>neo</strong></span> <span class='ocrx_word' id='word_1_257' title='bbox 670 3145 731 3206; x_wconf 91' lang='lat' dir='ltr'><strong>alio</strong></span> <span class='ocrx_word' id='word_1_258' title='bbox 755 3144 857 3206; x_wconf 87' lang='lat' dir='ltr'><strong>studio</strong></span> <span class='ocrx_word' id='word_1_259' title='bbox 886 3163 1079 3224; x_wconf 87' lang='lat' dir='ltr'><strong>equoquam</strong></span> 
     </span>
     <span class='ocr_line' id='line_1_37' title="bbox 157 3227 1078 3308; baseline -0.001 -22"><span class='ocrx_word' id='word_1_260' title='bbox 157 3229 288 3305; x_wconf 87' lang='lat' dir='ltr'><strong>tractari,</strong></span> <span class='ocrx_word' id='word_1_261' title='bbox 312 3246 402 3306; x_wconf 89' lang='lat' dir='ltr'><strong>quem</strong></span> <span class='ocrx_word' id='word_1_262' title='bbox 426 3228 494 3288; x_wconf 89' lang='lat' dir='ltr'><strong>sola</strong></span> <span class='ocrx_word' id='word_1_263' title='bbox 515 3227 590 3304; x_wconf 86' lang='lat' dir='ltr'><strong>lide,</strong></span> <span class='ocrx_word' id='word_1_264' title='bbox 615 3227 690 3288; x_wconf 83' lang='lat' dir='ltr'><strong>fides</strong></span> <span class='ocrx_word' id='word_1_265' title='bbox 714 3238 815 3289; x_wconf 87' lang='lat' dir='ltr'><strong>autem</strong></span> <span class='ocrx_word' id='word_1_266' title='bbox 839 3246 899 3288; x_wconf 92' lang='lat' dir='ltr'><strong>non</strong></span> <span class='ocrx_word' id='word_1_267' title='bbox 923 3235 971 3288; x_wconf 85' lang='lat' dir='ltr'><strong>est</strong></span> <span class='ocrx_word' id='word_1_268' title='bbox 992 3246 1078 3308; x_wconf 83' lang='lat' dir='ltr'><strong>opus,</strong></span> 
     </span>
     <span class='ocr_line' id='line_1_38' title="bbox 156 3311 1077 3391; baseline 0 -21"><span class='ocrx_word' id='word_1_269' title='bbox 156 3311 209 3370; x_wconf 87' lang='lat' dir='ltr'><strong>sed</strong></span> <span class='ocrx_word' id='word_1_270' title='bbox 233 3312 378 3390; x_wconf 84' lang='lat' dir='ltr'><strong>magistre</strong></span> <span class='ocrx_word' id='word_1_271' title='bbox 400 3318 430 3370; x_wconf 89' lang='lat' dir='ltr'><strong>et</strong></span> <span class='ocrx_word' id='word_1_272' title='bbox 453 3313 666 3391; x_wconf 87' lang='lat' dir='ltr'><strong>viteoperum.</strong></span> <span class='ocrx_word' id='word_1_273' title='bbox 701 3311 776 3387; x_wconf 78' lang='lat' dir='ltr'><strong>Quis</strong></span> <span class='ocrx_word' id='word_1_274' title='bbox 789 3313 869 3372; x_wconf 91' lang='lat' dir='ltr'><strong>enim</strong></span> <span class='ocrx_word' id='word_1_275' title='bbox 892 3321 939 3371; x_wconf 88' lang='lat' dir='ltr'><strong>est</strong></span> <span class='ocrx_word' id='word_1_276' title='bbox 962 3313 1077 3391; x_wconf 86' lang='lat' dir='ltr'><strong>uspiam</strong></span> 
     </span>
     <span class='ocr_line' id='line_1_39' title="bbox 156 3395 1078 3475; baseline 0.002 -23"><span class='ocrx_word' id='word_1_277' title='bbox 156 3400 216 3452; x_wconf 92' lang='lat' dir='ltr'><strong>tam</strong></span> <span class='ocrx_word' id='word_1_278' title='bbox 239 3395 375 3471; x_wconf 87' lang='lat' dir='ltr'><strong>insanus,</strong></span> <span class='ocrx_word' id='word_1_279' title='bbox 397 3401 430 3453; x_wconf 88' lang='lat' dir='ltr'><strong>ut</strong></span> <span class='ocrx_word' id='word_1_280' title='bbox 451 3396 686 3475; x_wconf 88' lang='lat' dir='ltr'><strong>promissionem</strong></span> <span class='ocrx_word' id='word_1_281' title='bbox 710 3401 884 3474; x_wconf 86' lang='lat' dir='ltr'><strong>acceptam,</strong></span> <span class='ocrx_word' id='word_1_282' title='bbox 917 3400 970 3454; x_wconf 88' lang='lat' dir='ltr'><strong>aut</strong></span> <span class='ocrx_word' id='word_1_283' title='bbox 991 3403 1078 3454; x_wconf 88' lang='lat' dir='ltr'><strong>testa·</strong></span> 
     </span>
     <span class='ocr_line' id='line_1_40' title="bbox 157 3475 1076 3559; baseline 0.002 -25"><span class='ocrx_word' id='word_1_284' title='bbox 157 3480 291 3536; x_wconf 88' lang='lat' dir='ltr'><strong>mentum</strong></span> <span class='ocrx_word' id='word_1_285' title='bbox 315 3475 460 3536; x_wconf 89' lang='lat' dir='ltr'><strong>donatum</strong></span> <span class='ocrx_word' id='word_1_286' title='bbox 481 3485 569 3536; x_wconf 83' lang='lat' dir='ltr'><strong>vocet</strong></span> <span class='ocrx_word' id='word_1_287' title='bbox 582 3497 659 3556; x_wconf 88' lang='lat' dir='ltr'><strong>opus</strong></span> <span class='ocrx_word' id='word_1_288' title='bbox 682 3477 806 3559; x_wconf 83' lang='lat' dir='ltr'><strong>botrum,</strong></span> <span class='ocrx_word' id='word_1_289' title='bbox 823 3477 904 3556; x_wconf 89' lang='lat' dir='ltr'><strong>quod</strong></span> <span class='ocrx_word' id='word_1_290' title='bbox 921 3497 978 3537; x_wconf 89' lang='lat' dir='ltr'><strong>auo</strong></span> <span class='ocrx_word' id='word_1_291' title='bbox 992 3485 1076 3536; x_wconf 90' lang='lat' dir='ltr'><strong>teste·</strong></span> 
     </span>
     <span class='ocr_line' id='line_1_41' title="bbox 156 3559 1076 3640; baseline 0.002 -23"><span class='ocrx_word' id='word_1_292' title='bbox 156 3559 215 3618; x_wconf 87' lang='lat' dir='ltr'><strong>tori</strong></span> <span class='ocrx_word' id='word_1_293' title='bbox 236 3559 329 3619; x_wconf 85' lang='lat' dir='ltr'><strong>faciat</strong></span> <span class='ocrx_word' id='word_1_294' title='bbox 350 3559 526 3638; x_wconf 84' lang='lat' dir='ltr'><strong>accipiens?</strong></span> <span class='ocrx_word' id='word_1_295' title='bbox 558 3559 633 3633; x_wconf 76' lang='lat' dir='ltr'><strong>Quis</strong></span> <span class='ocrx_word' id='word_1_296' title='bbox 656 3567 702 3618; x_wconf 88' lang='lat' dir='ltr'><strong>est</strong></span> <span class='ocrx_word' id='word_1_297' title='bbox 723 3560 826 3638; x_wconf 87' lang='lat' dir='ltr'><strong>heras,</strong></span> <span class='ocrx_word' id='word_1_298' title='bbox 848 3562 897 3640; x_wconf 88' lang='lat' dir='ltr'><strong>qul</strong></span> <span class='ocrx_word' id='word_1_299' title='bbox 923 3563 999 3640; x_wconf 91' lang='lat' dir='ltr'><strong>patri</strong></span> <span class='ocrx_word' id='word_1_300' title='bbox 1023 3579 1076 3620; x_wconf 87' lang='lat' dir='ltr'><strong>suo</strong></span> 
     </span>
     <span class='ocr_line' id='line_1_42' title="bbox 157 3642 1078 3724; baseline 0 -22"><span class='ocrx_word' id='word_1_301' title='bbox 157 3644 294 3702; x_wconf 89' lang='lat' dir='ltr'><strong>testatori</strong></span> <span class='ocrx_word' id='word_1_302' title='bbox 310 3643 464 3703; x_wconf 82' lang='lat' dir='ltr'><strong>existimet</strong></span> <span class='ocrx_word' id='word_1_303' title='bbox 477 3642 667 3724; x_wconf 84' lang='lat' dir='ltr'><strong>benefacere,</strong></span> <span class='ocrx_word' id='word_1_304' title='bbox 690 3643 761 3702; x_wconf 90' lang='lat' dir='ltr'><strong>dum</strong></span> <span class='ocrx_word' id='word_1_305' title='bbox 775 3645 976 3706; x_wconf 85' lang='lat' dir='ltr'><strong>instrumenta</strong></span> <span class='ocrx_word' id='word_1_306' title='bbox 992 3650 1078 3704; x_wconf 88' lang='lat' dir='ltr'><strong>testa·</strong></span> 
     </span>
    </p>
   </div>
   <div class='ocr_carea' id='block_1_4' title="bbox 0 0 1132 4008">
    <p class='ocr_par' dir='ltr' id='par_1_5' title="bbox 0 0 1132 4008">
     <span class='ocr_line' id='line_1_43' title="bbox 0 0 1132 4008; baseline 0 0"><span class='ocrx_word' id='word_1_307' title='bbox 0 0 1132 4008; x_wconf 95' lang='lat' dir='ltr'><strong> </strong></span> 
     </span>
    </p>
   </div>
  </div>
 </body>
</html>
