2250 4008
330 132 452 186 Rationis
472 132 651 188 Latomianae
669 139 720 187 sto.
772 197 775 202 ¹
931 127 993 196 481

103 311 111 334 ⁴
161 288 201 346 At
223 295 252 346 tu
276 307 337 348 non
362 289 453 347 uteris
475 285 605 366 peccato
628 296 659 347 ut
674 287 808 366 ¹Paulus3
844 288 910 366 quia
933 289 994 350 hoc

61 367 163 437 vona
198 359 294 429 ritu?
331 369 462 430 conano
497 371 617 431 Parrum
656 379 686 430 er
717 372 769 432 rus.
820 369 895 445 uuis
922 349 994 431 aa
1055 397 1057 404 ·

61 447 156 512 hanc
177 452 395 514 collationem?
432 452 515 530 N0s3
544 455 594 534 qui
618 456 689 514 estis
713 453 790 516 ros?
825 452 900 528 Quis
921 454 994 514 iecit

61 544 273 614 noscertos,
306 556 361 597 vos
389 555 451 597 non
480 536 602 598 errore?
640 537 687 598 An
719 535 801 617 quod
826 537 913 597 Bulla
936 556 992 599 vos

60 618 280 698 approbavit?
300 619 362 681 Iam
388 622 455 700 quis
478 629 579 681 certos
601 639 657 681 vos
680 620 761 700 fecit,
784 620 888 680 Patres
910 630 994 681 recte

61 697 160 762 Pauli
182 701 306 763 verbum
329 702 498 764 tractasse?
541 701 714 778 Auditisne‚
733 703 804 782 quid
828 703 992 764 mussatis?

62 781 169 845 Vides
193 803 267 865 ergo
290 787 394 847 omnia
415 785 627 867 sophistarum
661 786 761 849 adhue
783 806 821 846 ex
844 806 900 846 suo
922 805 991 870 pro-

60 867 141 944 prio
165 870 265 948 capite
287 868 469 949 procedere:
504 879 532 929 te
557 890 628 931 vero
651 869 813 930 Latomum
835 867 990 951 Sophiste-

59 968 139 1010 rum
162 950 279 1012 Ducem
301 953 428 1012 seorsim
463 955 624 1014 convenio.
680 952 781 1013 Causa
808 953 918 1033 premit
939 952 994 1012 hu·

62 1052 176 1094 meros
199 1041 278 1113 tuos,
299 1037 366 1116 agis
390 1036 469 1096 enirn
493 1035 583 1096 talem
608 1054 645 1096 ac
660 1043 787 1107 tantam,
809 1035 931 1115 qualem
955 1057 992 1096 ac
1027 1081 1034 1094 .

61 1116 262 1195 quanteml'j
299 1138 357 1180 nec
390 1118 498 1179 Cicero
533 1137 590 1178 nec
623 1119 991 1200 Demosthenes.egerit,
1033 1193 1034 1200 ἵ

61 1199 294 1278 incendiarios,
328 1201 514 1281 sacrilegos,
536 1201 722 1280 homicidas,
746 1202 849 1264 laesae
871 1204 991 1282 pietatis

61 1279 266 1344 Christianae
295 1302 364 1345 reos
394 1303 449 1345 voe
480 1303 583 1344 coram
614 1295 643 1346 et
665 1285 732 1345 Deo
767 1293 797 1347 et
819 1284 991 1347 hominibus

61 1383 144 1444 ego,
187 1365 233 1426 Tu
268 1386 341 1447 ergo
374 1387 413 1426 ne
442 1369 599 1428 existimes
633 1377 662 1427 te
690 1370 750 1428 iarn
779 1368 935 1449 disputare
963 1379 993 1428 et

21 1443 36 1470 ⁸
63 1447 198 1527 ludere3
220 1450 300 1510 seria
321 1469 369 1510 res
392 1456 447 1529 est,
469 1469 560 1530 quam
584 1451 727 1530 gerimus.
1069 1511 1073 1518 ,

156 1530 294 1610 Scilicet,
324 1533 395 1614 quie
417 1533 630 1614 comprehensi
665 1536 739 1594 estis
761 1535 791 1593 in
813 1535 990 1614 ignominia,

63 1615 238 1676 festinastis
261 1616 340 1676 enim
363 1616 401 1677 ad
426 1615 555 1697 gloriam
578 1618 608 1676 in
631 1618 799 1697 principio,
814 1616 894 1677 ‚ideo
919 1636 991 1677 con·

62 1697 150 1758 fusio
173 1700 279 1780 incipit
299 1698 363 1760 fleri
386 1697 455 1760 finis
478 1702 560 1778 sius,
588 1699 648 1760 hoc
670 1708 735 1776 est,
758 1699 840 1778 quod
861 1701 906 1759 sic
929 1720 991 1759 mu-

62 1782 153 1862 gitis,
176 1783 299 1858 tenetis,
320 1784 478 1862 insanitis,
501 1792 531 1842 et
552 1783 675 1843 auribus
697 1783 814 1844 obtusis
836 1785 990 1844 neminem

62 1864 176 1925 audire
199 1865 312 1944 velitis,
346 1865 400 1926 sed
429 1873 546 1928 tanturn
575 1867 635 1927 hoo
663 1869 779 1926 insanis
807 1865 990 1927 clamoribus

62 1949 204 2025 iactetisr
224 1967 284 2010 non
307 1959 354 2010 est
375 1957 552 2030 peccatum,
575 1969 636 2010 non
659 1962 705 2010 est
727 1959 905 2030 peccatum,
927 1969 989 2010 non

62 2041 118 2090 est
139 2039 299 2112 peccatum
325 2033 356 2093 in
379 2051 474 2113 opere
496 2033 588 2095 bono.
619 2032 772 2113 Quidquid
788 2051 862 2114 ergo
885 2032 989 2108 affero,

62 2115 263 2195 interpretor,
285 2135 421 2198 expono,
443 2116 517 2177 nihil
539 2123 594 2194 est,
619 2124 734 2176 tanturn
758 2117 788 2176 in
805 2113 988 2178 vocobulum

63 2199 114 2256 sio
138 2199 293 2277 insanitis,
326 2218 387 2260 non
416 2200 476 2260 aiio
499 2218 608 2280 censa,
639 2218 730 2279 quam
760 2200 832 2280 quia
861 2200 990 2260 avobis

63 2279 269 2362 damnatum,
305 2282 433 2358 timetis,
470 2301 524 2363 per
552 2282 679 2343 Paulum
714 2283 745 2342 in
776 2283 988 2344 confusionem

64 2371 204 2426 vestram
231 2365 473 2426 resuscitandum
496 2384 582 2442 esse,
616 2365 693 2426 adeo
725 2375 757 2426 ut
779 2366 924 2427 Latomus
946 2368 988 2426 in-

64 2444 208 2508 credibili
236 2448 425 2530 impudentia
452 2448 513 2509 hoc
546 2450 645 2530 ipsum
682 2448 864 2510 vocabulum
899 2468 990 2508 arne

63 2531 204 2612 positum
227 2531 311 2594 nulio
334 2531 403 2593 loco
417 2527 487 2592 'non
509 2533 722 2612 interpretetur
739 2551 795 2612 pro
818 2531 939 2602 morteii
961 2544 990 2592 et

65 2614 236 2676 damnabili
256 2624 400 2696 peccato,
423 2613 507 2695 quod
528 2623 629 2676 tamen
652 2616 683 2675 in
706 2615 801 2676 Panlo
825 2615 889 2676 vuit
910 2615 990 2675 intir-

66 2699 206 2759 mitstem
230 2707 346 2760 tantum
360 2697 545 2780 significare,
566 2699 638 2759 mihi
661 2718 722 2779 quo
737 2707 840 2779 potest
856 2701 989 2761 atrocius

67 2789 100 2842 et
123 2779 260 2843 odiosius
282 2784 498 2863 interpretatur
529 2781 659 2862 ubique,
690 2800 840 2863 oppressa
868 2801 991 2863 semper

68 2885 139 2926 mea
160 2857 422 2946 interpretsfione,
446 2865 537 2926 etiem
556 2865 714 2927 confessus
738 2885 787 2926 me
800 2864 838 2926 de
855 2865 989 2946 ignosci-

68 2949 123 3009 bili
141 2948 240 3029 loqui,
263 2949 369 3010 volens
392 2959 424 3010 ut
448 2948 576 3009 mundus
597 2947 749 3029 intelligat
771 2969 789 3010 a
812 2968 860 3010 me
881 2967 989 3031 pecca·

68 3041 133 3092 turn
158 3032 271 3110 vocari,
294 3032 376 3112 quod
402 3033 468 3113 ipse
491 3032 555 3092 vuit
577 3041 738 3111 peccatum
762 3030 874 3112 rideri,
896 3032 990 3094 hone-

68 3125 134 3176 stus
157 3115 208 3176 ilie
227 3124 257 3176 et
281 3135 375 3177 verax
403 3115 457 3179 vir.
501 3115 616 3175 Rursus
644 3115 675 3175 in
699 3113 796 3176 Penio
830 3117 875 3176 sio
897 3115 988 3175 inter·

70 3207 206 3280 pretatur
227 3198 346 3277 leniter,
369 3208 401 3259 nt
423 3197 605 3258 vocabulum
630 3217 753 3278 prorsus
768 3198 865 3260 tollat.
889 3195 989 3272 Quum

70 3292 179 3364 potens
213 3293 301 3344 autor
322 3279 483 3361 iratumne,
521 3282 572 3360 qui
602 3280 754 3342 vocabule
786 3279 927 3341 elevandi
961 3289 991 3341 et

71 3366 261 3448 opprimendi
284 3385 347 3426 non
369 3384 424 3446 pro
448 3365 560 3425 meritis
584 3371 741 3440 autorum,
771 3361 825 3423 sed
846 3383 903 3444 pro
925 3363 989 3424 libi-

318 3505 457 3513 ffl—-r
466 3504 490 3510 -4

141 3559 173 3627 1)
192 3539 223 3610 in
243 3558 285 3611 ed.
305 3558 374 3624 orig.
394 3553 511 3623 iegitur:
543 3555 603 3623 agis
624 3551 695 3605 enirn
716 3550 803 3604 talem
823 3568 854 3605 sc
873 3556 980 3607 tantum

73 3625 232 3700 quatiamine
251 3632 393 3698 quantum.

101 3737 189 3779 nausa
203 3745 253 3784 opp.
270 3735 296 3774 v.
308 3735 335 3772 A.
351 3732 379 3771 aa
394 3730 435 3770 rur.
451 3729 501 3770 sisi.
515 3729 530 3769 r.
544 3741 562 3778 μ.
582 3729 630 3766 vu.
646 3729 672 3770 v,
781 3697 819 3758 31
