2254 4008
309 187 500 256 nzdlt‘bulb.
519 192 704 252 melodium.
930 171 971 256 ii

62 361 192 418 raserunt
211 355 456 437 intelligentiam,
479 373 585 414 omnes
598 351 829 412 declinaverunt
848 351 877 409 in
890 349 970 409 viani

59 429 153 516 suam,
171 441 381 520 unusquisque
403 437 440 498 ad
464 438 622 499 avaritiam
645 455 731 496 suam
755 441 813 495 etc.

128 523 261 583 Primum
283 525 386 602 itaque
413 524 444 581 in
473 522 627 601 baptismo
648 518 843 580 observanda
863 525 910 575 est
931 515 975 574 di-

57 609 117 666 rins
137 608 313 686 promissio,
335 624 414 685 quae
437 605 523 666 dicit:
554 604 612 680 Qui
635 603 798 664 crediderit
825 607 857 662 et
878 600 973 679 bapti-

56 696 129 749 satus
149 689 251 766 luerit,
274 690 376 748 salvus
401 687 467 751 erit.
499 687 585 764 Quae
596 687 760 768 promissio
775 683 974 766 praeferenda

56 782 95 832 est
113 772 396 854 incomparabiliter
417 773 566 831 universis
588 771 710 852 pompis
727 787 864 849 operum,
887 774 972 826 voto·

56 875 125 924 rum,
156 856 357 936 religionum,
391 862 419 915 et
442 855 585 935 quioquid
608 855 783 914 humanitus
811 859 856 911 est
879 852 974 910 intro·-

57 939 178 999 ductum.
227 937 305 999 Nam
328 940 358 998 in
380 939 438 998 bac
458 939 573 1018 pendet
594 939 736 998 universa
758 935 839 996 salas
860 940 974 1007 nostra,

57 1024 93 1081 sic
112 1028 215 1082 autem
240 1028 285 1082 est
308 1020 517 1098 observanda,
548 1028 581 1082 ut
609 1020 700 1082 fldem
724 1037 921 1080 exerceamus
943 1017 973 1075 in

56 1125 98 1178 aa,
129 1123 258 1183 prorsus
281 1124 342 1165 non
367 1104 541 1166 dubitantes
569 1123 626 1164 nos
655 1123 724 1164 esse
746 1103 864 1175 salvos,
894 1106 976 1180 post·

56 1207 136 1267 quam
170 1207 283 1248 snmus
309 1187 468 1269 baptisati,
512 1187 591 1248 Nam
622 1187 678 1247 nisi
710 1187 789 1247 haec
823 1184 903 1245 adsit
924 1190 976 1242 aut

56 1277 168 1351 paretur
191 1270 286 1347 fides,
317 1271 390 1331 nihil
420 1270 546 1351 prodest
572 1270 755 1351 baptismus,
788 1270 851 1329 imo
876 1265 976 1342 obest,

56 1373 106 1415 uon
129 1354 232 1414 solum
255 1362 333 1432 tum,
357 1373 425 1414 cum
448 1355 619 1435 suscipitur,
644 1353 699 1414 sed
720 1359 786 1413 toto
808 1357 879 1431 post
901 1355 974 1410 tem-

56 1457 120 1516 pore
142 1439 235 1498 vitae.
279 1437 479 1499 lncredulitas
507 1439 587 1499 enim
619 1437 769 1498 eiusmodi
794 1433 972 1494 mendacem

56 1522 145 1600 arguit
165 1522 404 1600 promissionem
439 1520 590 1597 divinam,
629 1519 711 1600 quod
745 1525 792 1579 est
824 1535 974 1577 summum

56 1606 181 1664 omnium
205 1613 415 1684 peccatorum.
450 1605 518 1665 Hoc
532 1605 710 1664 exercitium
733 1601 805 1662 lidei
827 1603 852 1659 si
870 1616 977 1680 appre-

56 1687 259 1764 henderimus,
291 1689 392 1747 statim
421 1689 636 1767 intelligemus,
660 1705 750 1765 quam
780 1684 909 1745 arduum
940 1684 978 1742 sit

57 1769 171 1829 credere
205 1771 403 1850 promissioni
435 1771 505 1830 huic
541 1770 671 1830 divinae.
721 1767 863 1828 Humana
896 1768 976 1825 euim
1007 1787 1010 1796 ¹

11 1851 13 1926 ἴ
57 1852 258 1931 imbecillitas,
281 1861 479 1932 peccatorum
506 1873 629 1914 suorum
652 1852 709 1913 sibi
733 1851 874 1924 conscia,
904 1848 980 1909 diiii·

10 1942 12 2020 ξ
58 1935 158 1995 cillime
182 1938 320 1996 omniurn
350 1936 446 1997 credit
474 1955 508 1997 se
536 1955 604 1996 esse
632 1936 750 1997 salvam
779 1941 831 1994 aut
860 1932 1006 2014 salvan,

58 2017 133 2093 dam,
169 2027 199 2078 et
222 2026 334 2092 tamen,
357 2021 416 2080 nisi
437 2019 466 2079 id
490 2020 610 2096 credat,
639 2019 749 2079 salvari
772 2036 833 2078 non
856 2016 979 2105 poterit,

57 2102 117 2178 quia
140 2121 204 2161 uon
227 2101 324 2162 credit
346 2103 463 2163 veritati
489 2103 610 2163 divinae
633 2101 819 2182 promittenti
836 2097 977 2160 salutem.

133 2184 222 2245 Haec
244 2192 309 2244 erat
324 2186 511 2264 praedicatio
534 2185 641 2246 sedulo
655 2184 838 2244 inculcanda
851 2182 980 2262 populo,

58 2265 169 2328 assidue
180 2267 370 2327 recantando
382 2271 440 2328 ista
452 2270 626 2348 promissio,
649 2286 770 2347 semper
792 2265 977 2346 repetendus

58 2349 229 2428 baptismus,
252 2351 363 2430 ingiter
376 2351 541 2412 excitanda
555 2351 750 2429 fovendaque
771 2349 856 2411 fides.
893 2348 978 2407 Siout

58 2435 128 2492 euim
151 2433 248 2493 semel
271 2453 363 2513 super
385 2453 441 2494 nos
473 2435 534 2494 lata
557 2434 662 2495 divina
683 2434 741 2493 bac
774 2433 979 2512 promissione

60 2516 207 2594 usquead
235 2519 364 2577 mortem
388 2517 499 2578 veritas
530 2519 595 2577 eius
619 2523 809 2596 perseverat,
837 2514 978 2575 italides

60 2599 234 2658 iraeadem
257 2618 412 2679 nunquam
437 2600 528 2661 debet
549 2601 722 2674 intermitti,
744 2597 797 2659 sed
822 2617 918 2677 usque
940 2597 978 2658 ad

10 2721 11 2724 κ
61 2688 178 2742 monem
204 2682 243 2742 ali
272 2687 303 2741 et
323 2682 477 2762 roborari,
507 2689 657 2764 perpetua
679 2683 827 2742 memoris
852 2680 979 2761 promis·

61 2765 145 2826 sionis
173 2765 311 2825 eiusdem
339 2767 375 2825 in'
405 2765 558 2846 baptismo
587 2765 675 2827 nobis
707 2765 818 2826 fectae.
867 2763 981 2840 erare,

61 2847 122 2906 dum
135 2867 153 2907 a
165 2849 301 2928 peccatis
324 2850 510 2928 resurgimus
532 2851 597 2908 sive
609 2849 812 2928 poenitemus,
835 2866 895 2907 non
908 2847 979 2906 laci-

63 2949 119 2989 nus
147 2931 247 3008 aliud,
281 2951 371 3010 quarn
406 2931 487 3011 quod
524 2931 562 2992 ad
600 2930 742 3012 baptismi
772 2932 912 2990 virtutem
949 2936 979 2988 et

62 3013 153 3093 fidem,
174 3013 256 3074 unde
278 3012 497 3086 cecideramus,
519 3015 714 3089 revertimur,
738 3020 768 3074 et
790 3013 828 3074 ad
851 3013 978 3092 promis·

64 3098 170 3157 sionem
195 3104 268 3156 tuuc
296 3097 407 3157 lectam
436 3097 584 3173 redimus,
615 3115 705 3177 quam
734 3115 790 3177 par
816 3101 978 3176 peccatum

10 3191 11 3226 t
64 3178 294 3240 deserueramus.
338 3179 465 3261 Semper
487 3182 567 3240 enim
591 3186 694 3240 menet
716 3181 827 3240 veritas
851 3178 978 3258 promis·

65 3262 146 3321 aionis
170 3263 266 3322 semel
288 3264 401 3342 iactae,
437 3281 494 3323 nos
523 3270 647 3324 extenta
678 3281 769 3323 manu
799 3267 977 3340 susceptura

66 3363 199 3406 reversos.
246 3345 348 3425 Atque
375 3346 421 3424 id,
451 3347 481 3406 ni
503 3347 606 3424 fallor,
629 3346 751 3424 volunt,
775 3345 825 3424 qui
848 3343 978 3404 obscure

67 3425 171 3505 dicunt,
209 3428 393 3508 baptismum
429 3447 497 3490 esse
524 3430 655 3510 primum
689 3433 720 3489 et
747 3427 977 3488 fundamentum

69 3511 188 3571 omnium
223 3520 502 3588 sacramentorum,
538 3513 603 3572 sine
637 3529 699 3590 quo
734 3510 848 3570 nullum
887 3514 980 3586 queat

69 3592 181 3656 aliorum
204 3593 345 3657 obtineri.

140 3677 270 3739 Proinde
291 3695 352 3740 non
365 3697 471 3760 parum
485 3677 641 3760 profuerit,
663 3677 689 3736 si
701 3675 862 3756 poenitens
878 3673 975 3752 primo
