2258 4002
272 167 434 224 Antichristi
452 167 488 225 D.
506 166 542 224 tt
560 167 703 226 liutherus.
916 162 976 232 137

59 325 252 389 damnatoria
274 327 365 407 bulla,
389 330 433 390 sic
443 330 544 392 incute
559 335 589 390 et
601 329 736 406 inermis,
758 335 789 389 et
804 346 875 388 vere
894 326 976 388 bulla

57 409 227 487 incederet,
257 413 314 473 nisi
342 414 495 493 insignem
525 412 694 487 inscitiam,
722 430 783 491 qua
812 430 881 470 oum
909 429 977 470 meu

58 512 128 554 vera
150 512 222 554 esee
242 493 400 574 vidissent,
422 504 576 556 ettamen
598 496 660 576 peti
683 495 808 571 nollent,
826 511 884 554 nec
906 509 976 554 con-

57 576 153 636 futare
175 585 314 656 possent,
337 587 532 640 tentaverunt
551 578 890 639 vanoterriculamento
913 595 977 657 per·

58 659 138 719 ditae
163 663 271 741 papyri
296 681 343 722 me
366 670 489 725 terrere.
512 661 571 723 Sed
593 661 741 724 Lutherus
765 659 851 720 bellis
873 679 975 719 asena·

56 748 102 802 tus
116 741 208 803 bullis
222 763 282 805 non
296 751 423 805 terretur
432 753 462 805 at
474 746 552 807 inter
563 745 686 806 inanem
694 762 844 824 papyrum
856 761 893 803 ec
915 761 977 802 orn-

60 825 205 904 nipotens
227 825 353 888 verbum
377 828 434 888 Dei
457 826 645 906 distinguere
667 826 781 890 didicit.

137 907 285 970 Eiusdem
320 911 457 972 inscitiae
482 918 513 971 at
540 910 615 972 iilud
645 919 707 987 est,
736 908 819 989 quod
843 917 975 968 vexante

57 993 249 1052 couscientia
271 1011 332 1054 non
362 1003 436 1064 sunt
461 996 525 1054 ausi
549 993 693 1056 articulos
721 992 899 1054 nominatim
933 991 976 1050 di·

57 1093 164 1154 gerere
186 1093 326 1154 quosque
352 1077 382 1136 in
407 1075 531 1138 ordines
553 1095 636 1138 suos.
679 1077 858 1138 Timuernnt
887 1074 978 1148 enim,

58 1175 94 1214 ne
115 1156 272 1218 haeretica
328 1166 508 1237 assererent,
531 1179 620 1239 quem
643 1178 701 1220 neo
717 1176 878 1221 erroneum
900 1156 978 1216 forte

59 1258 114 1301 nec
137 1239 264 1302 scandat
289 1260 354 1302 sum
378 1249 506 1323 possent
529 1242 701 1305 ostendere.
736 1240 868 1302 Proinde
891 1241 975 1300 inve·

59 1329 167 1383 nerunt
190 1323 368 1386 adverbium
390 1326 573 1406 respective,
592 1333 705 1407 etpost
725 1331 975 1385 enumeratosar·

59 1405 169 1466 ticulos
192 1404 296 1466 dicunt
329 1407 406 1469 aiios
428 1410 600 1488 respective
621 1408 811 1485 haereticos,
835 1405 912 1468 aiios
935 1425 979 1466 er·

4 1505 5 1560 j
59 1507 181 1566 roneos,
203 1489 280 1550 alios
302 1489 515 1571 scandalosos,
537 1493 619 1572 quod
643 1501 689 1554 est
710 1492 827 1552 dicere:
848 1489 976 1569 Nospn-

4 1573 7 1612 i
60 1580 162 1632 amus
180 1572 301 1652 aliquos
324 1591 393 1634 esse
414 1573 597 1654 haereticos,
620 1574 697 1636 elios
719 1591 875 1652 erroneos,
898 1572 975 1633 alios

61 1654 277 1732 scandalosos,
300 1655 354 1716 sed
367 1659 531 1732 nescimus,
553 1659 620 1738 qui,
643 1657 765 1737 quales,
788 1656 902 1735 quanti.
946 1654 973 1716 Ο

5 1773 6 1776 =
62 1738 240 1798 meticulosa
261 1740 453 1819 ignorantia,
483 1758 573 1819 quam
596 1740 715 1802 lubrica
736 1747 766 1799 et
786 1738 914 1817 fugitiva
935 1755 978 1818 es,

61 1838 149 1899 quam
175 1820 243 1880 odis
265 1820 383 1897 lucem,
413 1835 446 1884 ut
477 1825 568 1884 vertis
596 1842 635 1884 ac
654 1823 781 1884 revertis
803 1819 917 1895 omnia,
940 1839 978 1880 ne

62 1903 189 1982 capiaris
211 1904 291 1964 sicut
314 1905 440 1966 Proteus
463 1905 609 1984 quidam?
631 1905 696 1966 Nec
718 1906 763 1964 sic
784 1910 886 1965 tamen
909 1921 978 1962 eva-

63 1986 131 2061 das,
158 1988 222 2046 imo
256 1989 285 2048 in
322 1989 434 2049 astutia
466 1997 516 2048 tna
538 1989 635 2068 magis
668 1985 921 2068 competenderis
948 1996 979 2046 et

64 2069 251 2129 subverteris.

141 2150 234 2213 Prodi
255 2154 375 2231 itaque,
398 2152 608 2214 indoctissima
621 2153 808 2230 antichriste,
830 2151 908 2212 doce
921 2169 979 2212 nos

66 2235 241 2314 sapientiam
264 2243 362 2314 tuam,
386 2233 532 2297 distribue
554 2244 606 2296 tua
627 2236 722 2316 ipsius
738 2234 848 2314 verba,
872 2233 930 2309 dic,
953 2235 978 2292 si

67 2318 138 2378 nosti
162 2325 193 2376 tu
216 2317 293 2397 ipse,
318 2316 389 2396 quid
413 2317 538 2394 dixeris,
560 2319 699 2394 ostende,
722 2319 789 2398 quis
811 2319 850 2377 sit
872 2316 978 2377 heere·

6 2407 7 2438 i
67 2399 147 2479 tione,
171 2399 239 2478 quis
264 2419 335 2460 vero
358 2418 515 2476 erroneus,
538 2401 605 2480 quis
626 2401 837 2476 scandalosns,
859 2409 889 2459 et
911 2399 978 2477 quis

67 2482 99 2540 sit
119 2482 348 2561 qualiscunque.
383 2482 480 2544 Decet
502 2485 583 2544 enim
606 2491 668 2546 tam
680 2482 874 2564 magnificum
896 2482 979 2542 dam·

66 2571 197 2624 notorem
220 2583 324 2644 nosse,
348 2565 420 2644 quid
443 2564 576 2644 damnet,
599 2566 805 2646 turpissimum
826 2565 980 2624 autevnsit

66 2646 205 2707 damnare
228 2648 386 2708 articulum
410 2648 605 2727 haereticum,
628 2648 980 2728 eteundemnonposee

66 2730 227 2791 nominare.
273 2729 354 2792 Noto
377 2737 494 2793 tanturn
516 2731 696 2812 respective,
718 2730 772 2792 sed
794 2729 934 2792 absolute
950 2736 980 2790 et

67 2818 141 2874 carte
163 2811 279 2874 doceri.
319 2812 391 2875 Sum
425 2815 504 2874 enim
535 2814 709 2877 Occunioue
743 2814 899 2891 iectionis,
928 2813 979 2892 qui

67 2903 214 2976 respectus
230 2901 439 2974 contemnunt,
461 2899 565 2958 omnic
579 2905 680 2959 antem
698 2895 840 2958 absoluta
853 2895 978 2970 habent,

67 2987 94 3038 nt
113 2979 156 3038 sic
177 2979 263 3039 iocor
283 2980 313 3038 in
336 2980 425 3040 istam
442 2981 580 3044 moriam.
603 2979 682 3040 Vide
698 2997 782 3060 ergo,
805 2981 845 3041 mi
869 2979 978 3054 lector,

65 3062 208 3140 insignem
241 3061 394 3124 inscitiam
426 3062 706 3140 antichristianum,
737 3079 829 3140 quem
862 3061 976 3123 infelici

67 3143 133 3204 dolo
156 3163 190 3204 se
213 3144 370 3208 occultare
392 3146 591 3225 praesumsit,
611 3144 667 3206 sub
690 3143 836 3206 adverbio
857 3162 980 3224 respec-

4 3247 5 3252 ’
68 3227 130 3288 tive.
153 3225 221 3286 Non
245 3226 345 3286 solum
367 3227 448 3289 enim
471 3247 531 3289 non
555 3227 646 3290 docet
670 3228 839 3306 veritatem,
864 3235 974 3288 etcau-

4 3305 5 3330 ³
69 3327 127 3368 sem
152 3307 378 3386 damnationis,
402 3309 456 3370 sed
474 3329 532 3372 nce
547 3329 681 3372 errorem
694 3317 865 3372 monstrare
877 3309 979 3384 audet,

69 3409 120 3450 neo
139 3390 198 3451 hoc
219 3391 320 3470 ipsum
332 3392 478 3471 indicere,
492 3391 575 3472 qnod
587 3392 721 3474 damnat,
741 3399 883 3454 ettamen
897 3391 979 3451 dem·

4 3539 5 3542 Ἴ
70 3479 124 3534 nat.
145 3473 254 3534 Nonne
277 3473 445 3536 lautissima
468 3475 624 3537 damnatio
639 3475 798 3554 damnare,
819 3481 849 3536 et
861 3475 980 3534 nescire

70 3554 135 3634 quid
153 3554 300 3616 damnes?
336 3555 446 3618 Nonne
475 3557 675 3620 disertissima
708 3558 807 3618 oratio
837 3555 919 3636 ioqui
949 3563 980 3616 et

73 3639 180 3700 nesure
202 3638 273 3719 qnid
296 3638 451 3721 loquaris?
493 3639 573 3718 Quin
602 3641 756 3721 anticyrae
776 3639 911 3719 integrae
933 3637 979 3698 his
