2250 4008
144 169 210 240 492
382 179 390 190 ‘
439 177 598 234 Gonintatio
617 180 781 236 Lntberisns

144 333 285 394 firmitate
317 332 402 412 oapi,
429 335 492 395 imo
520 353 649 396 neeesse
677 343 724 396 eat
751 353 807 417 pro
837 355 909 397 vero
934 343 1059 416 paueato

145 418 230 497 oapi,
260 433 322 495 quo
344 417 444 496 gratia
466 425 496 478 at
518 417 631 480 donum
656 419 712 482 Dei
734 440 809 500 pure
838 426 869 480 et
891 439 963 480 vere
986 437 1059 480 oons-

145 499 334 560 mandentur.
386 499 476 574 Quod
510 503 534 561 si
563 503 630 582 quia
659 508 767 584 neget,
797 521 870 564 vere
903 511 1059 583 peceatum

144 603 227 658 esse,
258 584 307 643 bio
327 582 443 644 donum
469 584 526 646 Dei
562 585 754 666 blasphemat
791 594 822 646 et
850 589 991 667 ingratus
1010 597 1061 645 eat.

144 667 190 728 ita
212 666 281 726 dieo
304 675 335 726 et
356 665 472 742 doeeo,
505 675 537 728 ut
567 671 666 729 omnis
689 671 782 730 bomo
804 671 834 728 in
866 671 951 730 omni
976 687 1061 748 opere

144 769 201 811 ano
225 751 303 810 soiat
324 768 359 810 ae
382 758 498 810 tuntum
513 750 627 812 babere
650 752 688 812 de
702 761 843 832 peceato,
866 753 1061 831 quantumin

143 835 212 914 ipso
235 832 370 894 nondum
400 842 446 892 eat
476 836 606 894 eieotnm
638 843 814 913 peceatum,
842 835 945 914 qualis
979 833 1063 895 arbor

145 917 213 977 talia
234 917 367 990 fruetus,
397 935 435 976 ne
456 917 602 996 glorietur
635 937 738 980 eorum
762 919 826 979 Deo
858 919 897 978 de
920 917 1063 978 munditia

144 1019 201 1060 sna
221 1001 250 1060 in
275 1019 309 1060 se
338 1002 424 1080 ipso,
459 1000 606 1080 glorietur
629 1008 731 1062 autem
754 1004 783 1062 in
807 1004 909 1082 gratia
933 1007 967 1062 st
989 1001 1063 1062 duno

145 1084 218 1159 Dei,
254 1083 336 1162 quod
358 1082 511 1144 faventem
537 1085 635 1145 Deum
659 1084 766 1165 habet,
801 1086 852 1164 qui
875 1085 939 1146 hoe
963 1103 1063 1166 peada·

144 1177 206 1227 tum
230 1187 291 1228 uon
314 1167 459 1246 imputat,
492 1169 617 1248 insuper
647 1167 762 1229 donum
796 1167 894 1245 dedit,
931 1186 996 1247 qno
1019 1187 1063 1227 ex·

143 1257 262 1330 purget.
286 1251 451 1310 Veritatem
465 1269 539 1332 ergo
556 1251 748 1325 confiteatur,
765 1250 846 1329 quod
861 1253 886 1310 ai
899 1251 1063 1311 aeenndmn

144 1341 282 1394 naturam
306 1334 418 1413 operia,
441 1335 516 1394 eitra
531 1336 671 1415 gratiam,
693 1333 874 1395 iudicandus
892 1340 990 1410 esset,
1008 1353 1064 1394 non

143 1425 250 1496 posset
272 1417 437 1476 subsistere
459 1423 530 1477 unte
553 1419 662 1477 faeiem
691 1419 773 1494 eius,
808 1435 908 1492 nune,
939 1418 1014 1496 quia
1038 1417 1064 1476 in

144 1501 244 1580 gratia
266 1501 385 1570 nititur,
417 1500 489 1560 nibil
512 1500 662 1580 estquod
692 1519 761 1560 eum
785 1518 935 1561 accusare
958 1507 1065 1580 potest.

144 1583 192 1642 An
224 1591 295 1642 aunt
329 1582 405 1642 baeu
438 1589 500 1643 tam
533 1582 681 1655 obseura,
713 1593 746 1643 ut
767 1582 984 1663 Sopbiatarum
1018 1584 1065 1642 im·

146 1685 253 1726 mensa
273 1666 325 1726 iila
347 1665 502 1726 volumina
525 1666 563 1726 de
584 1674 713 1746 peooato
737 1676 767 1727 et
781 1667 880 1746 gratia
894 1667 1065 1746 eongeata?

145 1750 193 1810 Au
216 1751 360 1809 uoniam
384 1748 467 1808 Panii
491 1749 616 1809 verbum
646 1759 674 1809 et
704 1751 804 1830 pietaa
836 1748 907 1810 fidei
930 1758 963 1809 et
992 1750 1064 1809 ratio

144 1832 207 1907 illu,
230 1851 309 1912 quae
331 1850 443 1911 eogere
466 1831 634 1909 videbatur,
657 1841 863 1913 utpeeaatnm
885 1851 944 1913 pro
968 1851 1065 1912 poena

144 1926 316 1996 caperetur,
338 1915 463 1996 putohre
480 1917 693 1976 conveniunt?
716 1915 794 1992 Quid
812 1916 932 1977 iaeiiiua
956 1915 1064 1986 didere,
1112 1915 1113 1979 i

145 2017 236 2078 quam
270 2006 430 2078 peceatum
463 2000 585 2059 traeteri
620 2009 671 2060 aut
693 1999 775 2080 Lege
799 2007 853 2060 aut
874 1999 1065 2079 Evangelio?

144 2081 175 2142 st
198 2081 279 2162 Lege
301 2083 369 2142 sota
391 2089 512 2159 tractes,
536 2101 617 2142 mors
640 2089 671 2142 et
691 2084 737 2144 ira
758 2088 815 2162 eat,
837 2084 863 2143 si
884 2082 956 2144 solo
969 2082 1064 2142 Evan-
1111 2117 1112 2120 =

144 2164 242 2245 gelio,
264 2167 362 2244 gratia
384 2173 413 2225 et
436 2165 497 2226 vita
519 2171 580 2238 eat,
603 2174 706 2225 manet
729 2174 830 2226 tamen
854 2165 912 2226 sub
937 2173 1064 2244 utroque

143 2267 215 2308 vera
248 2257 279 2308 et
314 2249 491 2310 naturaiiter
527 2257 698 2328 peceatum.
753 2249 907 2324 Quouirua
943 2249 1062 2309 Patr-nm

144 2332 333 2409 autoritates,
356 2333 406 2411 qui
430 2342 544 2414 negant
555 2342 717 2413 peceatum
741 2351 810 2392 esse
831 2333 861 2392 in
886 2334 980 2408 iusto,
1005 2350 1062 2390 om-

144 2432 198 2474 nes
219 2413 438 2494 intelligendae
461 2421 531 2475 sunt
552 2415 719 2476 seeundum
743 2417 890 2495 gratiam,
926 2415 1061 2475 sednon

144 2497 311 2558 seeundum
346 2505 483 2559 naturam
517 2500 656 2577 peooati,
691 2499 739 2558 val
762 2499 893 2578 Legem,
927 2498 1061 2559 Christus

144 2582 224 2640 enim
258 2600 315 2640 nos
347 2581 501 2651 liberavit,
532 2589 564 2641 ut
596 2581 655 2640 iam
686 2601 747 2641 non
777 2584 871 2640 aimus
894 2580 951 2640 snb
976 2581 1061 2660 Lege.

144 2662 197 2722 aed
221 2663 276 2724 sub
299 2665 406 2742 gratia.

228 2745 268 2806 At
289 2746 383 2808 diues:
426 2747 529 2807 Patres
552 2747 580 2810 8.
605 2755 766 2826 peecatum
791 2755 919 2826 negant,
955 2765 1013 2806 neo
1033 2755 1059 2805 tu

144 2828 257 2908 probas
279 2830 339 2890 boe
363 2831 454 2892 modo
477 2836 637 2908 peceatum
668 2830 716 2888 bie
741 2829 964 2910 aooipiendum.
1011 2829 1059 2888 Ra·
1108 2841 1109 2890 t

144 2913 299 2992 spondeo:
323 2914 454 2974 Primum
479 2913 549 2974 nihil
571 2913 696 2992 impium
723 2914 896 2973 atalienum
921 2923 1059 2972 tamena
1108 2893 1109 2957 i

145 2994 204 3055 flde
227 2997 314 3074 sapio
340 3007 369 3054 et
391 2995 500 3058 doeeo.
544 2996 654 3055 Nonne
678 2996 833 3056 admittis?
863 2994 903 3054 Et
924 2995 1058 3074 probabo

144 3077 242 3140 iatius.
287 3079 404 3140 Deinde
427 3080 487 3140 boe
508 3078 617 3158 probo,
634 3079 716 3158 quod
740 3086 900 3157 peeoatum
922 3080 954 3137 in
967 3077 1058 3158 Sarip-

144 3162 217 3222 turis
241 3163 388 3242 aoeipitur
412 3162 522 3242 ubique
546 3169 579 3222 ut
601 3179 659 3242 ego
694 3163 830 3242 aoeipio,
863 3159 933 3221 ideo
966 3159 1058 3220 esbaa-

144 3246 218 3304 oiter
241 3245 348 3324 probo,
372 3247 416 3304 sie
438 3244 650 3325 aeoipiendum
673 3263 761 3323 esse,
784 3263 852 3304 oum
877 3245 944 3302 aine
966 3243 1057 3322 Serip·
1106 3317 1107 3320 Ἴ

145 3337 230 3387 turae
253 3329 398 3405 exempto
422 3328 493 3388 nibil
517 3330 555 3387 sit
577 3330 607 3387 in
630 3327 690 3387 tide
715 3326 920 3388 asserendum.
947 3327 1059 3388 Deinde

144 3407 304 3487 dupliciter
328 3419 358 3468 tu
382 3411 453 3470 nihii
477 3410 600 3490 probas,
624 3411 752 3489 primum
777 3429 838 3470 non
861 3409 988 3490 probas,
1010 3411 1057 3468 Pa-

144 3497 204 3548 tres
227 3510 339 3570 negare
357 3501 529 3571 peecatum,
551 3495 596 3552 aio
618 3493 829 3572 aooipiendum
846 3511 915 3552 ease
938 3500 992 3552 aut
1014 3511 1055 3552 ao·
1105 3537 1106 3540 ,

144 3569 202 3647 oipi
225 3591 326 3650 posse,
350 3583 382 3634 nt
403 3592 461 3654 ego
484 3577 584 3655 oapio,
607 3577 687 3654 quia,
710 3577 767 3635 etei
781 3575 989 3637 infirmitatem
1012 3595 1056 3654 ap·

145 3649 257 3712 nattam
279 3661 308 3712 at
329 3663 489 3736 peecatum
513 3663 641 3739 negent,
672 3657 731 3724 boo
752 3659 853 3720 fauere
876 3657 973 3718 videri
993 3677 1056 3741 poa·
