2250 4008
143 181 206 252 m
435 185 595 242 manuue
618 186 783 250 butbarlsna

142 341 297 404 Damius?
331 341 412 418 Quid
434 349 495 421 est,
524 360 587 403 uon
605 342 801 404 condnsbial
837 343 896 404 nisi
920 359 961 402 ne
983 341 1056 404 duat

141 427 185 486 ita
207 427 324 507 iacere,
346 427 371 485 si
393 425 473 485 enim
496 443 651 505 uunquam
674 435 844 506 repararet,
875 445 951 487 vere
972 429 1057 486 couti

145 513 235 569 neret
265 523 333 569 sese
371 527 461 589 super
491 509 527 568 iis
550 509 647 569 semel
675 507 813 570 vastatis.
856 509 956 570 Estne
977 509 1060 588 igitur

143 600 258 652 certum
287 611 324 652 ac
351 591 568 668 clarissimum,
602 591 649 651 his
679 591 778 652 verbis
813 611 869 672 pro
891 593 1060 672 reparanda

141 671 334 737 Hierusalem
370 682 399 734 et
427 674 543 754 templo
572 676 652 735 orari
674 683 703 734 st
726 676 828 754 gemit
863 675 983 755 alioqui
1004 695 1059 737 non

142 758 244 832 video,
266 775 320 818 cur
341 759 385 817 sic
407 757 563 838 allegaret
584 757 753 818 inculcaret
773 766 804 819 et
828 767 1017 839 aggravaret
1036 765 1061 818 et

142 849 353 921 exaggeraret.
396 839 447 902 Sic
469 847 591 921 oportet
619 859 688 900 oum
718 840 871 922 Sophistis
903 841 1061 922 pertinaci·

141 923 199 986 bus
231 925 323 985 etiam
346 923 384 984 de
405 943 461 1004 per
481 943 514 982 se
549 924 630 984 nutis
665 923 822 1001 dubitare,
856 925 963 985 donec
986 932 1061 984 certa

145 1007 229 1068 liant.

226 1089 426 1169 consequens
458 1096 520 1165 est,
554 1089 646 1150 talem
675 1091 737 1170 peti
758 1091 823 1150 istis
846 1088 1016 1170 gemitibus
1037 1098 1062 1148 et

143 1172 254 1248 verbis,
278 1191 357 1251 quas
379 1173 477 1251 possit
498 1173 644 1251 reparari.
687 1171 816 1252 Spiritus
835 1174 917 1232 enim
943 1178 1062 1232 sanctus

143 1273 204 1316 uon
226 1263 274 1316 est
295 1263 356 1315 tam
377 1255 497 1329 stultus,
520 1262 553 1314 ut
573 1263 721 1336 suggerat
742 1263 847 1335 petere
860 1254 1062 1336 impossibilis

143 1338 312 1402 manifesta.
364 1337 403 1398 At
437 1339 497 1398 iam
520 1335 677 1398 definitum
700 1348 782 1417 erat,
815 1345 889 1419 post
912 1339 1061 1400 Christum

143 1423 294 1502 usquein
317 1427 422 1481 monte
437 1438 537 1499 neque
558 1421 588 1481 in
601 1421 802 1498 Hierusalem,
823 1421 879 1482 sed
903 1423 936 1480 in
961 1423 1062 1502 spiritu

142 1511 173 1565 et
193 1505 321 1564 veritate
345 1503 533 1564 adorandum
565 1523 633 1564 esse
656 1504 770 1580 Deum,
804 1513 837 1564 ul-
858 1505 1003 1566 Christus
1023 1505 1062 1566 lo·

142 1587 212 1648 beu.
234 1588 264 1650 4.
297 1587 388 1666 dicit,
421 1585 504 1665 quod
539 1586 716 1666 mysterium
751 1587 883 1647 futurum
917 1595 950 1647 et
984 1588 1063 1667 spiri·

143 1679 191 1730 tus
213 1671 310 1730 isaiae
343 1670 386 1730 ita
420 1676 526 1728 notum
560 1669 647 1745 lecit,
682 1677 714 1729 ut
747 1669 823 1730 alius
858 1677 932 1750 post
966 1669 1062 1732 David

143 1752 242 1813 nullus
274 1759 336 1812 tam
374 1751 457 1812 clare
489 1753 668 1830 cognoverit
703 1759 734 1812 et
768 1751 968 1833 praedixerit.
1025 1753 1062 1814 Si·

143 1836 204 1897 mul
258 1835 378 1914 Haggei
425 1833 578 1894 seeundo:
631 1835 749 1894 Domus
793 1837 852 1896 ista
897 1837 1063 1896 novissima

143 1917 301 1998 praedicte
321 1925 377 1979 est.
433 1917 471 1976 Et
493 1917 602 1978 Daniel
613 1915 647 1997 *)
673 1917 896 1979 desolationem
920 1925 1062 1980 statutam

143 2019 240 2080 usquc
280 2001 311 2060 in
349 2000 440 2060 finem
482 2007 552 2079 post
594 1999 746 2061 Christum
782 2007 943 2062 venturam
983 2021 1062 2082 prae·

143 2084 232 2157 vidit,
269 2089 302 2142 ut
327 2081 517 2162 impossibile
545 2083 584 2142 sit
616 2101 684 2142 eam
713 2085 864 2164 reparari,
900 2090 934 2145 ut
961 2083 1061 2145 ludaei

142 2171 333 2244 exspectant.
385 2163 487 2240 Quare
521 2166 581 2225 ista
615 2165 786 2244 deploratio
821 2173 852 2227 et
884 2167 1061 2248 imploratio

141 2265 202 2308 uon
239 2253 343 2327 potest
376 2255 551 2327 competere
582 2248 770 2328 temporibus
799 2258 871 2331 post
899 2251 1061 2330 Christum,

141 2330 195 2390 sed
216 2329 425 2411 Babylonieae
447 2331 632 2410 captivitatis
653 2339 787 2407 tantum,
811 2331 863 2393 ubi
885 2341 917 2394 et
939 2353 1015 2414 spes
1036 2343 1060 2393 et

141 2413 325 2474 desiderium
358 2420 388 2472 et
415 2414 514 2474 oratio
548 2431 604 2494 pro
633 2415 805 2495 reparanda
837 2416 965 2478 civitate
984 2424 1061 2477 recte

139 2497 258 2576 spiritui
281 2495 427 2557 tribuitur.

106 2612 112 2620 ·
222 2577 290 2639 Hoc
312 2579 404 2640 etiam
436 2577 663 2640 observandum
686 2587 749 2656 est,
778 2600 817 2640 nc
839 2580 1060 2660 blasphemiam

140 2661 309 2722 tribuamus
342 2661 465 2740 Spiritui
500 2668 628 2736 sanctu,
661 2664 748 2741 quasi
783 2665 813 2722 in
847 2682 986 2743 persona
1012 2665 1060 2724 im·

139 2745 258 2823 piorum
290 2751 321 2804 et
349 2743 625 2825 blasphemantium
659 2745 824 2825 aliquando
861 2747 901 2806 sit
931 2747 1060 2807 locutus.

141 2825 306 2886 Definitum
326 2824 359 2902 ¹)
383 2836 430 2886 est
453 2827 561 2888 Psalm.
586 2830 643 2892 109
657 2827 706 2906 ²),
734 2827 912 2889 Orationem
935 2829 1060 2891 ludaeo-

138 2928 203 2969 rum
236 2909 394 2970 Romsnae
430 2909 614 2989 captivitatis
646 2911 710 2970 lore
738 2919 899 2990 peccatum
929 2919 961 2972 et
993 2911 1061 2973 abo·

139 2990 292 3052 ruinalem.
336 2991 454 3051 Deinde
483 2992 635 3069 Christus,
666 2993 777 3056 Psalm.
805 2991 903 3076 16³),
936 2997 1061 3056 nomina

137 3093 242 3135 sorum
266 3091 327 3135 non
352 3081 588 3134 memoraturum
620 3094 689 3135 sess
722 3076 795 3136 dicit
816 3095 870 3156 per
892 3076 977 3138 labia
1000 3097 1060 3139 sua.

137 3156 304 3232 Quomodo
335 3175 409 3235 ergo
439 3158 470 3216 in
504 3176 642 3236 persona
677 3158 954 3238 blasphemantium
986 3160 1060 3222 blas

136 3240 276 3319 phemias
300 3257 407 3299 eorum
430 3253 566 3318 exponet
590 3259 693 3301 coram
717 3242 784 3301 Deo
807 3242 932 3322 spiritus
954 3243 1060 3320 lsaias,

138 3339 205 3382 cum
241 3329 327 3382 tanta
362 3320 546 3398 bumilitate,
581 3329 642 3382 tem
672 3325 724 3402 pia
751 3324 964 3404 confessione,
1001 3333 1059 3387 tam

138 3405 257 3462 siucero
295 3403 388 3464 eorde
421 3411 451 3462 et
480 3403 605 3464 studio?
647 3405 777 3486 Oportet
816 3408 898 3468 cuim
935 3416 966 3470 st
1000 3411 1060 3470 sius

136 3519 553 3535 Ἥ

210 3587 223 3682 p
229 3587 242 3716 p
256 3587 342 3709 13:31
353 3603 441 3713 pag
462 3588 617 3642 artronum.
637 3591 668 3659 2)
683 3592 768 3646 loia:
788 3593 848 3651 tos.
868 3593 900 3653 st
915 3593 999 3648 loru:
1021 3596 1058 3651 15.
