2258 4002
305 191 467 246 Antichristl
487 189 517 247 [t.
534 190 569 246 n.
589 190 732 246 Lntherns.
927 185 987 251 141

69 341 421 444 imprudentissimsque,
455 343 526 406 dum
558 346 590 406 in
613 362 662 406 me
685 343 766 405 aliud
790 344 987 436 haereticum,

66 425 142 568 tlt?
161 426 988 596 tltttlt‘tllffltt‘,llllttlltlf‘ltlttr

65 597 108 652 est
134 593 282 672 scientia,
320 612 382 655 non
418 601 465 655 est
492 595 651 654 consilium
684 601 790 653 contre
812 591 987 669 Dominum,

64 674 139 735 sdeo
161 676 306 756 impietas
335 693 429 738 caece
457 680 575 758 capitur
602 675 703 737 verbis
732 678 793 736 oris
816 676 878 753 sui,
908 675 987 736 adeo

65 775 164 818 remur
190 769 251 819 est:
275 759 335 836 Qui
345 761 418 820 iacit
439 760 572 842 lapidem
585 760 616 820 in
639 759 744 834 altum,
767 759 883 819 recidet
897 776 989 838 super

63 859 97 900 cs
119 851 152 901 nt
175 843 251 903 eius.
815 858 823 872 '

97 859 117 921 p
142 924 185 984 Et
206 924 288 1004 quod
311 926 445 984 omniurn
468 923 703 1006 pulcherrimum
727 931 793 1000 est,
816 925 874 983 hac
895 925 989 1004 impis

63 1007 308 1068 contradictione
330 1025 401 1085 sus,
423 1008 597 1068 revelantur
618 1009 823 1088 cogitationes
851 1007 987 1067 cordium

6 1095 7 1101 ’
62 1107 185 1168 eorum,
214 1099 244 1151 et
272 1092 438 1168 nequitiam
467 1110 570 1170 suam,
600 1109 690 1170 quom
723 1092 827 1150 volunt
856 1091 988 1149 maxime

6 1170 7 1183 ¹
62 1173 208 1253 celatam,
236 1175 370 1233 maxime
398 1174 544 1254 produnt,
576 1175 745 1234 incredibili
768 1173 988 1253 imprudentia:

6 1271 7 1337 l
62 1275 127 1315 esse
151 1257 270 1316 scilicet
291 1275 346 1316 eos
368 1260 503 1338 paratos,
526 1257 619 1317 semel
642 1257 987 1325 universamvcritctem

6 1340 7 1366 l
63 1338 218 1419 damnare,
240 1357 310 1399 cum
332 1341 411 1399 enim
435 1340 607 1400 haereticos
621 1348 770 1416 asserant,
791 1357 868 1418 quos
885 1339 990 1398 heere·

63 1422 138 1482 ticos
162 1422 327 1483 ostendere
348 1428 402 1482 eut
421 1423 581 1484 nominare
602 1440 665 1483 non
698 1431 828 1503 possunt
854 1441 912 1482 nec
934 1422 989 1481 soi·

9 1574 13 1583 Ι
64 1510 115 1563 unt
135 1523 197 1564 nec
214 1504 341 1566 audent.
386 1504 466 1581 Quid
494 1505 566 1565 hinc
592 1505 806 1584 intelligimus,
833 1506 890 1565 nisi
921 1523 989 1564 esse

64 1605 115 1646 eos
138 1595 207 1649 tolo
229 1587 323 1649 corde
344 1587 537 1649 adversarios
558 1587 687 1667 Christi,
709 1597 739 1648 et
757 1597 882 1668 paretes
905 1588 987 1647 dam·

64 1687 135 1731 nere
157 1687 282 1731 omnem
304 1670 486 1732 veritatem?
514 1678 545 1731 et
570 1679 673 1731 tamen
697 1671 810 1731 infelici
830 1671 987 1751 hypocrisi

64 1749 183 1832 lingunt
204 1771 273 1814 sese
295 1753 441 1814 damnare
462 1753 616 1814 haereses.
660 1753 705 1813 lin
728 1752 831 1832 vobis,
854 1771 872 1813 o
896 1752 988 1812 hulla·

64 1853 108 1894 res
131 1837 228 1915 esini,
260 1835 367 1896 discite
399 1837 538 1916 tandem,
568 1836 639 1914 quid
668 1838 707 1896 sit
741 1835 892 1897 Christum
921 1853 989 1895 esse

6 1939 7 1942 ¹
64 1919 184 1998 signum
219 1920 471 1980 contradictionis
503 1928 534 1980 et
562 1929 679 1999 petram
709 1919 878 1999 scandali,
897 1937 988 1998 quam

6 2021 8 2043 1
66 2003 165 2062 subito
190 2009 220 2062 et
240 2002 322 2062 incili
344 2004 470 2083 negotio
493 2001 646 2063 denudata
676 2009 722 2063 est
743 2003 843 2063 omnis
866 2003 991 2061 interior

66 2085 207 2164 impietas
234 2093 266 2145 et
292 2087 460 2166 ignominia
490 2093 606 2163 vestra,
643 2087 688 2146 eis
722 2087 798 2166 ipsis
828 2085 988 2145 verborum
1065 2083 1072 2104 ⁸

67 2169 235 2247 operculis,
263 2169 372 2248 quibus
401 2187 468 2228 eam
498 2177 663 2249 contegere
690 2169 800 2229 frustra
821 2168 989 2228 studuistis.

7 2273 8 2276 ¹
66 2250 220 2311 Habemus
242 2253 345 2331 itaque
371 2252 432 2312 hoc
461 2252 560 2332 primo
590 2258 622 2312 et
642 2252 774 2312 evidenti
799 2257 990 2332 argumento,

7 2367 9 2375 >
68 2333 179 2396 bullam
202 2335 284 2395 hano
305 2352 367 2395 non
389 2352 458 2394 esse
480 2336 539 2394 nisi
560 2335 738 2415 antichristi,
760 2336 868 2395 summi
886 2334 990 2394 adver·
1065 2381 1068 2386 .

68 2419 134 2478 sarii
159 2417 216 2478 Dei
238 2423 270 2479 et
290 2418 421 2498 pietatis.
464 2419 625 2498 Agnoscat
646 2437 727 2478 nunc
749 2437 827 2497 eam,
850 2420 874 2477 si
888 2416 991 2478 «sudet

68 2502 130 2560 sive
147 2500 260 2560 Eceius
283 2502 350 2561 sive
374 2519 466 2581 papa,
489 2509 520 2561 et
541 2502 627 2578 sciet,
648 2519 709 2581 quo
732 2503 856 2562 nornine
878 2508 909 2560 et
930 2519 990 2579 que

69 2586 213 2664 opinions
225 2585 265 2644 sit
277 2584 367 2645 nobis
388 2584 608 2646 observandus.
642 2584 676 2645 ln
689 2603 781 2644 unum
795 2585 875 2645 enim
889 2601 990 2643 cumu-

70 2667 126 2726 lum
141 2667 193 2727 hic
204 2669 308 2728 omnia
319 2667 453 2748 pessima
469 2669 594 2728 nomine
607 2675 829 2744 convenerunt,
850 2667 991 2746 impietas

71 2750 274 2830 blasphemia,
295 2751 433 2827 inscitie,
454 2751 674 2831 imprudentia,
698 2752 884 2831 hypocrisis,
909 2767 990 2809 men·

71 2833 204 2906 dacium,
229 2834 361 2894 breviter
387 2841 511 2894 satanas
532 2835 598 2915 ipse
621 2852 688 2894 cum
718 2852 774 2893 suo
799 2833 989 2894 antichristo.

148 2917 216 2978 Nec
237 2919 338 2978 minus
360 2917 628 2998 revelatimpietas
648 2918 707 2977 iste
722 2917 875 2997 seipsam,
898 2927 927 2976 et
942 2933 990 2993 eo,

71 3001 148 3079 quod
172 3019 255 3061 nunc
277 3001 395 3079 dicam,
423 3001 561 3060 decernit
581 3001 661 3060 enim
686 2999 767 3060 bullo
788 2999 847 3059 ista
877 2999 990 3058 eximie

71 3085 180 3163 opertis
207 3084 540 3165 impudentissimisque
567 3083 683 3159 verbis,
719 3101 788 3143 esse
817 3081 993 3142 exurendos

72 3170 158 3228 etism
182 3183 237 3228 eos
259 3167 378 3228 libellos
400 3185 496 3242 meos,
518 3165 673 3246 inquibus
695 3183 812 3227 errores
825 3182 886 3225 non
910 3172 990 3244 sunt,

73 3258 101 3310 nt
123 3253 271 3312 memorie
294 3252 352 3311 mei
374 3251 496 3331 penitus
518 3249 655 3327 tollatur,
678 3257 766 3329 potes
795 3265 886 3326 nunc,
908 3246 991 3306 Chri·

73 3335 165 3395 stisne
187 3333 300 3411 lector,
331 3333 469 3394 dubitare
491 3332 667 3393 inlernslem
692 3332 857 3392 draconem
879 3345 990 3388 sonere

74 3435 123 3497 per
143 3417 258 3479 bullam
280 3415 392 3477 istam?
413 3416 516 3496 Vulgo
539 3416 656 3491 dicitur,
679 3417 795 3474 usinum
818 3413 887 3473 ideo
911 3411 991 3472 mals

13 3491 15 3532 ³*
74 3510 207 3580 mutere,
242 3503 314 3580 quie
336 3500 425 3560 altius
454 3499 584 3574 orditur,
619 3504 650 3557 et
670 3499 727 3557 ista
746 3513 879 3576 ,quoque
909 3494 991 3554 hollo

75 3584 185 3645 lelioius
207 3583 389 3664 cecinisset,
419 3583 444 3642 si
472 3599 534 3642 non
558 3579 768 3660 blasphemum
791 3595 827 3639 os
849 3595 936 3636 suum
959 3577 989 3635 in

78 3668 190 3728 coelum
222 3667 393 3748 posuisset,
425 3663 595 3746 impudenti
621 3663 689 3743 plns
718 3677 808 3740 marn
836 3657 989 3718 diabolice
