2262 4006
134 193 197 262 344
366 195 522 268 Responsio
541 197 569 252 l).
589 193 621 249 bl.
641 193 669 250 t.
691 191 725 248 sd
744 193 844 250 librum

136 351 209 414 det?
250 351 362 414 Nonne
385 358 437 413 eut
458 351 571 431 looum,
592 358 646 412 ent
661 349 773 427 eibum,
792 355 843 410 sul
863 353 990 428 vestem,
1006 351 1058 408 out

102 439 106 442 ’
137 455 299 518 personum
334 441 445 496 treotat
473 435 504 494 iu
527 437 589 496 suis
610 434 753 494 statutis?
796 435 826 494 ln
864 431 972 511 quibus
995 448 1056 492 non

137 519 204 599 plus
227 527 273 580 est
293 519 441 595 iustitiae,
475 537 565 598 qnam
589 519 614 578 si
636 538 742 600 ugrum
776 517 895 576 interim
930 515 1059 590 coleres,

138 609 191 663 uut
212 609 343 680 texeres,
368 607 420 662 aut
442 621 539 664 neres.
583 600 659 678 Quis
692 602 771 662 enim
806 598 992 680 egrloolutur
1021 618 1057 658 ee

138 687 298 766 opinione,
332 691 365 746 ut
385 683 564 745 iustificetur
597 704 634 745 eo
669 703 772 764 opere,
806 691 858 743 eut
881 688 1001 762 penest,
1034 683 1059 740 si

138 771 268 843 omittet,
292 787 360 828 oum
377 765 422 828 ¹sit
450 776 551 828 temen
574 769 779 828 necessarium
802 773 833 826 et
856 766 928 826 utile
959 763 1060 845 opus?

136 851 181 913 Tu
206 853 331 912 veroin
362 871 399 912 eo
423 867 534 929 opere,
568 851 649 930 quod
679 870 803 930 prorsus
835 847 997 926 nequead
1021 848 1061 905 vi-

137 941 197 996 tem
221 933 380 1015 nequead
407 954 470 994 rem
495 941 541 994 est
564 936 785 1009 neeessarium,
816 934 860 992 sio
882 932 997 992 iuberis
1021 931 1061 990 ln-

137 1018 256 1094 borere‚
279 1025 311 1078 ut
332 1017 476 1078 iustitium
509 1017 538 1076 in
563 1037 600 1076 eo
622 1017 757 1076 iuvenire
790 1034 894 1094 speres
929 1021 959 1074 et
992 1032 1060 1093 peu-

139 1121 227 1162 ussse
249 1107 348 1182 putes,
371 1101 396 1160 si
420 1101 552 1160 omittes.
595 1099 652 1160 Oui
675 1101 754 1160 enim
769 1098 817 1158 vel
841 1099 884 1158 rei
909 1097 958 1156 vel
982 1099 1062 1174 vitoe

137 1184 273 1265 prodest,
297 1192 326 1244 te
351 1191 447 1244 utrum
471 1191 523 1243 sut
545 1184 664 1263 nigrum
688 1190 818 1262 gestare,
851 1181 899 1242 leo
921 1187 977 1241 eut
1000 1199 1061 1239 eur·

138 1286 194 1328 nes
216 1267 316 1343 edere,
337 1287 439 1327 rusum
463 1273 599 1326 autnon
623 1285 722 1327 rasum
747 1285 833 1342 esse,
854 1265 916 1324 hoo
939 1263 987 1324 vel
1011 1262 1061 1323 illo

139 1351 210 1412 looo
234 1349 368 1430 degere?
411 1349 450 1410 Et
472 1357 573 1410 tumen
597 1351 626 1408 in
649 1351 686 1410 iis
703 1348 837 1410 futilibus
859 1355 890 1408 et
906 1345 1061 1407 inutilibus

138 1433 228 1494 rebus
250 1432 407 1494 iustifloeri
430 1439 461 1492 et
482 1432 667 1492 suuotifieeri
689 1440 741 1494 out
762 1451 831 1492 rens
854 1429 919 1491 fleri
940 1429 1062 1490 iuberis.
1089 1447 1092 1455 ·

138 1517 236 1578 Estne
266 1515 328 1577 hoo
369 1517 492 1597 egregie
526 1513 578 1576 tibi
608 1515 800 1595 problemata
827 1523 857 1574 et
886 1514 1063 1592 aenigmate

142 1601 303 1680 proposita
325 1599 414 1660 esse?
457 1600 498 1659 At
525 1599 655 1659 muudus
689 1597 736 1658 his
760 1597 906 1658 doctrinis
939 1595 1061 1655 menda·

142 1682 228 1744 uibus
242 1683 427 1744 stillusoriis
449 1683 577 1742 refertus
601 1688 657 1758 est,
679 1683 756 1742 istee
785 1687 855 1740 suut
877 1681 1064 1742 cauteriatae

139 1766 357 1838 uousoieutiee,
380 1773 412 1826 ut
434 1767 514 1826 enim
539 1767 653 1842 omnio,
677 1784 755 1845 quoe
778 1771 882 1845 egunt,
906 1771 979 1823 sunt
998 1781 1062 1842 spe·

138 1849 277 1932 oiesQits
298 1851 412 1928 omnin,
433 1859 514 1927 quae
537 1849 659 1925 donent,
682 1846 995 1927 suntpropositiones
1010 1864 1060 1904 seu

137 1931 294 2013 figmento,
317 1929 479 2011 utrobique
500 1951 583 1992 mere
599 1933 693 1991 socies
715 1937 777 1990 tem
799 1932 829 1990 in
853 1928 945 1990 rebus
969 1947 1058 2008 quem

138 2014 247 2076 verbis.
291 2015 331 2076 Et
353 2023 454 2076 tumen
479 2015 698 2076 consulentium
722 2012 851 2092 fuciunt,
880 2007 1058 2072 sine‘omui

138 2117 242 2160 oense.

221 2178 361 2242 Observa
383 2183 495 2256 nutem,
518 2199 609 2259 quern
634 2179 756 2239 mitibus
779 2187 808 2239 et
823 2177 974 2238 modestis
996 2195 1082 2255 ver-¹

138 2263 185 2325 bis
207 2268 268 2325 tum
293 2264 408 2324 strouiu
432 2269 567 2322 monstra
590 2263 719 2342 Spiritus
742 2267 866 2341 treetet,
888 2259 985 2320 ieoie's
1008 2279 1055 2339 ep·

137 2346 233 2426 pellet
254 2347 438 2410 teterrimam
461 2345 543 2406 illem
568 2365 714 2425 pompam
739 2345 971 2426 ethypoorisiu‚
985 2360 1057 2421 ques

139 2429 222 2490 nullo
245 2431 319 2489 setis
341 2428 495 2489 vocabulo
523 2428 682 2488 truduoere
711 2430 820 2508 possis.
875 2426 915 2486 Et
944 2425 1058 2502 hidoth,

137 2513 350 2593 problemate,
392 2511 528 2594 appellat
563 2511 843 2590 pestilentissimam
885 2509 1056 2569 illusionem

138 2595 296 2656 doetrinae
323 2594 573 2656 entiohristienae
601 2599 632 2654 et
653 2594 733 2654 buno
754 2591 987 2674 intelligentiam
1010 2595 1059 2650 ue*-

137 2679 315 2758 quissirnum
346 2677 535 2758 imponendi.
577 2675 666 2737 Clare
694 2676 773 2737 idem
805 2675 882 2736 Dan.
913 2677 943 2739 7.
976 2693 1059 2755 prue-

137 2761 223 2838 dixit,
245 2761 296 2821 ubi
320 2760 434 2835 scribit,
465 2765 536 2840 post
558 2761 685 2820 bestium
710 2757 883 2836 terribilem,
907 2775 988 2838 quse
1012 2756 1058 2816 de·

136 2861 202 2904 oem
226 2861 341 2904 oornuu
371 2842 504 2904 habebat
535 2843 633 2922 (quae
661 2843 795 2902 omnium
825 2859 979 2902 consensu
1003 2839 1059 2900 Ro·

137 2945 259 3005 msnum
283 2927 442 3005 imperium
468 2931 531 3002 est)
557 2945 590 2984 se
613 2924 825 3004 considerasse
848 2923 932 2985 eliud
964 2941 1059 2984 cornu

135 3009 293 3090 parvulum
327 3017 426 3088 ortum
462 3008 499 3068 de
535 3008 636 3069 medio
669 3009 788 3068 illorum
814 3007 893 3084 (hoo
925 3013 1059 3087 papatus

136 3093 296 3172 imperium
321 3098 382 3171 est,
405 3093 434 3152 in
458 3090 561 3152 medio
583 3091 713 3153 Romani
733 3091 851 3171 imperii
875 3095 996 3164 ortum,
1030 3095 1061 3149 ut

138 3172 304 3258 diximus);
333 3181 364 3235 et
387 3193 460 3235 eoos
482 3173 561 3234 oouli
586 3176 671 3254 qussi
703 3174 785 3235 oculi
812 3172 945 3234 hominis
975 3177 1061 3233 erent
1122 3229 1123 3240 ,

137 3261 165 3318 in
191 3277 285 3338 oornu
308 3259 368 3318 isto
392 3264 422 3318 et
443 3276 479 3318 os
502 3255 631 3336 loquens
655 3258 799 3338 ingentia.
827 3255 878 3316 Isti
895 3254 977 3316 oonli
991 3261 1060 3315 sunt
1122 3244 1123 3265 ¹

140 3342 369 3420 propositiones
389 3341 467 3400 istus
490 3347 520 3398 et
548 3339 748 3419 intelligentis
770 3337 875 3400 hidoth
898 3337 1058 3418 prudentis

137 3424 237 3481 uernis
260 3430 290 3482 et
313 3440 347 3482 os
370 3421 582 3500 blasphemum
605 3424 634 3481 in
658 3421 820 3484 Christum.

220 3503 327 3584 Longe
370 3505 507 3563 etroeius
552 3502 664 3564 Paulus
702 3505 758 3565 hos
794 3502 899 3564 hidoth
939 3507 1057 3578 tremet,
1122 3537 1123 3582 p

138 3581 252 3660 Ephes.
285 3587 314 3646 4.
350 3584 470 3644 diosus:
509 3583 578 3644 Nou
613 3587 706 3648 simus
738 3587 799 3647 iem
833 3583 971 3666 purvuli,
1009 3585 1056 3664 qui
1122 3583 1123 3652 Ῠ

139 3659 287 3722 iluotnent
309 3671 340 3724 et
361 3665 610 3726 oironmferontur
631 3663 713 3729 omni
735 3667 828 3731 vento
841 3665 1054 3747 doetrinsepio
1122 3669 1123 3688 ³
