<?xml version="1.0" encoding="UTF-8"?>
<!DOCTYPE html PUBLIC "-//W3C//DTD XHTML 1.0 Transitional//EN"
    "http://www.w3.org/TR/xhtml1/DTD/xhtml1-transitional.dtd">
<html xmlns="http://www.w3.org/1999/xhtml" xml:lang="en" lang="en">
 <head>
  <title>
</title>
<meta http-equiv="Content-Type" content="text/html;charset=utf-8" />
  <meta name='ocr-system' content='tesseract 3.04.00' />
  <meta name='ocr-capabilities' content='ocr_page ocr_carea ocr_par ocr_line ocrx_word'/>
</head>
<body>
  <div class='ocr_page' id='page_1' title='image "./operalatinavari03schmgoog_0238.png"; bbox 0 0 2252 4006; ppageno 0'>
   <div class='ocr_carea' id='block_1_1' title="bbox 235 195 988 280">
    <p class='ocr_par' dir='ltr' id='par_1_1' title="bbox 235 195 988 280">
     <span class='ocr_line' id='line_1_1' title="bbox 235 195 988 280; baseline 0.011 -16"><span class='ocrx_word' id='word_1_1' title='bbox 235 213 344 265; x_wconf 80' lang='lat' dir='ltr'><strong>Bussam</strong></span> <span class='ocrx_word' id='word_1_2' title='bbox 364 213 448 267; x_wconf 78' lang='lat' dir='ltr'><strong>Leon</strong></span> <span class='ocrx_word' id='word_1_3' title='bbox 470 212 643 267; x_wconf 77' lang='lat' dir='ltr'><strong>X.damnat</strong></span> <span class='ocrx_word' id='word_1_4' title='bbox 664 195 787 268; x_wconf 70' lang='lat' dir='ltr'><strong>a.1uut</strong></span> <span class='ocrx_word' id='word_1_5' title='bbox 926 209 988 280; x_wconf 70' lang='lat'><strong>227</strong></span> 
     </span>
    </p>
   </div>
   <div class='ocr_carea' id='block_1_2' title="bbox 14 365 1057 3679">
    <p class='ocr_par' dir='ltr' id='par_1_2' title="bbox 56 365 988 528">
     <span class='ocr_line' id='line_1_2' title="bbox 58 365 988 449; baseline 0.005 -25"><span class='ocrx_word' id='word_1_6' title='bbox 58 372 127 443; x_wconf 84' lang='lat' dir='ltr'><strong>teat,</strong></span> <span class='ocrx_word' id='word_1_7' title='bbox 152 365 207 425; x_wconf 85' lang='lat' dir='ltr'><strong>aed</strong></span> <span class='ocrx_word' id='word_1_8' title='bbox 231 366 352 444; x_wconf 84' lang='lat' dir='ltr'><strong>longius</strong></span> <span class='ocrx_word' id='word_1_9' title='bbox 375 365 407 425; x_wconf 86' lang='lat' dir='ltr'><strong>flt</strong></span> <span class='ocrx_word' id='word_1_10' title='bbox 431 385 449 426; x_wconf 89' lang='lat' dir='ltr'><strong>a</strong></span> <span class='ocrx_word' id='word_1_11' title='bbox 472 367 531 426; x_wconf 88' lang='lat' dir='ltr'><strong>vite</strong></span> <span class='ocrx_word' id='word_1_12' title='bbox 554 374 584 426; x_wconf 88' lang='lat' dir='ltr'><strong>et</strong></span> <span class='ocrx_word' id='word_1_13' title='bbox 607 367 704 445; x_wconf 80' lang='lat' dir='ltr'><strong>magis</strong></span> <span class='ocrx_word' id='word_1_14' title='bbox 727 383 765 426; x_wconf 92' lang='lat' dir='ltr'><strong>ao</strong></span> <span class='ocrx_word' id='word_1_15' title='bbox 787 369 884 448; x_wconf 83' lang='lat' dir='ltr'><strong>magle</strong></span> <span class='ocrx_word' id='word_1_16' title='bbox 897 369 988 449; x_wconf 76' lang='lat' dir='ltr'><strong>perit,</strong></span> 
     </span>
     <span class='ocr_line' id='line_1_3' title="bbox 56 447 929 528; baseline 0.003 -22"><span class='ocrx_word' id='word_1_17' title='bbox 56 449 100 506; x_wconf 89' lang='lat' dir='ltr'><strong>ita</strong></span> <span class='ocrx_word' id='word_1_18' title='bbox 123 457 156 507; x_wconf 89' lang='lat' dir='ltr'><strong>et</strong></span> <span class='ocrx_word' id='word_1_19' title='bbox 181 447 307 508; x_wconf 88' lang='lat' dir='ltr'><strong>liberum</strong></span> <span class='ocrx_word' id='word_1_20' title='bbox 332 448 498 528; x_wconf 76' lang='lat' dir='ltr'><strong>arbitrium,</strong></span> <span class='ocrx_word' id='word_1_21' title='bbox 521 467 575 508; x_wconf 84' lang='lat' dir='ltr'><strong>seu</strong></span> <span class='ocrx_word' id='word_1_22' title='bbox 598 450 708 528; x_wconf 89' lang='lat' dir='ltr'><strong>impiua</strong></span> <span class='ocrx_word' id='word_1_23' title='bbox 731 449 834 511; x_wconf 90' lang='lat' dir='ltr'><strong>homo.</strong></span> <span class='ocrx_word' id='word_1_24' title='bbox 927 495 929 498; x_wconf 84' lang='lat'>-</span> 
     </span>
    </p>

    <p class='ocr_par' dir='ltr' id='par_1_3' title="bbox 52 530 987 1504">
     <span class='ocr_line' id='line_1_4' title="bbox 141 530 987 612; baseline 0.005 -22"><span class='ocrx_word' id='word_1_25' title='bbox 141 530 242 592; x_wconf 83' lang='lat' dir='ltr'><strong>Gcne.</strong></span> <span class='ocrx_word' id='word_1_26' title='bbox 269 535 287 596; x_wconf 89' lang='lat'><strong>6</strong></span> <span class='ocrx_word' id='word_1_27' title='bbox 310 541 341 591; x_wconf 88' lang='lat' dir='ltr'><strong>at</strong></span> <span class='ocrx_word' id='word_1_28' title='bbox 362 534 407 596; x_wconf 89' lang='lat'><strong>8.:</strong></span> <span class='ocrx_word' id='word_1_29' title='bbox 430 531 544 595; x_wconf 76' lang='lat' dir='ltr'><strong>Sensus</strong></span> <span class='ocrx_word' id='word_1_30' title='bbox 567 539 598 591; x_wconf 87' lang='lat' dir='ltr'><strong>et</strong></span> <span class='ocrx_word' id='word_1_31' title='bbox 618 538 729 592; x_wconf 90' lang='lat' dir='ltr'><strong>cuncta</strong></span> <span class='ocrx_word' id='word_1_32' title='bbox 751 533 898 612; x_wconf 77' lang='lat' dir='ltr'><strong>cogitatio</strong></span> <span class='ocrx_word' id='word_1_33' title='bbox 922 551 987 594; x_wconf 86' lang='lat' dir='ltr'><strong>cor·</strong></span> 
     </span>
     <span class='ocr_line' id='line_1_5' title="bbox 55 613 986 696; baseline 0.006 -24"><span class='ocrx_word' id='word_1_34' title='bbox 55 613 257 674; x_wconf 80' lang='lat' dir='ltr'><strong>dialrumani</strong></span> <span class='ocrx_word' id='word_1_35' title='bbox 280 614 317 674; x_wconf 91' lang='lat' dir='ltr'><strong>ad</strong></span> <span class='ocrx_word' id='word_1_36' title='bbox 350 614 463 674; x_wconf 89' lang='lat' dir='ltr'><strong>malum</strong></span> <span class='ocrx_word' id='word_1_37' title='bbox 485 633 585 694; x_wconf 90' lang='lat' dir='ltr'><strong>prona</strong></span> <span class='ocrx_word' id='word_1_38' title='bbox 617 621 687 674; x_wconf 84' lang='lat' dir='ltr'><strong>runt</strong></span> <span class='ocrx_word' id='word_1_39' title='bbox 723 618 806 674; x_wconf 91' lang='lat' dir='ltr'><strong>omni</strong></span> <span class='ocrx_word' id='word_1_40' title='bbox 838 623 986 696; x_wconf 85' lang='lat' dir='ltr'><strong>tempore.</strong></span> 
     </span>
     <span class='ocr_line' id='line_1_6' title="bbox 54 695 982 777; baseline 0.006 -23"><span class='ocrx_word' id='word_1_41' title='bbox 54 695 212 775; x_wconf 84' lang='lat' dir='ltr'><strong>Obscum,</strong></span> <span class='ocrx_word' id='word_1_42' title='bbox 234 698 285 776; x_wconf 90' lang='lat' dir='ltr'><strong>qui</strong></span> <span class='ocrx_word' id='word_1_43' title='bbox 307 705 448 757; x_wconf 78' lang='lat' dir='ltr'><strong>cunctam</strong></span> <span class='ocrx_word' id='word_1_44' title='bbox 482 698 702 777; x_wconf 80' lang='lat' dir='ltr'><strong>cogitationem</strong></span> <span class='ocrx_word' id='word_1_45' title='bbox 737 696 838 758; x_wconf 85' lang='lat' dir='ltr'><strong>cordis</strong></span> <span class='ocrx_word' id='word_1_46' title='bbox 872 699 982 760; x_wconf 91' lang='lat' dir='ltr'><strong>malam</strong></span> 
     </span>
     <span class='ocr_line' id='line_1_7' title="bbox 52 777 986 862; baseline 0.005 -24"><span class='ocrx_word' id='word_1_47' title='bbox 52 777 140 857; x_wconf 81' lang='lat' dir='ltr'><strong>lacit,</strong></span> <span class='ocrx_word' id='word_1_48' title='bbox 165 781 259 858; x_wconf 88' lang='lat' dir='ltr'><strong>idque</strong></span> <span class='ocrx_word' id='word_1_49' title='bbox 282 781 365 840; x_wconf 88' lang='lat' dir='ltr'><strong>omni</strong></span> <span class='ocrx_word' id='word_1_50' title='bbox 388 787 541 860; x_wconf 81' lang='lat' dir='ltr'><strong>tempore,</strong></span> <span class='ocrx_word' id='word_1_51' title='bbox 564 798 654 859; x_wconf 91' lang='lat' dir='ltr'><strong>quam</strong></span> <span class='ocrx_word' id='word_1_52' title='bbox 684 779 835 859; x_wconf 83' lang='lat' dir='ltr'><strong>relinquet</strong></span> <span class='ocrx_word' id='word_1_53' title='bbox 863 781 986 862; x_wconf 83' lang='lat' dir='ltr'><strong>bonam,</strong></span> 
     </span>
     <span class='ocr_line' id='line_1_8' title="bbox 53 862 985 943; baseline 0.006 -23"><span class='ocrx_word' id='word_1_54' title='bbox 53 879 138 940; x_wconf 87' lang='lat' dir='ltr'><strong>quae</strong></span> <span class='ocrx_word' id='word_1_55' title='bbox 163 870 328 942; x_wconf 89' lang='lat' dir='ltr'><strong>praepamt</strong></span> <span class='ocrx_word' id='word_1_56' title='bbox 350 862 389 924; x_wconf 90' lang='lat' dir='ltr'><strong>ad</strong></span> <span class='ocrx_word' id='word_1_57' title='bbox 408 863 559 943; x_wconf 80' lang='lat' dir='ltr'><strong>gratiam?</strong></span> <span class='ocrx_word' id='word_1_58' title='bbox 582 865 629 923; x_wconf 90' lang='lat' dir='ltr'><strong>An</strong></span> <span class='ocrx_word' id='word_1_59' title='bbox 653 863 766 924; x_wconf 88' lang='lat' dir='ltr'><strong>malum</strong></span> <span class='ocrx_word' id='word_1_60' title='bbox 790 862 925 943; x_wconf 89' lang='lat' dir='ltr'><strong>disponit</strong></span> <span class='ocrx_word' id='word_1_61' title='bbox 946 866 985 926; x_wconf 90' lang='lat' dir='ltr'><strong>ad</strong></span> 
     </span>
     <span class='ocr_line' id='line_1_9' title="bbox 53 943 987 1024; baseline 0.004 -20"><span class='ocrx_word' id='word_1_62' title='bbox 53 943 201 1004; x_wconf 80' lang='lat' dir='ltr'><strong>bonum?</strong></span> <span class='ocrx_word' id='word_1_63' title='bbox 243 945 308 1006; x_wconf 84' lang='lat' dir='ltr'><strong>Neo</strong></span> <span class='ocrx_word' id='word_1_64' title='bbox 339 953 400 1023; x_wconf 85' lang='lat' dir='ltr'><strong>eat,</strong></span> <span class='ocrx_word' id='word_1_65' title='bbox 436 946 519 1024; x_wconf 88' lang='lat' dir='ltr'><strong>quod</strong></span> <span class='ocrx_word' id='word_1_66' title='bbox 542 947 622 1006; x_wconf 90' lang='lat' dir='ltr'><strong>hanc</strong></span> <span class='ocrx_word' id='word_1_67' title='bbox 655 947 849 1007; x_wconf 81' lang='lat' dir='ltr'><strong>autoritatem</strong></span> <span class='ocrx_word' id='word_1_68' title='bbox 883 947 987 1010; x_wconf 89' lang='lat' dir='ltr'><strong>eludat</strong></span> 
     </span>
     <span class='ocr_line' id='line_1_10' title="bbox 53 1029 986 1111; baseline 0.005 -25"><span class='ocrx_word' id='word_1_69' title='bbox 53 1029 235 1109; x_wconf 80' lang='lat' dir='ltr'><strong>quisquam,</strong></span> <span class='ocrx_word' id='word_1_70' title='bbox 258 1029 345 1108; x_wconf 83' lang='lat' dir='ltr'><strong>quael</strong></span> <span class='ocrx_word' id='word_1_71' title='bbox 369 1029 587 1108; x_wconf 84' lang='lat' dir='ltr'><strong>cogitationem</strong></span> <span class='ocrx_word' id='word_1_72' title='bbox 621 1048 706 1088; x_wconf 86' lang='lat' dir='ltr'><strong>auam</strong></span> <span class='ocrx_word' id='word_1_73' title='bbox 743 1029 853 1089; x_wconf 88' lang='lat' dir='ltr'><strong>malam</strong></span> <span class='ocrx_word' id='word_1_74' title='bbox 886 1032 986 1111; x_wconf 80' lang='lat' dir='ltr'><strong>poerit</strong></span> 
     </span>
     <span class='ocr_line' id='line_1_11' title="bbox 53 1109 987 1192; baseline 0.006 -24"><span class='ocrx_word' id='word_1_75' title='bbox 53 1109 153 1171; x_wconf 93' lang='lat' dir='ltr'><strong>homo</strong></span> <span class='ocrx_word' id='word_1_76' title='bbox 179 1110 324 1172; x_wconf 87' lang='lat' dir='ltr'><strong>cohibere</strong></span> <span class='ocrx_word' id='word_1_77' title='bbox 345 1110 520 1190; x_wconf 88' lang='lat' dir='ltr'><strong>aliquando.</strong></span> <span class='ocrx_word' id='word_1_78' title='bbox 551 1110 639 1186; x_wconf 80' lang='lat' dir='ltr'><strong>Quae</strong></span> <span class='ocrx_word' id='word_1_79' title='bbox 661 1113 741 1171; x_wconf 90' lang='lat' dir='ltr'><strong>enim</strong></span> <span class='ocrx_word' id='word_1_80' title='bbox 763 1113 911 1192; x_wconf 86' lang='lat' dir='ltr'><strong>cogitatio</strong></span> <span class='ocrx_word' id='word_1_81' title='bbox 926 1113 987 1174; x_wconf 90' lang='lat' dir='ltr'><strong>hoo</strong></span> 
     </span>
     <span class='ocr_line' id='line_1_12' title="bbox 53 1192 985 1274; baseline 0.005 -23"><span class='ocrx_word' id='word_1_82' title='bbox 53 1192 130 1252; x_wconf 85' lang='lat' dir='ltr'><strong>facit</strong></span> <span class='ocrx_word' id='word_1_83' title='bbox 156 1196 363 1274; x_wconf 76' lang='lat' dir='ltr'><strong>culpantur,</strong></span> <span class='ocrx_word' id='word_1_84' title='bbox 386 1199 515 1273; x_wconf 86' lang='lat' dir='ltr'><strong>utraque</strong></span> <span class='ocrx_word' id='word_1_85' title='bbox 538 1194 704 1272; x_wconf 78' lang='lat' dir='ltr'><strong>boucart,</strong></span> <span class='ocrx_word' id='word_1_86' title='bbox 740 1194 793 1254; x_wconf 86' lang='lat' dir='ltr'><strong>aed</strong></span> <span class='ocrx_word' id='word_1_87' title='bbox 821 1194 985 1274; x_wconf 74' lang='lat' dir='ltr'><strong>intereas,</strong></span> 
     </span>
     <span class='ocr_line' id='line_1_13' title="bbox 55 1275 986 1354; baseline 0.004 -19"><span class='ocrx_word' id='word_1_88' title='bbox 55 1291 137 1354; x_wconf 83' lang='lat' dir='ltr'><strong>qnae</strong></span> <span class='ocrx_word' id='word_1_89' title='bbox 174 1283 303 1337; x_wconf 88' lang='lat' dir='ltr'><strong>cunctae</strong></span> <span class='ocrx_word' id='word_1_90' title='bbox 337 1275 486 1354; x_wconf 90' lang='lat' dir='ltr'><strong>dicuntur,</strong></span> <span class='ocrx_word' id='word_1_91' title='bbox 517 1295 580 1337; x_wconf 93' lang='lat' dir='ltr'><strong>non</strong></span> <span class='ocrx_word' id='word_1_92' title='bbox 614 1277 828 1341; x_wconf 88' lang='lat' dir='ltr'><strong>numerabitur.</strong></span> <span class='ocrx_word' id='word_1_93' title='bbox 863 1278 901 1339; x_wconf 31' lang='lat' dir='ltr'><strong>*Si</strong></span> <span class='ocrx_word' id='word_1_94' title='bbox 924 1297 986 1339; x_wconf 91' lang='lat' dir='ltr'><strong>una</strong></span> 
     </span>
     <span class='ocr_line' id='line_1_14' title="bbox 56 1357 985 1442; baseline 0.002 -24"><span class='ocrx_word' id='word_1_95' title='bbox 56 1359 141 1419; x_wconf 84' lang='lat' dir='ltr'><strong>bona</strong></span> <span class='ocrx_word' id='word_1_96' title='bbox 165 1359 195 1419; x_wconf 93' lang='lat' dir='ltr'><strong>in</strong></span> <span class='ocrx_word' id='word_1_97' title='bbox 219 1378 258 1420; x_wconf 89' lang='lat' dir='ltr'><strong>eo</strong></span> <span class='ocrx_word' id='word_1_98' title='bbox 280 1378 349 1419; x_wconf 84' lang='lat' dir='ltr'><strong>ease</strong></span> <span class='ocrx_word' id='word_1_99' title='bbox 370 1366 482 1442; x_wconf 76' lang='lat' dir='ltr'><strong>potest,</strong></span> <span class='ocrx_word' id='word_1_100' title='bbox 503 1361 645 1421; x_wconf 88' lang='lat' dir='ltr'><strong>mentitur</strong></span> <span class='ocrx_word' id='word_1_101' title='bbox 660 1357 776 1438; x_wconf 86' lang='lat' dir='ltr'><strong>Moaea,</strong></span> <span class='ocrx_word' id='word_1_102' title='bbox 791 1361 842 1439; x_wconf 91' lang='lat' dir='ltr'><strong>qui</strong></span> <span class='ocrx_word' id='word_1_103' title='bbox 860 1367 985 1424; x_wconf 82' lang='lat' dir='ltr'><strong>cunctae</strong></span> 
     </span>
     <span class='ocr_line' id='line_1_15' title="bbox 56 1441 414 1504; baseline 0.011 -4"><span class='ocrx_word' id='word_1_104' title='bbox 56 1442 157 1503; x_wconf 85' lang='lat' dir='ltr'><strong>malua</strong></span> <span class='ocrx_word' id='word_1_105' title='bbox 182 1461 253 1502; x_wconf 87' lang='lat' dir='ltr'><strong>eaae</strong></span> <span class='ocrx_word' id='word_1_106' title='bbox 274 1441 414 1504; x_wconf 82' lang='lat' dir='ltr'><strong>allirmat</strong></span> 
     </span>
    </p>

    <p class='ocr_par' dir='ltr' id='par_1_4' title="bbox 57 1524 985 2497">
     <span class='ocr_line' id='line_1_16' title="bbox 140 1524 985 1606; baseline 0.002 -21"><span class='ocrx_word' id='word_1_107' title='bbox 140 1525 271 1604; x_wconf 87' lang='lat' dir='ltr'><strong>lnauper</strong></span> <span class='ocrx_word' id='word_1_108' title='bbox 293 1532 410 1585; x_wconf 87' lang='lat' dir='ltr'><strong>textum</strong></span> <span class='ocrx_word' id='word_1_109' title='bbox 433 1524 586 1584; x_wconf 78' lang='lat' dir='ltr'><strong>Ebraeum</strong></span> <span class='ocrx_word' id='word_1_110' title='bbox 610 1526 653 1584; x_wconf 83' lang='lat' dir='ltr'><strong>sic</strong></span> <span class='ocrx_word' id='word_1_111' title='bbox 672 1525 784 1585; x_wconf 79' lang='lat' dir='ltr'><strong>referre</strong></span> <span class='ocrx_word' id='word_1_112' title='bbox 805 1525 888 1606; x_wconf 87' lang='lat' dir='ltr'><strong>licat,</strong></span> <span class='ocrx_word' id='word_1_113' title='bbox 911 1545 985 1606; x_wconf 91' lang='lat' dir='ltr'><strong>quo·</strong></span> 
     </span>
     <span class='ocr_line' id='line_1_17' title="bbox 57 1607 984 1688; baseline 0.005 -23"><span class='ocrx_word' id='word_1_114' title='bbox 57 1608 151 1684; x_wconf 81' lang='lat' dir='ltr'><strong>niam,</strong></span> <span class='ocrx_word' id='word_1_115' title='bbox 171 1607 318 1687; x_wconf 87' lang='lat' dir='ltr'><strong>quidquid</strong></span> <span class='ocrx_word' id='word_1_116' title='bbox 341 1609 425 1688; x_wconf 88' lang='lat' dir='ltr'><strong>cupit</strong></span> <span class='ocrx_word' id='word_1_117' title='bbox 445 1615 476 1668; x_wconf 89' lang='lat' dir='ltr'><strong>et</strong></span> <span class='ocrx_word' id='word_1_118' title='bbox 497 1609 614 1686; x_wconf 84' lang='lat' dir='ltr'><strong>cogitat</strong></span> <span class='ocrx_word' id='word_1_119' title='bbox 635 1625 689 1668; x_wconf 89' lang='lat' dir='ltr'><strong>oor</strong></span> <span class='ocrx_word' id='word_1_120' title='bbox 709 1609 851 1686; x_wconf 88' lang='lat' dir='ltr'><strong>hominia,</strong></span> <span class='ocrx_word' id='word_1_121' title='bbox 873 1609 984 1670; x_wconf 89' lang='lat' dir='ltr'><strong>aulum·</strong></span> 
     </span>
     <span class='ocr_line' id='line_1_18' title="bbox 57 1689 984 1772; baseline 0.005 -24"><span class='ocrx_word' id='word_1_122' title='bbox 57 1689 153 1751; x_wconf 91' lang='lat' dir='ltr'><strong>modo</strong></span> <span class='ocrx_word' id='word_1_123' title='bbox 179 1691 293 1750; x_wconf 89' lang='lat' dir='ltr'><strong>malum</strong></span> <span class='ocrx_word' id='word_1_124' title='bbox 315 1697 362 1750; x_wconf 87' lang='lat' dir='ltr'><strong>eat</strong></span> <span class='ocrx_word' id='word_1_125' title='bbox 384 1691 467 1751; x_wconf 92' lang='lat' dir='ltr'><strong>omni</strong></span> <span class='ocrx_word' id='word_1_126' title='bbox 491 1690 557 1768; x_wconf 87' lang='lat' dir='ltr'><strong>die,</strong></span> <span class='ocrx_word' id='word_1_127' title='bbox 591 1689 711 1750; x_wconf 88' lang='lat' dir='ltr'><strong>additur</strong></span> <span class='ocrx_word' id='word_1_128' title='bbox 733 1692 812 1750; x_wconf 87' lang='lat' dir='ltr'><strong>enim</strong></span> <span class='ocrx_word' id='word_1_129' title='bbox 835 1692 984 1772; x_wconf 89' lang='lat' dir='ltr'><strong>particula</strong></span> 
     </span>
     <span class='ocr_line' id='line_1_19' title="bbox 58 1772 983 1852; baseline 0.001 -20"><span class='ocrx_word' id='word_1_130' title='bbox 58 1773 231 1852; x_wconf 76' lang='lat' dir='ltr'><strong>exclusiva,</strong></span> <span class='ocrx_word' id='word_1_131' title='bbox 253 1772 293 1833; x_wconf 90' lang='lat' dir='ltr'><strong>ad</strong></span> <span class='ocrx_word' id='word_1_132' title='bbox 314 1773 443 1850; x_wconf 83' lang='lat' dir='ltr'><strong>malum,</strong></span> <span class='ocrx_word' id='word_1_133' title='bbox 477 1791 569 1852; x_wconf 88' lang='lat' dir='ltr'><strong>quam</strong></span> <span class='ocrx_word' id='word_1_134' title='bbox 592 1781 697 1834; x_wconf 86' lang='lat' dir='ltr'><strong>noatra</strong></span> <span class='ocrx_word' id='word_1_135' title='bbox 729 1773 889 1835; x_wconf 77' lang='lat' dir='ltr'><strong>translatio</strong></span> <span class='ocrx_word' id='word_1_136' title='bbox 920 1793 983 1835; x_wconf 90' lang='lat' dir='ltr'><strong>non</strong></span> 
     </span>
     <span class='ocr_line' id='line_1_20' title="bbox 57 1855 980 1937; baseline 0.003 -23"><span class='ocrx_word' id='word_1_137' title='bbox 57 1855 203 1917; x_wconf 88' lang='lat' dir='ltr'><strong>reddidit.</strong></span> <span class='ocrx_word' id='word_1_138' title='bbox 236 1856 302 1916; x_wconf 87' lang='lat' dir='ltr'><strong>Nec</strong></span> <span class='ocrx_word' id='word_1_139' title='bbox 324 1856 460 1931; x_wconf 86' lang='lat' dir='ltr'><strong>verbum,</strong></span> <span class='ocrx_word' id='word_1_140' title='bbox 472 1858 565 1936; x_wconf 87' lang='lat' dir='ltr'><strong>cupit,</strong></span> <span class='ocrx_word' id='word_1_141' title='bbox 578 1855 718 1934; x_wconf 87' lang='lat' dir='ltr'><strong>reddidit,</strong></span> <span class='ocrx_word' id='word_1_142' title='bbox 731 1873 788 1916; x_wconf 89' lang='lat' dir='ltr'><strong>neo</strong></span> <span class='ocrx_word' id='word_1_143' title='bbox 811 1857 900 1937; x_wconf 89' lang='lat' dir='ltr'><strong>plene</strong></span> <span class='ocrx_word' id='word_1_144' title='bbox 915 1875 980 1917; x_wconf 85' lang='lat' dir='ltr'><strong>ver·</strong></span> 
     </span>
     <span class='ocr_line' id='line_1_21' title="bbox 58 1939 982 2020; baseline 0.002 -22"><span class='ocrx_word' id='word_1_145' title='bbox 58 1939 129 1999; x_wconf 89' lang='lat' dir='ltr'><strong>bum</strong></span> <span class='ocrx_word' id='word_1_146' title='bbox 159 1939 290 2019; x_wconf 78' lang='lat' dir='ltr'><strong>cogitat,</strong></span> <span class='ocrx_word' id='word_1_147' title='bbox 326 1957 381 2000; x_wconf 84' lang='lat' dir='ltr'><strong>seu</strong></span> <span class='ocrx_word' id='word_1_148' title='bbox 409 1939 628 2020; x_wconf 89' lang='lat' dir='ltr'><strong>cogitationem</strong></span> <span class='ocrx_word' id='word_1_149' title='bbox 661 1940 759 1999; x_wconf 86' lang='lat' dir='ltr'><strong>vertit.</strong></span> <span class='ocrx_word' id='word_1_150' title='bbox 799 1939 874 2000; x_wconf 85' lang='lat' dir='ltr'><strong>Vult</strong></span> <span class='ocrx_word' id='word_1_151' title='bbox 902 1941 982 2000; x_wconf 92' lang='lat' dir='ltr'><strong>anim</strong></span> 
     </span>
     <span class='ocr_line' id='line_1_22' title="bbox 59 2021 981 2102; baseline 0.002 -21"><span class='ocrx_word' id='word_1_152' title='bbox 59 2021 165 2082; x_wconf 84' lang='lat' dir='ltr'><strong>lloaca</strong></span> <span class='ocrx_word' id='word_1_153' title='bbox 185 2041 248 2083; x_wconf 89' lang='lat' dir='ltr'><strong>non</strong></span> <span class='ocrx_word' id='word_1_154' title='bbox 272 2021 365 2082; x_wconf 90' lang='lat' dir='ltr'><strong>modo</strong></span> <span class='ocrx_word' id='word_1_155' title='bbox 388 2023 504 2083; x_wconf 79' lang='lat' dir='ltr'><strong>otiosas</strong></span> <span class='ocrx_word' id='word_1_156' title='bbox 527 2032 557 2081; x_wconf 86' lang='lat' dir='ltr'><strong>et</strong></span> <span class='ocrx_word' id='word_1_157' title='bbox 579 2033 783 2102; x_wconf 80' lang='lat' dir='ltr'><strong>spontaneae,</strong></span> <span class='ocrx_word' id='word_1_158' title='bbox 812 2022 866 2082; x_wconf 85' lang='lat' dir='ltr'><strong>aad</strong></span> <span class='ocrx_word' id='word_1_159' title='bbox 889 2025 981 2083; x_wconf 89' lang='lat' dir='ltr'><strong>etiarn</strong></span> 
     </span>
     <span class='ocr_line' id='line_1_23' title="bbox 58 2104 982 2186; baseline 0.004 -24"><span class='ocrx_word' id='word_1_160' title='bbox 58 2105 237 2184; x_wconf 76' lang='lat' dir='ltr'><strong>ingeniosae</strong></span> <span class='ocrx_word' id='word_1_161' title='bbox 259 2111 290 2164; x_wconf 87' lang='lat' dir='ltr'><strong>et</strong></span> <span class='ocrx_word' id='word_1_162' title='bbox 310 2123 373 2182; x_wconf 81' lang='lat' dir='ltr'><strong>eas,</strong></span> <span class='ocrx_word' id='word_1_163' title='bbox 398 2104 506 2184; x_wconf 87' lang='lat' dir='ltr'><strong>quibua</strong></span> <span class='ocrx_word' id='word_1_164' title='bbox 527 2105 622 2165; x_wconf 91' lang='lat' dir='ltr'><strong>homo</strong></span> <span class='ocrx_word' id='word_1_165' title='bbox 646 2106 684 2166; x_wconf 90' lang='lat' dir='ltr'><strong>de</strong></span> <span class='ocrx_word' id='word_1_166' title='bbox 700 2105 849 2166; x_wconf 89' lang='lat' dir='ltr'><strong>induatria</strong></span> <span class='ocrx_word' id='word_1_167' title='bbox 865 2107 982 2186; x_wconf 88' lang='lat' dir='ltr'><strong>cogitat</strong></span> 
     </span>
     <span class='ocr_line' id='line_1_24' title="bbox 59 2186 981 2267; baseline 0.001 -20"><span class='ocrx_word' id='word_1_168' title='bbox 59 2187 172 2266; x_wconf 87' lang='lat' dir='ltr'><strong>aliquid</strong></span> <span class='ocrx_word' id='word_1_169' title='bbox 195 2186 311 2266; x_wconf 85' lang='lat' dir='ltr'><strong>facere,</strong></span> <span class='ocrx_word' id='word_1_170' title='bbox 334 2195 425 2267; x_wconf 86' lang='lat' dir='ltr'><strong>atque</strong></span> <span class='ocrx_word' id='word_1_171' title='bbox 447 2187 502 2247; x_wconf 85' lang='lat' dir='ltr'><strong>baa</strong></span> <span class='ocrx_word' id='word_1_172' title='bbox 524 2189 614 2248; x_wconf 89' lang='lat' dir='ltr'><strong>etiam</strong></span> <span class='ocrx_word' id='word_1_173' title='bbox 638 2206 700 2248; x_wconf 93' lang='lat' dir='ltr'><strong>non</strong></span> <span class='ocrx_word' id='word_1_174' title='bbox 729 2189 787 2247; x_wconf 85' lang='lat' dir='ltr'><strong>nisi</strong></span> <span class='ocrx_word' id='word_1_175' title='bbox 814 2187 908 2248; x_wconf 84' lang='lat' dir='ltr'><strong>malas</strong></span> <span class='ocrx_word' id='word_1_176' title='bbox 939 2187 981 2248; x_wconf 88' lang='lat' dir='ltr'><strong>di·</strong></span> 
     </span>
     <span class='ocr_line' id='line_1_25' title="bbox 59 2270 982 2350; baseline 0.002 -22"><span class='ocrx_word' id='word_1_177' title='bbox 59 2271 105 2350; x_wconf 86' lang='lat' dir='ltr'><strong>cit,</strong></span> <span class='ocrx_word' id='word_1_178' title='bbox 128 2278 163 2331; x_wconf 89' lang='lat' dir='ltr'><strong>ut</strong></span> <span class='ocrx_word' id='word_1_179' title='bbox 186 2270 261 2330; x_wconf 89' lang='lat' dir='ltr'><strong>nihil</strong></span> <span class='ocrx_word' id='word_1_180' title='bbox 283 2270 397 2332; x_wconf 89' lang='lat' dir='ltr'><strong>laciaut</strong></span> <span class='ocrx_word' id='word_1_181' title='bbox 418 2270 575 2348; x_wconf 88' lang='lat' dir='ltr'><strong>Pelagiani</strong></span> <span class='ocrx_word' id='word_1_182' title='bbox 599 2272 658 2349; x_wconf 81' lang='lat' dir='ltr'><strong>lati,</strong></span> <span class='ocrx_word' id='word_1_183' title='bbox 681 2273 732 2350; x_wconf 92' lang='lat' dir='ltr'><strong>qui</strong></span> <span class='ocrx_word' id='word_1_184' title='bbox 755 2270 883 2330; x_wconf 90' lang='lat' dir='ltr'><strong>liberum</strong></span> <span class='ocrx_word' id='word_1_185' title='bbox 906 2270 982 2330; x_wconf 90' lang='lat' dir='ltr'><strong>arbi-</strong></span> 
     </span>
     <span class='ocr_line' id='line_1_26' title="bbox 60 2352 981 2432; baseline 0.002 -20"><span class='ocrx_word' id='word_1_186' title='bbox 60 2354 145 2413; x_wconf 84' lang='lat' dir='ltr'><strong>trium</strong></span> <span class='ocrx_word' id='word_1_187' title='bbox 170 2353 314 2432; x_wconf 84' lang='lat' dir='ltr'><strong>tribuunt,</strong></span> <span class='ocrx_word' id='word_1_188' title='bbox 338 2355 362 2413; x_wconf 90' lang='lat' dir='ltr'><strong>ai</strong></span> <span class='ocrx_word' id='word_1_189' title='bbox 385 2352 522 2414; x_wconf 85' lang='lat' dir='ltr'><strong>studiose</strong></span> <span class='ocrx_word' id='word_1_190' title='bbox 536 2353 664 2431; x_wconf 89' lang='lat' dir='ltr'><strong>laboret,</strong></span> <span class='ocrx_word' id='word_1_191' title='bbox 686 2353 725 2414; x_wconf 85' lang='lat' dir='ltr'><strong>ad</strong></span> <span class='ocrx_word' id='word_1_192' title='bbox 738 2353 852 2414; x_wconf 89' lang='lat' dir='ltr'><strong>bonum</strong></span> <span class='ocrx_word' id='word_1_193' title='bbox 867 2353 981 2432; x_wconf 88' lang='lat' dir='ltr'><strong>aliquid</strong></span> 
     </span>
     <span class='ocr_line' id='line_1_27' title="bbox 61 2436 171 2497; baseline 0.027 -3"><span class='ocrx_word' id='word_1_194' title='bbox 61 2436 171 2497; x_wconf 85' lang='lat' dir='ltr'><strong>valere.</strong></span> 
     </span>
    </p>

    <p class='ocr_par' dir='ltr' id='par_1_5' title="bbox 14 2515 1057 3679">
     <span class='ocr_line' id='line_1_28' title="bbox 139 2515 981 2600; baseline -0.001 -20"><span class='ocrx_word' id='word_1_195' title='bbox 139 2521 251 2580; x_wconf 87' lang='lat' dir='ltr'><strong>ltemm</strong></span> <span class='ocrx_word' id='word_1_196' title='bbox 274 2515 372 2579; x_wconf 71' lang='lat' dir='ltr'><strong>(lene.</strong></span> <span class='ocrx_word' id='word_1_197' title='bbox 395 2520 441 2581; x_wconf 87' lang='lat'><strong>6.:</strong></span> <span class='ocrx_word' id='word_1_198' title='bbox 465 2518 534 2578; x_wconf 88' lang='lat' dir='ltr'><strong>Non</strong></span> <span class='ocrx_word' id='word_1_199' title='bbox 551 2516 742 2597; x_wconf 89' lang='lat' dir='ltr'><strong>permanebit</strong></span> <span class='ocrx_word' id='word_1_200' title='bbox 755 2519 877 2600; x_wconf 79' lang='lat' dir='ltr'><strong>spiritua</strong></span> <span class='ocrx_word' id='word_1_201' title='bbox 896 2538 981 2580; x_wconf 81' lang='lat' dir='ltr'><strong>meua</strong></span> 
     </span>
     <span class='ocr_line' id='line_1_29' title="bbox 61 2599 1057 2681; baseline 0.001 -20"><span class='ocrx_word' id='word_1_202' title='bbox 61 2603 88 2661; x_wconf 93' lang='lat' dir='ltr'><strong>in</strong></span> <span class='ocrx_word' id='word_1_203' title='bbox 111 2602 246 2680; x_wconf 88' lang='lat' dir='ltr'><strong>homine,</strong></span> <span class='ocrx_word' id='word_1_204' title='bbox 270 2602 341 2681; x_wconf 90' lang='lat' dir='ltr'><strong>quia</strong></span> <span class='ocrx_word' id='word_1_205' title='bbox 364 2619 437 2662; x_wconf 86' lang='lat' dir='ltr'><strong>caro</strong></span> <span class='ocrx_word' id='word_1_206' title='bbox 461 2609 516 2662; x_wconf 83' lang='lat' dir='ltr'><strong>eat.</strong></span> <span class='ocrx_word' id='word_1_207' title='bbox 561 2599 592 2662; x_wconf 80' lang='lat' dir='ltr'><strong>si</strong></span> <span class='ocrx_word' id='word_1_208' title='bbox 615 2600 708 2660; x_wconf 88' lang='lat' dir='ltr'><strong>homo</strong></span> <span class='ocrx_word' id='word_1_209' title='bbox 730 2604 802 2662; x_wconf 87' lang='lat' dir='ltr'><strong>caro</strong></span> <span class='ocrx_word' id='word_1_210' title='bbox 825 2608 887 2680; x_wconf 84' lang='lat' dir='ltr'><strong>eat,</strong></span> <span class='ocrx_word' id='word_1_211' title='bbox 908 2602 981 2681; x_wconf 90' lang='lat' dir='ltr'><strong>quid</strong></span> <span class='ocrx_word' id='word_1_212' title='bbox 1054 2606 1057 2614; x_wconf 94' lang='lat'>&#39;</span> 
     </span>
     <span class='ocr_line' id='line_1_30' title="bbox 61 2683 983 2764; baseline 0.001 -19"><span class='ocrx_word' id='word_1_213' title='bbox 61 2691 161 2764; x_wconf 88' lang='lat' dir='ltr'><strong>pateat</strong></span> <span class='ocrx_word' id='word_1_214' title='bbox 182 2687 213 2744; x_wconf 94' lang='lat' dir='ltr'><strong>in</strong></span> <span class='ocrx_word' id='word_1_215' title='bbox 236 2683 372 2745; x_wconf 84' lang='lat' dir='ltr'><strong>bonnm?</strong></span> <span class='ocrx_word' id='word_1_216' title='bbox 394 2683 442 2744; x_wconf 89' lang='lat' dir='ltr'><strong>An</strong></span> <span class='ocrx_word' id='word_1_217' title='bbox 465 2685 642 2764; x_wconf 87' lang='lat' dir='ltr'><strong>ignoramua</strong></span> <span class='ocrx_word' id='word_1_218' title='bbox 666 2702 761 2763; x_wconf 89' lang='lat' dir='ltr'><strong>opera</strong></span> <span class='ocrx_word' id='word_1_219' title='bbox 783 2685 882 2745; x_wconf 87' lang='lat' dir='ltr'><strong>carnia</strong></span> <span class='ocrx_word' id='word_1_220' title='bbox 912 2703 983 2764; x_wconf 89' lang='lat' dir='ltr'><strong>pro·</strong></span> 
     </span>
     <span class='ocr_line' id='line_1_31' title="bbox 64 2766 982 2846; baseline 0.002 -20"><span class='ocrx_word' id='word_1_221' title='bbox 64 2767 143 2846; x_wconf 83' lang='lat' dir='ltr'><strong>pria?</strong></span> <span class='ocrx_word' id='word_1_222' title='bbox 167 2766 235 2828; x_wconf 81' lang='lat' dir='ltr'><strong>Gal.</strong></span> <span class='ocrx_word' id='word_1_223' title='bbox 258 2770 306 2845; x_wconf 85' lang='lat'><strong>5.,</strong></span> <span class='ocrx_word' id='word_1_224' title='bbox 327 2784 407 2846; x_wconf 91' lang='lat' dir='ltr'><strong>quae</strong></span> <span class='ocrx_word' id='word_1_225' title='bbox 430 2776 500 2826; x_wconf 86' lang='lat' dir='ltr'><strong>aunt</strong></span> <span class='ocrx_word' id='word_1_226' title='bbox 522 2767 694 2845; x_wconf 81' lang='lat' dir='ltr'><strong>fornicatio,</strong></span> <span class='ocrx_word' id='word_1_227' title='bbox 715 2767 918 2845; x_wconf 89' lang='lat' dir='ltr'><strong>immunditia,</strong></span> <span class='ocrx_word' id='word_1_228' title='bbox 942 2767 982 2828; x_wconf 88' lang='lat' dir='ltr'><strong>la·</strong></span> 
     </span>
     <span class='ocr_line' id='line_1_32' title="bbox 63 2849 981 2931; baseline 0.003 -23"><span class='ocrx_word' id='word_1_229' title='bbox 63 2851 172 2929; x_wconf 84' lang='lat' dir='ltr'><strong>sciria,</strong></span> <span class='ocrx_word' id='word_1_230' title='bbox 204 2851 283 2928; x_wconf 87' lang='lat' dir='ltr'><strong>irae,</strong></span> <span class='ocrx_word' id='word_1_231' title='bbox 323 2850 473 2930; x_wconf 83' lang='lat' dir='ltr'><strong>invidiae,</strong></span> <span class='ocrx_word' id='word_1_232' title='bbox 507 2849 672 2910; x_wconf 90' lang='lat' dir='ltr'><strong>homicidia</strong></span> <span class='ocrx_word' id='word_1_233' title='bbox 700 2857 757 2911; x_wconf 89' lang='lat' dir='ltr'><strong>etc.</strong></span> <span class='ocrx_word' id='word_1_234' title='bbox 800 2851 885 2911; x_wconf 88' lang='lat' dir='ltr'><strong>Haeo</strong></span> <span class='ocrx_word' id='word_1_235' title='bbox 907 2868 981 2931; x_wconf 88' lang='lat' dir='ltr'><strong>ergo</strong></span> 
     </span>
     <span class='ocr_line' id='line_1_33' title="bbox 64 2931 981 3013; baseline 0.003 -23"><span class='ocrx_word' id='word_1_236' title='bbox 64 2939 141 3009; x_wconf 78' lang='lat' dir='ltr'><strong>aunt,</strong></span> <span class='ocrx_word' id='word_1_237' title='bbox 164 2951 243 3013; x_wconf 87' lang='lat' dir='ltr'><strong>quae</strong></span> <span class='ocrx_word' id='word_1_238' title='bbox 265 2932 392 2993; x_wconf 84' lang='lat' dir='ltr'><strong>liberum</strong></span> <span class='ocrx_word' id='word_1_239' title='bbox 416 2932 571 2993; x_wconf 88' lang='lat' dir='ltr'><strong>arbitrium</strong></span> <span class='ocrx_word' id='word_1_240' title='bbox 594 2931 685 3012; x_wconf 84' lang='lat' dir='ltr'><strong>lacit,</strong></span> <span class='ocrx_word' id='word_1_241' title='bbox 708 2932 780 2993; x_wconf 89' lang='lat' dir='ltr'><strong>dum</strong></span> <span class='ocrx_word' id='word_1_242' title='bbox 801 2933 884 3011; x_wconf 82' lang='lat' dir='ltr'><strong>facit,</strong></span> <span class='ocrx_word' id='word_1_243' title='bbox 898 2932 981 3012; x_wconf 88' lang='lat' dir='ltr'><strong>quod</strong></span> 
     </span>
     <span class='ocr_line' id='line_1_34' title="bbox 63 3015 982 3094; baseline 0.003 -21"><span class='ocrx_word' id='word_1_244' title='bbox 63 3015 91 3074; x_wconf 92' lang='lat' dir='ltr'><strong>in</strong></span> <span class='ocrx_word' id='word_1_245' title='bbox 111 3035 145 3076; x_wconf 88' lang='lat' dir='ltr'><strong>aa</strong></span> <span class='ocrx_word' id='word_1_246' title='bbox 168 3025 228 3094; x_wconf 84' lang='lat' dir='ltr'><strong>eat,</strong></span> <span class='ocrx_word' id='word_1_247' title='bbox 261 3016 338 3076; x_wconf 89' lang='lat' dir='ltr'><strong>haec</strong></span> <span class='ocrx_word' id='word_1_248' title='bbox 359 3023 460 3076; x_wconf 88' lang='lat' dir='ltr'><strong>autem</strong></span> <span class='ocrx_word' id='word_1_249' title='bbox 494 3017 597 3076; x_wconf 89' lang='lat' dir='ltr'><strong>omnia</strong></span> <span class='ocrx_word' id='word_1_250' title='bbox 619 3023 689 3077; x_wconf 83' lang='lat' dir='ltr'><strong>eunt</strong></span> <span class='ocrx_word' id='word_1_251' title='bbox 710 3017 860 3078; x_wconf 85' lang='lat' dir='ltr'><strong>mortalia.</strong></span> <span class='ocrx_word' id='word_1_252' title='bbox 902 3016 982 3076; x_wconf 85' lang='lat' dir='ltr'><strong>Nam</strong></span> 
     </span>
     <span class='ocr_line' id='line_1_35' title="bbox 64 3097 984 3164; baseline -0.001 -6"><span class='ocrx_word' id='word_1_253' title='bbox 64 3097 147 3163; x_wconf 84' lang='lat' dir='ltr'><strong>Rom.</strong></span> <span class='ocrx_word' id='word_1_254' title='bbox 171 3101 200 3164; x_wconf 87' lang='grc'><strong>8.</strong></span> <span class='ocrx_word' id='word_1_255' title='bbox 224 3099 310 3161; x_wconf 86' lang='lat' dir='ltr'><strong>dicit:</strong></span> <span class='ocrx_word' id='word_1_256' title='bbox 334 3099 496 3160; x_wconf 87' lang='lat' dir='ltr'><strong>Prudentia</strong></span> <span class='ocrx_word' id='word_1_257' title='bbox 518 3101 618 3159; x_wconf 85' lang='lat' dir='ltr'><strong>carnia</strong></span> <span class='ocrx_word' id='word_1_258' title='bbox 640 3117 722 3160; x_wconf 83' lang='lat' dir='ltr'><strong>mora</strong></span> <span class='ocrx_word' id='word_1_259' title='bbox 745 3105 792 3159; x_wconf 87' lang='lat' dir='ltr'><strong>eat</strong></span> <span class='ocrx_word' id='word_1_260' title='bbox 813 3106 843 3159; x_wconf 88' lang='lat' dir='ltr'><strong>at</strong></span> <span class='ocrx_word' id='word_1_261' title='bbox 860 3099 984 3159; x_wconf 89' lang='lat' dir='ltr'><strong>inimica</strong></span> 
     </span>
     <span class='ocr_line' id='line_1_36' title="bbox 65 3179 982 3258; baseline -0.001 -17"><span class='ocrx_word' id='word_1_262' title='bbox 65 3179 136 3246; x_wconf 91' lang='lat' dir='ltr'><strong>Deo.</strong></span> <span class='ocrx_word' id='word_1_263' title='bbox 179 3182 344 3258; x_wconf 80' lang='lat' dir='ltr'><strong>Quomodo</strong></span> <span class='ocrx_word' id='word_1_264' title='bbox 367 3201 449 3242; x_wconf 83' lang='lat' dir='ltr'><strong>more</strong></span> <span class='ocrx_word' id='word_1_265' title='bbox 474 3181 652 3242; x_wconf 78' lang='lat' dir='ltr'><strong>advitam?</strong></span> <span class='ocrx_word' id='word_1_266' title='bbox 696 3181 860 3257; x_wconf 83' lang='lat' dir='ltr'><strong>Quomodo</strong></span> <span class='ocrx_word' id='word_1_267' title='bbox 886 3181 982 3241; x_wconf 88' lang='lat' dir='ltr'><strong>iuimi-</strong></span> 
     </span>
     <span class='ocr_line' id='line_1_37' title="bbox 66 3263 979 3346; baseline -0.002 -23"><span class='ocrx_word' id='word_1_268' title='bbox 66 3265 131 3325; x_wconf 86' lang='lat' dir='ltr'><strong>citia</strong></span> <span class='ocrx_word' id='word_1_269' title='bbox 152 3266 190 3326; x_wconf 90' lang='lat' dir='ltr'><strong>ad</strong></span> <span class='ocrx_word' id='word_1_270' title='bbox 212 3267 340 3346; x_wconf 85' lang='lat' dir='ltr'><strong>gratiam</strong></span> <span class='ocrx_word' id='word_1_271' title='bbox 369 3285 403 3326; x_wconf 86' lang='lat' dir='ltr'><strong>aa</strong></span> <span class='ocrx_word' id='word_1_272' title='bbox 425 3264 591 3344; x_wconf 80' lang='lat' dir='ltr'><strong>disponet?</strong></span> <span class='ocrx_word' id='word_1_273' title='bbox 635 3263 666 3325; x_wconf 78' lang='lat' dir='ltr'><strong>Si</strong></span> <span class='ocrx_word' id='word_1_274' title='bbox 696 3266 776 3325; x_wconf 89' lang='lat' dir='ltr'><strong>enim</strong></span> <span class='ocrx_word' id='word_1_275' title='bbox 806 3264 927 3344; x_wconf 84' lang='lat' dir='ltr'><strong>spiritua</strong></span> <span class='ocrx_word' id='word_1_276' title='bbox 949 3264 979 3322; x_wconf 90' lang='lat' dir='ltr'><strong>in</strong></span> 
     </span>
     <span class='ocr_line' id='line_1_38' title="bbox 68 3342 980 3427; baseline -0.002 -21"><span class='ocrx_word' id='word_1_277' title='bbox 68 3346 232 3410; x_wconf 82' lang='lat' dir='ltr'><strong>bominibus</strong></span> <span class='ocrx_word' id='word_1_278' title='bbox 254 3367 315 3410; x_wconf 92' lang='lat' dir='ltr'><strong>non</strong></span> <span class='ocrx_word' id='word_1_279' title='bbox 339 3356 451 3427; x_wconf 88' lang='lat' dir='ltr'><strong>manet,</strong></span> <span class='ocrx_word' id='word_1_280' title='bbox 469 3349 584 3408; x_wconf 88' lang='lat' dir='ltr'><strong>mortui</strong></span> <span class='ocrx_word' id='word_1_281' title='bbox 597 3354 667 3409; x_wconf 85' lang='lat' dir='ltr'><strong>aunt</strong></span> <span class='ocrx_word' id='word_1_282' title='bbox 686 3363 790 3408; x_wconf 85' lang='lat' dir='ltr'><strong>coram</strong></span> <span class='ocrx_word' id='word_1_283' title='bbox 803 3347 879 3406; x_wconf 86' lang='lat' dir='ltr'><strong>Deo.</strong></span> <span class='ocrx_word' id='word_1_284' title='bbox 902 3342 980 3405; x_wconf 86' lang='lat' dir='ltr'><strong>Moi-</strong></span> 
     </span>
     <span class='ocr_line' id='line_1_39' title="bbox 68 3427 979 3510; baseline 0 -23"><span class='ocrx_word' id='word_1_285' title='bbox 68 3435 128 3490; x_wconf 90' lang='lat' dir='ltr'><strong>tuua</strong></span> <span class='ocrx_word' id='word_1_286' title='bbox 149 3439 250 3492; x_wconf 88' lang='lat' dir='ltr'><strong>autem</strong></span> <span class='ocrx_word' id='word_1_287' title='bbox 273 3450 335 3492; x_wconf 92' lang='lat' dir='ltr'><strong>non</strong></span> <span class='ocrx_word' id='word_1_288' title='bbox 359 3433 456 3509; x_wconf 83' lang='lat' dir='ltr'><strong>vitae,</strong></span> <span class='ocrx_word' id='word_1_289' title='bbox 482 3431 536 3491; x_wconf 87' lang='lat' dir='ltr'><strong>aed</strong></span> <span class='ocrx_word' id='word_1_290' title='bbox 559 3431 664 3491; x_wconf 85' lang='lat' dir='ltr'><strong>martia</strong></span> <span class='ocrx_word' id='word_1_291' title='bbox 687 3447 782 3510; x_wconf 89' lang='lat' dir='ltr'><strong>opera</strong></span> <span class='ocrx_word' id='word_1_292' title='bbox 802 3427 979 3489; x_wconf 76' lang='lat' dir='ltr'><strong>necessaria</strong></span> 
     </span>
     <span class='ocr_line' id='line_1_40' title="bbox 14 3510 979 3594; baseline 0 -22"><span class='ocrx_word' id='word_1_293' title='bbox 14 3565 16 3572; x_wconf 93' lang='lat'><em>.</em></span> <span class='ocrx_word' id='word_1_294' title='bbox 69 3510 164 3592; x_wconf 83' lang='lat' dir='ltr'><strong>faciet,</strong></span> <span class='ocrx_word' id='word_1_295' title='bbox 196 3533 274 3594; x_wconf 84' lang='lat' dir='ltr'><strong>opus</strong></span> <span class='ocrx_word' id='word_1_296' title='bbox 303 3523 404 3575; x_wconf 88' lang='lat' dir='ltr'><strong>autem</strong></span> <span class='ocrx_word' id='word_1_297' title='bbox 434 3514 540 3574; x_wconf 80' lang='lat' dir='ltr'><strong>mortis</strong></span> <span class='ocrx_word' id='word_1_298' title='bbox 568 3513 606 3574; x_wconf 92' lang='lat' dir='ltr'><strong>ad</strong></span> <span class='ocrx_word' id='word_1_299' title='bbox 630 3512 723 3573; x_wconf 84' lang='lat' dir='ltr'><strong>vitam</strong></span> <span class='ocrx_word' id='word_1_300' title='bbox 745 3530 806 3571; x_wconf 89' lang='lat' dir='ltr'><strong>non</strong></span> <span class='ocrx_word' id='word_1_301' title='bbox 836 3510 979 3589; x_wconf 82' lang='lat' dir='ltr'><strong>disponit.</strong></span> 
     </span>
     <span class='ocr_line' id='line_1_41' title="bbox 70 3593 980 3679; baseline -0.004 -24"><span class='ocrx_word' id='word_1_302' title='bbox 70 3593 217 3675; x_wconf 84' lang='lat' dir='ltr'><strong>ligmenta</strong></span> <span class='ocrx_word' id='word_1_303' title='bbox 239 3617 313 3679; x_wconf 88' lang='lat' dir='ltr'><strong>ergo</strong></span> <span class='ocrx_word' id='word_1_304' title='bbox 336 3603 408 3657; x_wconf 86' lang='lat' dir='ltr'><strong>aunt</strong></span> <span class='ocrx_word' id='word_1_305' title='bbox 429 3598 548 3675; x_wconf 90' lang='lat' dir='ltr'><strong>omnia,</strong></span> <span class='ocrx_word' id='word_1_306' title='bbox 571 3613 650 3675; x_wconf 87' lang='lat' dir='ltr'><strong>quae</strong></span> <span class='ocrx_word' id='word_1_307' title='bbox 678 3595 716 3655; x_wconf 91' lang='lat' dir='ltr'><strong>de</strong></span> <span class='ocrx_word' id='word_1_308' title='bbox 744 3594 980 3674; x_wconf 87' lang='lat' dir='ltr'><strong>praeparatione</strong></span> 
     </span>
    </p>
   </div>
   <div class='ocr_carea' id='block_1_3' title="bbox 70 3677 967 3824">
    <p class='ocr_par' dir='ltr' id='par_1_6' title="bbox 70 3677 967 3824">
     <span class='ocr_line' id='line_1_42' title="bbox 70 3677 967 3824; baseline -0.002 -88"><span class='ocrx_word' id='word_1_309' title='bbox 70 3677 145 3740; x_wconf 87' lang='lat' dir='ltr'><strong>liberi</strong></span> <span class='ocrx_word' id='word_1_310' title='bbox 168 3680 281 3742; x_wconf 87' lang='lat' dir='ltr'><strong>arbitrii</strong></span> <span class='ocrx_word' id='word_1_311' title='bbox 303 3680 343 3742; x_wconf 89' lang='lat' dir='ltr'><strong>ad</strong></span> <span class='ocrx_word' id='word_1_312' title='bbox 365 3679 493 3762; x_wconf 88' lang='lat' dir='ltr'><strong>gratiam</strong></span> <span class='ocrx_word' id='word_1_313' title='bbox 517 3686 563 3742; x_wconf 90' lang='lat' dir='ltr'><strong>tot</strong></span> <span class='ocrx_word' id='word_1_314' title='bbox 584 3679 667 3740; x_wconf 79' lang='lat' dir='ltr'><strong>libris</strong></span> <span class='ocrx_word' id='word_1_315' title='bbox 689 3680 918 3824; x_wconf 42' lang='grc' dir='ltr'><strong>ιταοιῗὶῧαιευῃί.</strong></span> <span class='ocrx_word' id='word_1_316' title='bbox 963 3705 967 3712; x_wconf 87' lang='grc'><em>·</em></span> 
     </span>
    </p>
   </div>
   <div class='ocr_carea' id='block_1_4' title="bbox 0 0 1138 4006">
    <p class='ocr_par' dir='ltr' id='par_1_7' title="bbox 0 0 1138 4006">
     <span class='ocr_line' id='line_1_43' title="bbox 0 0 1138 4006; baseline 0 0"><span class='ocrx_word' id='word_1_317' title='bbox 0 0 1138 4006; x_wconf 95' lang='lat' dir='ltr'><strong> </strong></span> 
     </span>
    </p>
   </div>
  </div>
 </body>
</html>
