2250 4008
139 138 203 209 486
430 141 590 198 Gonmtetio
606 143 773 198 Lutbsrisns
889 189 902 198 .

140 305 235 376 tuum,
257 297 470 366 uilissimi.
494 298 582 375 dicit,
610 297 693 380 quod
715 304 748 360 et
766 298 962 360 vivacissime
986 297 1058 360 letst

140 380 196 443 sub
218 383 367 464 speciosis
390 382 533 463 operibus
552 381 790 462 hypocritarum.
816 380 895 442 Nem
917 381 977 442 sub
999 381 1058 442 hoc

140 467 526 624 tt'ttttttltti
541 465 1058 610 ttttttmttmtslffltt

140 632 254 694 fructus
276 651 350 694 snos
370 597 495 715 prodet,
529 634 558 692 in
584 651 645 693 uuo
667 567 739 708 sie?
762 633 791 690 in
815 567 876 692 olio
899 595 954 694 sisi
986 568 1058 694 qSed

140 715 255 777 nullum
278 734 357 795 opus
378 716 492 777 melum
521 716 594 776 dere
625 734 735 794 quens,
769 713 824 776 sub
857 733 918 793 quo
949 734 1059 776 omnes

140 799 280 860 homines
304 799 489 860 concludere
510 800 620 880 possis,
643 798 764 877 dequo
787 797 862 860 alies
885 799 985 879 pluro.
1015 799 1060 858 De

140 883 312 965 posteriore
335 883 407 942 dicit
428 883 535 944 Rome.
557 884 593 945 4:
627 881 691 942 Lex
711 883 787 942 irem
810 890 964 961 operatur,
988 884 1061 962 quic
1113 913 1114 932 ι

141 966 215 1026 dicit
235 963 305 1028 Gsl.
328 967 362 1030 3:
399 965 579 1028 Maledictus
602 966 717 1039 omnis,
739 965 791 1043 qui
813 983 874 1025 non
897 975 1061 1045 permonet

140 1051 170 1109 ln
193 1049 336 1110 omnibus
350 1049 399 1129 ¹),
434 1068 513 1129 quse
534 1049 647 1128 scripte
668 1054 738 1107 sunt
759 1049 787 1106 iu
815 1046 890 1108 libro
912 1049 991 1125 hoc,
1030 1060 1061 1108 ut

141 1133 233 1192 societ
256 1151 311 1210 ee3
340 1140 371 1192 et
393 1133 482 1194 Rom.
504 1137 539 1196 5:
568 1131 626 1190 Per
653 1140 813 1211 peccatum
842 1150 940 1209 mors;
970 1139 1003 1191 et
1023 1133 1060 1195 6:

140 1214 331 1295 Stipendium
352 1217 473 1296 peccati
495 1234 584 1276 mors.
613 1214 769 1274 Hactenus
790 1214 880 1294 igitur
896 1215 950 1274 lux
968 1214 1062 1294 Iegis

140 1317 198 1360 noe
224 1297 339 1374 erudit,
368 1305 399 1360 et
420 1298 476 1359 sub
499 1299 694 1378 corruptione
717 1305 747 1356 et
768 1297 812 1356 irc
833 1316 890 1358 nos
914 1318 987 1358 esse
1010 1298 1062 1358 do·

141 1400 226 1459 cens,
248 1387 341 1461 etque
363 1401 485 1442 omnem
499 1382 653 1442 hominem
672 1389 702 1440 et
714 1378 891 1440 mendacem
910 1389 941 1440 et
964 1380 1061 1442 filium

140 1465 204 1524 iree
233 1465 431 1527 concludens.
481 1465 582 1542 Atque
611 1465 837 1543 corruptionem
871 1464 948 1524 forte
987 1483 1062 1526 con·

140 1549 370 1628 tempsissemus
408 1555 439 1608 et
467 1547 554 1608 uobis
583 1549 612 1606 in
645 1551 725 1607 melo
755 1556 860 1606 nostro
892 1547 1062 1627 placuisse·

142 1650 218 1709 mus,
241 1633 299 1691 nisi
321 1632 449 1692 slterum
472 1631 586 1692 malum
607 1632 672 1690 iree
695 1629 783 1689 nobis
806 1629 885 1689 hone
906 1631 1060 1691 insaniem

141 1733 204 1775 uon
226 1714 415 1796 indulgeret,
449 1713 522 1791 et²)
546 1714 707 1774 obsisteret
734 1721 848 1774 terrore
870 1720 901 1772 et
921 1715 1061 1793 periculo

143 1798 250 1858 mortis
272 1805 302 1857 et
323 1799 442 1879 inferni,
463 1816 525 1876 quo
547 1799 645 1857 minus
668 1814 775 1876 pacem
799 1797 828 1854 in
851 1798 953 1876 priore
978 1797 1060 1858 melo

140 1879 338 1959 haberemus,
370 1889 400 1942 et
430 1880 521 1960 plsne
553 1879 651 1940 maius
686 1878 797 1940 melum
829 1878 919 1939 uobis
947 1889 996 1940 cst
1017 1881 1061 1939 irs

140 1982 231 2042 quem
255 1965 429 2045 corruptio,
465 1965 537 2043 quic
568 1981 699 2044 poenam
728 1961 796 2041 plus
818 1961 938 2022 odimus
968 1981 1060 2041 quern

140 2047 189 2106 cul
212 2067 271 2109 sm

191 2067 315 2209 pIgitur
336 2130 451 2210 duplex
474 2129 585 2190 melum
608 2127 671 2188 Lex
692 2127 825 2209 revelet,
852 2129 1005 2188 internum
1029 2137 1058 2189 et

138 2221 317 2292 externum3
348 2213 494 2290 alterum,
528 2210 609 2290 quod
643 2212 701 2291 ipsi
729 2211 818 2270 nobis
845 2211 1058 2290 irrogavimus,

137 2302 299 2375 peccatum
322 2314 376 2356 seu
400 2297 627 2376 corruptionem
651 2300 788 2372 naturae,
810 2293 951 2372 alterum,
974 2295 1057 2374 quod

137 2377 219 2440 Deus
241 2380 365 2458 irroget,
388 2379 474 2459 irem,
498 2384 626 2438 mortem
643 2385 673 2436 et
689 2376 946 2438 meledictionem.
969 2377 1057 2452 Esto,

138 2463 163 2520 si
186 2463 243 2541 vis,
265 2462 317 2521 ille
340 2462 411 2540 duo,
434 2461 524 2541 culpe
546 2468 577 2522 et
598 2479 716 2540 poene,
740 2459 795 2520 sed
818 2461 907 2520 nimis
927 2462 1057 2521 tenuiter

138 2552 168 2604 st
188 2544 296 2625 frigide
318 2545 439 2624 culpem
462 2553 493 2604 et
514 2563 647 2624 poenum
670 2542 726 2604 sub
747 2544 784 2602 iis
804 2542 963 2604 vocabulis
981 2550 1056 2606 troc·

139 2629 287 2706 terimus,
320 2628 505 2706 nescioquas
526 2627 692 2688 relationes
712 2633 742 2685 et
763 2627 982 2705 imputationes
1006 2626 1056 2686 fin·

137 2717 254 2789 gentes.
297 2710 363 2771 Nos
397 2729 500 2770 cresse
528 2717 558 2770 et
590 2707 725 2790 plene³)
756 2709 925 2768 secundum
959 2708 1056 2790 Scrip-

137 2799 234 2852 tursm
256 2803 416 2873 peccatum
439 2813 492 2853 seu
515 2793 655 2872 culpem,
681 2811 739 2852 seu
768 2793 918 2852 internum
942 2793 1054 2854 molum

138 2877 309 2937 universam
332 2876 414 2936 illem
438 2877 664 2956 corruptionem
687 2885 815 2936 naturae
837 2893 1005 2952 vocemus,
1026 2878 1052 2935 in

137 2958 278 3018 omnibus
302 2959 455 3036 membris,
478 2958 589 3018 molem
613 2967 643 3019 et
664 2957 703 3018 sd
726 2958 838 3018 melum
862 2977 992 3038 prooem
1016 2959 1050 3020 sb

136 3041 345 3102 adolescentis
368 3050 481 3118 nostre,
504 3048 536 3100 ut
558 3039 654 3104 (lene.
678 3044 706 3106 6.
728 3048 758 3100 et
780 3043 809 3106 8.
831 3041 982 3103 scribitur.
1017 3042 1052 3102 Et

136 3124 213 3184 hoec
234 3126 279 3185 irs
301 3131 385 3184 tonte
407 3132 471 3200 est,
501 3130 534 3184 ut
556 3144 594 3185 es
616 3143 694 3203 quse
716 3122 800 3184 bons
821 3123 962 3184 videntur
983 3124 1051 3184 nihil

137 3208 265 3287 prosint,
287 3213 321 3266 ut
343 3213 414 3266 sunt
434 3213 526 3284 ortes,
550 3209 683 3288 ingenis,
705 3205 877 3288 prudentie,
898 3208 1049 3282 fortitudo,

138 3387 314 3396 ——-—.--.----
323 3391 341 3395 ---
347 3389 467 3396 ——0--0-
489 3391 542 3396 .-.-..
548 3392 552 3395 .

209 3490 239 3544 ll
262 3489 290 3542 ln
320 3491 383 3544 edit.
405 3496 475 3562 orig.
503 3495 547 3547 hic
575 3496 697 3548 additum
725 3496 842 3565 legitur:
869 3496 1047 3550 sermonibus.

136 3557 165 3621 2)
183 3558 469 3696 1⁸¹)eflriimiei1oed'
506 3566 534 3632 3)
554 3567 636 3621 ibid:
655 3568 744 3636 plsne.
