2258 4002
319 142 352 201 ll.
371 143 408 202 tt-
424 143 505 202 tute
524 141 709 246 Pmclrrltrra.
940 135 986 208 99

5 323 6 344 r
64 302 93 358 et
109 295 300 374 strepitibus,
329 304 404 376 quot
425 297 491 360 ium
509 297 654 376 exigunt,
682 293 864 382 inditirttter
884 295 981 374 mec,

5 377 7 392 '
63 381 183 444 tentiam
208 381 262 442 viri
291 381 437 460 probare,
472 380 545 442 velit
580 387 681 444 temeri
711 378 829 458 protem
859 377 983 456 recca,

61 469 193 522 autnon
215 463 316 541 possit
337 463 509 539 continere,
540 469 571 524 et
593 481 652 541 ego
682 461 920 537 conculcarem,
949 471 983 526 et

61 545 218 606 divortium
241 565 260 609 a
282 546 349 610 viro
370 547 511 625 impetret
532 544 570 606 ad
593 541 769 610 nubendum
786 544 883 620 stari,
907 561 981 612 tons

60 637 147 702 tecta,
171 628 256 706 quod
277 630 372 709 ipatus
394 637 424 688 et
437 629 534 690 meriti
548 628 735 694 conscientie
749 635 781 692 et
792 629 982 707 experiente

59 709 177 773 abunde
211 717 304 772 tester
333 718 405 774 aunt
433 712 634 790 impotentiae
664 711 760 788 illine,
800 711 846 772 vir
878 721 980 776 eutem

5 803 6 864 j
59 793 146 873 nolit,
181 801 247 854 tum
274 813 333 873 ego
356 795 435 856 ultra
457 795 637 872 consulam,
664 800 698 855 nt
729 811 797 861 enm
828 809 983 860 consensu

5 879 6 882 ’
59 876 111 938 viri
133 883 225 948 (cem
247 878 307 938 iem
330 896 393 938 non
406 879 446 940 ait
467 878 603 953 maritus,
623 875 678 940 aed
700 876 832 955 simplex
849 883 880 940 et
902 877 982 942 sola·

5 979 6 992 ³
58 969 101 1020 tur
122 957 336 1038 cohabitator)
365 961 528 1022 misceatur
561 960 647 1022 alteri
679 959 729 1026 ¹vel
759 960 841 1022 tratri
872 961 980 1032 mariti,

58 1041 177 1102 occulto
201 1051 304 1106 temen
326 1044 536 1120 matrimonio,
566 1047 599 1104 et
619 1042 721 1121 proles
742 1043 907 1121 imputetur
927 1061 982 1122 pn-

57 1124 147 1187 tstivn
176 1129 229 1200 (nt
247 1123 369 1208 dicunt)
394 1126 483 1206 patri.
526 1127 574 1186 Aa
601 1125 680 1186 heco
707 1125 814 1190 mulier
835 1126 921 1192 satra
940 1126 985 1190 rit

58 1209 132 1270 etin
158 1215 242 1272 atatn
263 1208 390 1273 uelutis?
418 1209 604 1296 Respondeo
627 1226 697 1288 ago,
719 1208 801 1289 qnod
827 1209 887 1284 sia,
911 1209 983 1287 quta

58 1307 138 1350 error
161 1299 194 1350 et
224 1293 399 1370 ignorantia
430 1292 523 1352 virilia
550 1293 749 1372 impotentiae
777 1291 827 1352 hio
855 1292 981 1370 impetit

58 1373 294 1450 matrimonium,
316 1383 348 1434 et
367 1375 504 1455 tyrannis
526 1375 627 1454 legum
651 1393 715 1436 non
736 1372 981 1438 admittitdivor·

56 1458 142 1534 num,
174 1464 207 1516 et
234 1458 340 1519 mulier
371 1457 466 1520 libera
493 1462 540 1522 eet
565 1477 627 1537 per¹
647 1457 746 1536 legem
769 1457 901 1522 divinam
925 1473 983 1520 nee

58 1541 122 1620 mgr
146 1547 254 1619 polest
274 1539 314 1605 ad
336 1542 565 1602 continentiam.
611 1538 713 1616 Quare
736 1541 781 1604 vir
802 1539 894 1604 debet
909 1557 982 1606 coa·

57 1622 164 1687 cedere
185 1623 254 1686 eius
275 1625 343 1702 inri,
364 1632 395 1684 et
415 1622 504 1688 alteri
525 1625 699 1703 permittere
722 1637 866 1701 uxorem,
889 1640 980 1701 qm

57 1707 160 1786 specie
182 1711 274 1766 tensus
295 1703 397 1770 habet.
486 1747 491 1756 ι

133 1785 288 1865 Ulterius,
319 1791 346 1848 si
377 1789 423 1849 vir
453 1787 549 1852 nollet
590 1788 764 1852 consentire
799 1805 859 1853 neo
888 1786 982 1854 dividi

58 1871 155 1950 vellet,
179 1876 346 1950 antequam
360 1871 563 1951 permitterem
587 1891 655 1935 eam
677 1872 721 1936 uri
744 1870 983 1948 autndulteraai,

58 1954 266 2033 consulerem,
294 1962 329 2018 nt
354 1961 512 2022 contracto
539 1973 609 2016 cum
633 1954 693 2020 alio
717 1955 911 2020 matrimonio
932 1971 982 2022 tu·

58 2037 173 2116 ingeret
195 2038 226 2100 in
250 2039 353 2102 locum
380 2039 519 2117 ignotum
541 2048 571 2100 et
592 2039 753 2102 remotum·
796 2035 875 2112 Quid
897 2038 980 2118 euim

58 2120 133 2184 alind
157 2122 261 2200 poscit
282 2121 399 2187 consuli
428 2120 579 2182 laboranti
602 2119 727 2180 assiduo
749 2119 881 2186 libidinis
904 2122 979 2198 peri-

57 2203 144 2266 culo?
181 2203 252 2266 Scio
282 2213 383 2266 autem
407 2204 556 2282 quosdam
588 2222 739 2280 movere,
760 2201 844 2282 qaod
876 2202 980 2282 pretet

58 2285 141 2351 tuias
165 2286 281 2354 occulti
309 2289 493 2350 metrimocii
521 2287 643 2365 iniquus
669 2286 759 2350 heres
788 2285 827 2350 ait
853 2287 982 2365 putetivi

59 2371 156 2448 patria.
208 2369 268 2432 Sed
303 2372 328 2432 ai
357 2389 509 2432 concensu
539 2371 637 2430 mariti
660 2367 727 2443 fiat,
761 2370 882 2447 iniquus
917 2387 979 2436 noa

59 2455 118 2529 crit,
141 2453 167 2516 si
192 2461 294 2516 autem
315 2455 479 2532 ignorante
498 2459 553 2516 ant
572 2453 697 2514 nolente
718 2450 783 2529 fier,
802 2451 916 2516 iudicet
930 2451 981 2518 tic

61 2535 230 2599 Christiane
259 2542 293 2602 et
317 2535 415 2598 libem
444 2538 541 2606 ratio,
573 2537 635 2598 imo
664 2537 793 2612 caritas,
825 2545 894 2602 teter
922 2536 979 2602 mi

61 2619 151 2680 mains
182 2619 326 2682 damnum
355 2620 473 2688 inierat.
522 2618 608 2681 Uxor
633 2617 832 2684 hereditatem
854 2617 979 2694 edicant,

62 2710 88 2760 at
107 2702 235 2769 maritus
256 2702 362 2768 fefellit
383 2720 523 2774 uxorem,
544 2719 674 2780 eamque
686 2709 750 2767 toto
772 2720 831 2765 fluo
849 2717 979 2781 torpete

61 2791 180 2864 totaque
202 2787 265 2849 vita
286 2785 414 2858 fraudet,
437 2805 474 2846 an
498 2803 559 2846 non
583 2786 680 2844 mains
702 2792 812 2864 peccet
833 2785 888 2860 vir,
909 2801 978 2850 aar,

62 2886 111 2947 pne
134 2876 166 2928 et
188 2869 280 2930 vitam
304 2869 394 2933 nxori
417 2867 564 2948 perdens,
591 2885 681 2947 qnam
705 2868 811 2933 mulier
845 2885 893 2934 ras
915 2876 977 2934 taa-

8 3011 9 3014 ,
63 2958 118 3012 tum
139 2951 327 3032 temporales
350 2953 406 3012 viri
427 2949 587 3014 alienam?
615 2951 749 3013 Patietur
770 2968 844 3030 ergo
868 2950 916 3015 rel
935 2949 979 3015 di·

8 3031 9 3094 ζ
63 3035 203 3113 vertiam,
231 3042 286 3098 aut
306 3034 384 3096 ferat
402 3033 520 3096 alienos
541 3032 687 3114 heredes,
722 3035 774 3112 qni
810 3053 866 3102 rue
889 3033 979 3112 culpa

62 3116 250 3183 innocentem
277 3117 412 3196 puellam
435 3116 554 3197 fefellit,
585 3125 615 3180 et
637 3117 699 3178 vite
721 3117 833 3196 pariter
853 3135 892 3182 aa
911 3134 978 3186 eor·

62 3201 139 3277 poris
161 3220 217 3262 usu
240 3207 306 3274 toto
327 3200 494 3275 fraudavit,
525 3201 649 3279 insuper
682 3200 876 3266 occasionem
897 3218 979 3278 pene

63 3283 276 3344 intolerabilem
305 3283 495 3344 adulterandi
525 3283 624 3360 dedit,
657 3290 789 3364 ponatur
817 3291 977 3360 utrumqne
1052 3289 1056 3298 “

64 3364 90 3422 in
111 3385 206 3445 aequa
227 3367 324 3428 lance.
369 3365 459 3426 Certe
481 3367 563 3425 omni
591 3366 655 3425 iure
678 3366 759 3425 frans
786 3364 977 3444 infrenden-

65 3453 119 3508 tem
140 3448 276 3509 recidere
298 3447 397 3523 debet,
420 3455 450 3517 et
472 3448 614 3508 damnum
638 3465 873 3528 recompensare
895 3458 977 3506 tene·

65 3534 115 3610 tur,
136 3533 184 3610 qui
207 3531 299 3592 dedit.
338 3531 424 3608 *Quid
453 3533 532 3592 enim
562 3529 661 3592 differt
688 3531 757 3592 talis
786 3531 910 3589 maritus
938 3525 976 3590 ab

66 3629 109 3692 eo,
129 3617 177 3695 qni
200 3631 328 3676 uxorem
341 3615 467 3677 alicuine
490 3613 642 3695 captivam
660 3617 742 3674 tenet
764 3631 833 3676 cnm
847 3604 976 3682 merito?

766 3695 809 3760 7⁸
