2252 4006
109 177 173 246 304
327 163 810 284 remicurte-utitem

108 335 257 416 probant,
290 335 364 397 nibil
393 345 502 417 urgent
529 338 558 397 in
581 339 640 398 ista
661 340 875 415 contentione,
912 336 942 396 in
971 352 1032 414 qna

90 418 271 499 ¹Scripturis
292 420 491 500 pugnandum
514 429 570 483 est.
613 421 653 482 ut
675 430 707 481 ut
729 421 890 481 dialectico
918 419 967 478 isti
990 418 1033 476 in-

107 503 203 581 signi,
232 504 282 582 qui
312 521 396 563 meas
423 506 658 582 consequentias
689 505 806 580 irridet,
829 521 902 562 suas
937 502 1032 561 etiam

108 584 279 662 ostendam,
301 604 393 664 quam
414 587 580 647 formaliter
602 596 632 648 et
653 587 849 648 materialiter
871 583 1033 660 incedant3

109 668 159 728 ubi
182 667 329 746 didicisti,
352 669 392 728 mi
416 667 594 742 catharine,
616 670 697 732 banc
713 668 975 749 consequentiam,
985 659 1034 726 brt

108 749 147 810 de
169 769 348 812 successore
375 753 466 812 stiam
495 753 590 836 impio
620 751 800 829 dicendum,
830 750 914 831 quod
937 751 976 810 de
999 747 1032 812 S.

110 832 200 894 Petro
223 833 326 894 dicunt
347 832 468 910 Patres,
489 842 520 894 et
540 834 621 896 idem
644 835 683 896 de
703 834 764 896 fide
785 834 922 910 informi,
944 830 1032 911 quod

108 917 146 976 de
167 916 298 977 formata
319 915 509 978 sentiendum
523 916 582 978 sit?
603 917 717 997 Profer,
741 935 874 998 quaese,
897 935 992 976 uuum
1013 933 1034 976 e

108 999 263 1080 Patribus,
294 1001 346 1078 qui
368 1000 539 1062 Romanum
569 1000 747 1062 Pontificem
776 1005 895 1061 asseret
925 1005 1033 1079 caput,

108 1090 235 1162 petram,
257 1085 412 1159 verticem,
434 1085 613 1164 prinoipem,
626 1086 803 1164 magistrum
819 1082 1031 1144 ecclesiarum.

109 1165 185 1243 Vos,
208 1165 347 1226 scelerati
369 1165 542 1246 Sophistae,
563 1165 642 1228 fictis
666 1169 773 1228 vestris
797 1166 895 1227 verbis
917 1183 975 1237 nos
998 1165 1030 1226 in

108 1247 165 1308 hos
189 1267 307 1308 errores
326 1251 469 1309 traxistis.
511 1249 642 1310 Pulchra
664 1251 898 1328 consequentia:
921 1247 1032 1308 Petrus

106 1330 161 1392 fuit
182 1331 351 1411 apostolus,
372 1349 446 1411 argo
468 1339 500 1391 et
520 1332 677 1394 Romanus
699 1336 864 1413 episcopus
887 1341 933 1390 est
953 1349 1031 1408 apo-

107 1415 213 1491 stolus,
235 1413 341 1474 Petrus
363 1414 418 1474 fuit
439 1425 574 1494 sanctus,
596 1434 670 1496 ergo
688 1416 845 1477 Romanus
861 1415 1030 1494 episcopus

107 1503 314 1575 catenantur,
344 1497 399 1556 sed
420 1498 572 1574 informis,
596 1499 626 1558 id
649 1507 712 1579 est,
735 1499 955 1560 sanctissimus.
1001 1495 1030 1556 0

107 1598 179 1640 vera
194 1581 330 1640 informis
342 1597 512 1657 successor,
534 1587 646 1659 tamem
669 1581 787 1659 utdixi,
811 1579 885 1642 nibil
901 1596 1031 1641 moveor

107 1662 194 1722 dictis
217 1662 339 1724 Petrum
367 1664 434 1722 sine
455 1663 617 1744 Scripturis
646 1665 850 1744 loquentium,
884 1664 913 1722 in
948 1679 1031 1740 quos

107 1754 138 1806 tu
160 1748 206 1806 sio
227 1747 347 1824 niteris,
376 1753 409 1810 ut
441 1765 546 1808 eorum
574 1748 727 1828 praesidio
757 1748 848 1808 etiam
878 1745 1029 1806 adversus

107 1829 280 1890 confessam
309 1835 379 1888 ate
410 1830 479 1909 ipso
507 1833 689 1892 sententiam
719 1849 822 1892 veram
854 1827 1033 1910 Scripturas

106 1914 241 1974 insanias
262 1921 293 1972 et
315 1910 518 1991 blasphemes.

187 1995 253 2055 Nec
274 1995 454 2058 erubescitis
477 1997 598 2058 tandem
619 1995 784 2076 aliquando
798 1994 1029 2056 sceleratissimi

105 2096 159 2139 vos
188 2077 362 2138 adulatores
394 2077 468 2140 idoli
496 2080 582 2140 istius
605 2079 751 2156 Romani,
787 2078 868 2158 quod
900 2077 1027 2157 proprio

102 2162 281 2224 testimonio
304 2162 438 2222 convicti
461 2165 549 2240 estis,
581 2164 695 2224 nullum
723 2162 827 2222 locum
849 2159 1027 2240 Scripturas

104 2251 243 2324 apertum
265 2251 296 2304 et
319 2244 434 2304 clarum
455 2245 486 2304 in
509 2253 594 2307 tauta
615 2266 648 2306 re
670 2263 725 2326 pro
748 2244 834 2305 vobis
854 2252 947 2319 stare,
969 2261 1029 2302 nec

103 2327 184 2388 buno
206 2327 310 2388 Matth.
325 2327 374 2391 lb.
398 2335 518 2388 vestrae
540 2329 678 2408 opinioni
699 2329 822 2408 possitis
845 2325 1025 2406 simpliciter

104 2417 136 2470 et
155 2409 253 2471 solide
276 2417 392 2490 aptare,
413 2411 505 2470 tantia
528 2412 644 2474 scilicet
666 2410 972 2491 aequivocationibus
995 2417 1026 2468 et

104 2495 284 2556 commentis
306 2512 383 2574 opus
407 2491 534 2570 habetis,
557 2503 589 2556 ut
605 2495 712 2556 saltem
735 2495 839 2575 specie
861 2501 951 2552 tenus
966 2510 1024 2571 pro

103 2578 190 2638 vobis
211 2577 313 2636 facere
336 2577 490 2653 videatur,
521 2579 583 2638 imo
605 2597 673 2638 cum
710 2597 771 2638 non
804 2575 973 2655 simplicem
997 2575 1025 2635 ei

102 2659 179 2720 detis
201 2672 232 2720 et
252 2679 356 2720 verum
379 2679 501 2721 sensum
525 2661 700 2722 adversario
719 2659 907 2736 concedatis,
929 2659 1025 2718 mani-

103 2743 180 2804 feste
202 2751 309 2802 contra
337 2761 394 2804 vos
423 2763 492 2804 eum
511 2743 614 2804 facere
636 2753 728 2804 testes
764 2745 836 2804 estis
867 2760 923 2802 vos
957 2741 1026 2820 ipsi,

104 2825 164 2886 hoo
184 2826 253 2905 ipso
276 2826 429 2907 redarguti
452 2833 483 2886 et
505 2828 651 2905 convicti,
682 2846 772 2908 quam
795 2823 1025 2904 impudentibus

104 2908 269 2970 mendaciis
291 2910 439 2982 hactenus
463 2909 567 2983 orbem
589 2910 759 2989 illuseritis,
787 2918 817 2970 et
839 2906 1024 2970 vocabulum

103 2991 255 3052 ecclesiae
282 3000 313 3053 et
341 3001 446 3072 petrae
483 3013 585 3054 merae
616 2993 732 3056 libidini
767 2998 888 3052 vestrae
909 2992 1026 3052 servire

104 3077 276 3156 coegeritis.
312 3075 387 3135 Nou
410 3077 489 3136 enim
513 3077 543 3136 id
566 3078 687 3158 egistis,
715 3084 748 3136 ut
768 3075 949 3136 sententiam
974 3093 1025 3134 ve·

42 3199 45 3208 ·
102 3168 196 3220 stram
218 3179 258 3219 ex
280 3161 339 3220 isto
361 3158 432 3220 loco
455 3159 623 3236 referretis,
654 3161 710 3222 aad
731 3170 831 3220 vestra
852 3156 1025 3219 temeritate

102 3252 359 3323 praeconceptam
381 3242 534 3304 intrudere
555 3244 650 3304 moliti
673 3245 761 3320 estis,
796 3250 827 3303 et
855 3239 907 3301 fici
933 3239 1024 3304 huius

102 3325 182 3386 foliis
208 3326 375 3387 nuditatem
397 3332 428 3384 et
450 3327 662 3407 turpitudinem
687 3334 817 3386 vestrum
839 3323 942 3386 celare
962 3329 1025 3382 stu·

66 3471 68 3474 ,
104 3404 221 3470 duistis.
262 3409 352 3468 Nunc
374 3427 443 3468 cum
465 3428 513 3468 res
547 3428 608 3470 uon
638 3407 798 3484 succedat,
835 3415 865 3467 ct
896 3406 1024 3476 castitas

104 3486 277 3568 Scripturas
299 3511 355 3552 vos
377 3491 530 3552 adulteros
558 3511 619 3553 non
645 3492 844 3568 intromittat,
877 3496 910 3550 et
931 3505 1022 3570 coge

104 3571 177 3630 mini
200 3584 287 3634 extra
307 3571 493 3653 Scripturam
515 3580 596 3636 stare
609 3577 691 3650 foris,
713 3593 825 3634 novom
842 3571 1024 3652 Scripturae

105 3649 213 3712 faciem
246 3664 276 3715 et
303 3657 456 3718 scenicam
483 3656 636 3736 quandam
663 3657 791 3720 Bibliam
825 3655 1024 3737 componitis,
