2252 4006
151 199 216 270 242
390 204 542 260 Amomaa
563 207 591 259 ii.
612 205 690 259 Erae.
712 205 789 260 itote.
809 212 860 260 ete.

171 442 198 502 'l‘
236 358 311 453 Quo¹
328 361 426 438 magis
454 361 482 418 in
507 360 564 420 hac
592 360 804 420 renitendum
833 379 977 440 praeceps
997 381 1055 422 cou-

153 453 177 502 m
191 461 296 584 mites
320 522 358 585 ad
382 526 479 585 maius
503 524 663 585 discrimen
687 532 817 602 spectat,
840 543 930 603 quom
953 525 1058 603 quidam

154 609 340 669 existimant.

238 689 346 750 Builae
379 689 506 748 saevitia
538 687 652 768 probos
682 707 788 748 omnes
819 688 947 748 offendit
974 693 1061 750 utin.
1106 687 1107 712 .

157 772 251 852 digna
274 773 434 831 mitissimo
457 771 567 832 Christi
592 771 724 833 Vicat-io.

235 854 306 930 Quo
339 854 512 933 diligentius
546 862 611 913 erat
642 852 846 914 examinanda
887 874 905 914 a
939 859 1063 934 personis

155 957 216 998 non
240 938 391 1017 suspectis
413 955 450 996 ac
473 955 576 995 esrum
600 955 697 995 renum
722 937 836 1015 peritis.

236 1020 325 1098 Duae
348 1018 498 1079 duntaxat
514 1018 733 1078 Universitates
757 1021 1000 1079 condemnarunt
1019 1019 1063 1079 Lu·

154 1104 269 1162 therum
293 1123 333 1161 ex
356 1109 416 1161 tam
433 1104 608 1176 innumeris,
631 1109 660 1160 ct
683 1101 928 1161 condemnarunt
950 1110 1065 1180 tantum,

156 1203 216 1246 non
240 1184 453 1258 convicerunt,
478 1201 535 1242 nec
557 1184 614 1242 hac
637 1185 841 1245 consentiunt.

237 1266 307 1348 lpse
341 1266 460 1326 videtur
493 1266 633 1325 omnibus
666 1268 771 1345 aequis
801 1285 932 1345 aequum
967 1273 1067 1345 petere,

157 1369 224 1410 oum
254 1349 362 1409 offerat
393 1368 426 1408 sc
454 1348 651 1428 disputationi
676 1349 831 1428 publicae,
865 1357 895 1408 et
924 1349 1068 1410 submittat

159 1451 194 1494 se
215 1431 364 1492 iudicibus
387 1449 448 1491 non
472 1432 632 1510 suspectis.

239 1514 298 1590 Qui
320 1514 482 1574 Lutherum
504 1515 663 1592 impetunt,
686 1531 721 1574 ea
745 1514 901 1589 inducunt,
926 1514 1068 1591 quaenui·

156 1599 205 1660 iae
226 1615 315 1658 eures
337 1597 407 1676 piae
428 1597 539 1659 ferunt.

239 1681 282 1740 At
303 1681 353 1760 qui
374 1679 449 1740 facit
469 1697 502 1738 sc
523 1677 653 1738 iudicem
677 1685 729 1738 aut
747 1679 1008 1758 reprehensorem,
1028 1678 1068 1738 de·

157 1763 209 1824 bet
230 1764 298 1842 ipse
321 1781 424 1822 carere
445 1761 693 1841 reprehensione.
716 1799 720 1804 ν

236 1845 385 1906 Lutherus
407 1844 478 1905 nihii
502 1844 606 1920 ambit,
629 1843 699 1904 ideo
724 1846 822 1904 minus
845 1849 1017 1924 suspectus.

242 1928 379 1988 Aliorum
404 1927 559 2007 negotium
585 1928 694 2006 agitur.

241 2009 381 2071 Pontifici
404 2013 487 2088 prior
514 2017 561 2068 est
583 2010 682 2088 gloria
704 2009 814 2070 Christi
837 2028 929 2088 quam
953 2029 1021 2086 suo,
1046 2017 1069 2066 at

159 2095 274 2154 lucrum
297 2094 484 2168 animarum,
516 2111 608 2170 quam
633 2093 725 2152 otium
748 2092 830 2152 aliud
854 2091 1068 2172 compendium.

243 2174 282 2237 Ut
304 2176 382 2236 haec
404 2176 538 2234 maxime
558 2175 678 2254 agenda
701 2176 771 2253 sint,
795 2184 896 2236 tamen
921 2176 1069 2236 convenie-

159 2257 211 2320 bat
235 2259 295 2318 aiio
319 2266 457 2338 tempore
479 2257 551 2316 deri.

241 2339 358 2420 Urgent
390 2340 484 2400 ardua
507 2339 646 2418 negotia,
682 2346 713 2400 et
735 2339 837 2400 Caroli
860 2341 997 2420 auspicia
1018 2358 1068 2400 non

160 2421 272 2484 debent
295 2422 469 2483 huiusmodi
494 2423 608 2482 odiosis
631 2424 795 2506 sunpstani..

242 2505 369 2565 Videtur
390 2506 424 2575 in,
443 2524 506 2565 rem
530 2504 696 2584 Pontificio,
720 2503 791 2579 utl)
820 2525 868 2565 res
896 2524 1068 2585 pergraves

160 2596 190 2649 et
212 2609 273 2650 nou
296 2597 456 2670 suspectos
481 2589 561 2648 viros
585 2595 703 2647 maturo
718 2587 847 2648 consilio
870 2597 1068 2668 componatur,

160 2673 202 2731 ita
224 2672 339 2751 optimc
362 2672 538 2732 consuletur
559 2669 715 2731 Pontificio
737 2670 887 2750 dignitati.

243 2752 301 2828 Qui
323 2754 472 2814 hacteuus
494 2756 680 2834 scripserunt
703 2761 810 2813 contra
831 2753 1003 2830 Lutherum‚
1022 2754 1067 2810 im·

159 2834 329 2915 probantur
351 2837 441 2896 etiam
467 2857 486 2898 s
508 2836 675 2918 theologis,
705 2837 755 2914 qui
779 2837 854 2896 alias
877 2834 1006 2896 Luthero
1026 2835 1066 2894 ad·
1111 2889 1112 2892 ,

161 2927 329 2980 versantur.
905 2965 907 2968 .

243 3001 373 3061 Mundus
396 3002 459 3060 sitit
492 3003 652 3060 venitatem
675 3001 902 3080 evangelicam,
938 3010 967 3060 et
991 3001 1064 3060 tutati

161 3081 293 3162 quodam
317 3082 468 3143 desiderio
493 3081 611 3144 videtur
633 3083 692 3144 huc
713 3085 792 3148 ferri.

243 3165 332 3228 Unde
365 3167 437 3246 quia
464 3163 582 3248 forte2)
618 3165 696 3229 adeo
731 3185 791 3226 non
827 3174 949 3246 oportet
976 3163 1065 3226 odiose

160 3249 268 3310 resisti.

162 3431 578 3448 ——-·------—r—-

215 3514 247 3582 t)
268 3516 298 3568 lu
318 3516 360 3570 ed
379 3517 479 3582 princ:
499 3521 533 3568 et.
572 3513 603 3578 1)
626 3513 655 3566 tn
676 3513 717 3566 ed.
736 3513 808 3566 Jen.:
830 3512 903 3568 uude
922 3514 998 3566 torte.
