2252 4006
212 161 367 242 axiomata
382 162 411 215 D.
428 161 508 226 Idras.
527 139 605 216 Rota.
626 167 674 215 etc.
694 176 767 230 nnnc
788 161 866 218 1520.
936 159 998 226 239

75 316 182 394 quinto
205 336 245 376 m.
267 315 464 391 Novembris3
495 313 730 376 Seckendorflus
754 314 774 379 l.
797 316 816 376 1.
845 315 922 375 saiso
945 335 999 376 no-

75 397 173 458 minat
193 396 273 458 diem
296 399 432 477 quintum
457 417 495 458 m.
517 397 711 474 Decembris,
733 416 805 458 nam
826 398 876 458 die
892 399 942 462 18.
958 417 996 460 m.

73 479 152 542 Nor.
187 480 311 542 Elector
341 482 402 541 iam
435 479 620 560 Honbergae
662 482 692 539 in
723 479 891 546 Hassorum
922 500 996 561 agro

72 563 252 623 versabatur
287 567 331 638 [v.
360 563 489 645 infra]),
524 563 682 644 spalatino
707 572 868 643 praesente
898 566 996 644 primo

72 645 306 707 cunctabundus
328 664 508 725 responsum
533 645 662 724 distulit,
690 647 783 725 paulo
805 654 905 706 autem
928 655 999 727 post

70 728 151 788 haec
164 728 285 789 locutus
295 735 355 790 est:
372 726 541 805 „Lutherus
552 728 693 808 peccavit
703 730 732 789 in
746 728 874 805 duobus,
887 749 998 810 nempe

70 810 156 889 quod
180 812 279 892 tetigit
300 829 446 872 coronam
459 811 615 872 Pontificis
637 817 668 872 et
693 819 810 872 ventres
833 812 999 874 monacho·

70 895 173 955 rum.“
217 894 295 954 Eum
318 901 380 955 tam
404 893 482 954 bene
504 901 566 954 tum
591 893 628 954 de
650 893 771 954 Lutheri
794 893 933 956 doctriua
954 897 998 956 iu·

71 976 196 1036 dicasse
207 975 478 1056 refertflpalatinus
492 977 549 1054 (ct.
558 976 792 1040 Scckend.flist.
801 977 999 1055 Lutb.ibid.)‚

70 1065 118 1134 ut,
155 1077 225 1119 cum
246 1059 422 1140 Spalatinus
445 1079 513 1118 eum
544 1059 583 1120 ab
607 1059 747 1119 Electore
780 1060 943 1120 abeuntem
965 1063 996 1120 iu

71 1140 167 1202 aedes
191 1141 314 1202 Haurioi
328 1142 454 1203 Comitis
476 1141 630 1219 Nuenarii,
656 1141 824 1223 Praepositi
837 1142 998 1203 Colonien-

71 1226 123 1302 sis,
148 1223 325 1302 deduceret,
347 1224 398 1284 iile
411 1226 512 1284 statim
525 1223 687 1285 considens
711 1226 918 1286 Axiomata
932 1245 999 1305 sua,

70 1314 102 1366 ut
125 1307 273 1386 vocabat,
295 1325 351 1387 pro
374 1325 467 1367 causa
489 1306 611 1367 Lutheri
633 1309 847 1388 conscripserit
869 1316 899 1369 et
922 1308 997 1388 Spa-

71 1391 169 1467 latinc
196 1389 361 1451 tradiderit.
405 1390 478 1450 Mox
491 1389 613 1469 quidem
634 1392 748 1470 scripto
771 1392 912 1471 epistolio
926 1391 1000 1472 Spa-

70 1473 201 1533 latinum
223 1475 362 1552 impense
383 1473 514 1552 rogavit,
536 1481 569 1532 ut
591 1492 627 1532 ea
648 1473 706 1534 sibi
728 1473 936 1553 redderentur,
960 1493 998 1534 ne

70 1555 153 1634 apud
179 1555 366 1616 Aieaudrum
388 1553 486 1615 fraudi
508 1555 565 1616 sibi
590 1564 702 1633 essent,
725 1555 778 1616 sed
808 1558 868 1617 iarn
893 1576 998 1617 mense

72 1637 243 1700 Februario
265 1657 293 1699 a.
308 1641 385 1702 1521
410 1637 487 1698 baec
499 1639 665 1699 Axiomata
681 1658 823 1700 unacum
837 1639 998 1720 Responso

70 1719 1000 1800 Friderici,quodiileLegatisPontiflciisdedit,inscioinvito·

71 1822 131 1882 que
142 1803 277 1864 Luthero
290 1802 409 1883 Lipsiae
421 1804 501 1884 typis
514 1822 630 1863 excusa
641 1823 720 1884 esse,
742 1812 870 1886 apparet
882 1825 922 1866 ex
937 1807 999 1886 epi·

70 1885 170 1964 stola,
203 1887 232 1945 in
255 1904 316 1965 qua
337 1885 483 1946 Lutherus
506 1885 554 1945 die
583 1888 631 1950 27.
657 1907 693 1946 m.
717 1885 870 1948 Februarii
895 1888 997 1970 Spala-

71 1970 136 2029 tino
171 1969 254 2030 baed
281 1968 400 2029 scribit:
435 1968 526 2052 „Non
557 1970 655 2029 minus
690 1988 746 2031 uos
776 1971 855 2031 maie
885 1971 1000 2032 habent

71 2069 193 2112 excusa
214 2052 424 2113 Axiomata
450 2050 501 2111 iila
525 2051 644 2113 Erasmi
677 2058 707 2112 et
728 2054 877 2134 Principis
903 2055 999 2114 nostri

72 2134 239 2214 Responsa
260 2133 397 2215 Lipsiae,
431 2143 461 2194 et
488 2135 608 2209 nescio,
638 2135 687 2194 ubi
710 2136 769 2196 ista
792 2143 896 2196 curata
919 2145 1001 2216 sunt,

71 2218 286 2296 ignorantibus
320 2216 408 2277 nobis
444 2223 536 2296 atque
570 2217 647 2277 adeo
684 2218 878 2296 mirantibus,
919 2219 999 2279 unda

73 2300 266 2380 exemplaria
287 2300 463 2360 habuerint:
486 2307 591 2360 nostra
612 2319 706 2379 penes
729 2309 883 2363 noscunt.
920 2301 1000 2362 Nihil

72 2391 117 2442 est
142 2401 229 2462 ergo,
254 2385 336 2462 quod
359 2401 415 2444 nos
436 2383 466 2442 in
491 2382 548 2443 hac
569 2401 603 2442 re
623 2401 761 2462 accuses,
784 2385 1000 2445 molestissime

72 2466 209 2526 ferentes
232 2484 284 2526 eas
307 2464 473 2544 editiones,
502 2484 581 2544 qnae
607 2472 637 2524 et
664 2469 753 2527 uobis
783 2477 863 2528 metu
887 2476 917 2528 et
939 2470 1000 2528 iac-

72 2550 171 2608 tantia
204 2555 364 2629 suspectos
397 2547 532 2608 iaciunt‘
566 2548 621 2624 (ci.
653 2548 740 2610 Loth.
776 2551 853 2632 app.
889 2551 937 2614 ed.
962 2550 999 2612 de

74 2631 179 2691 Wette
201 2630 224 2708 1,
247 2651 277 2711 p.
299 2631 370 2709 562,
394 2630 442 2690 ed.
466 2631 560 2694 Auris.
582 2630 604 2707 1,
628 2653 656 2712 p.
679 2633 770 2714 307).

158 2713 618 2775 inveniunturetAxiomata
640 2715 819 2776 etBrevis
843 2733 1001 2776 comme-

76 2797 242 2857 moratio
265 2815 391 2857 rerum
413 2796 605 2857 Coloniae
626 2799 664 2857 in
696 2817 815 2858 causa
837 2799 1000 2859 Lutheri

76 2901 101 2942 a,
126 2881 209 2945 1520
231 2887 431 2960 gestarum
453 2881 482 2939 in
506 2879 594 2958 libra,
616 2881 666 2960 qui
681 2900 738 2941 nec
760 2882 830 2942 loco
846 2901 999 2942 necanuo
1074 2915 1076 2918 ·

74 2962 211 3022 indicato
234 2961 290 3022 sub
312 2962 373 3022 boo
391 2962 478 3022 titulo
501 2962 627 3043 prodiit:

116 3045 272 3106 Contenta
292 3046 324 3105 in
350 3046 411 3106 boo
430 3051 435 3124 1
454 3047 602 3124 opusculo
623 3047 627 3126 1
648 3047 813 3107 Axiornata
827 3047 920 3107 Erae:
942 3046 1000 3109 Ro.

117 3147 172 3208 pro
196 3146 291 3188 causa
309 3129 315 3208 1
333 3127 454 3188 Martini
475 3127 606 3190 Lutheri.
627 3133 631 3204 1
651 3128 814 3190 Friderichi
833 3130 897 3190 Du:
921 3130 1000 3193 Sex:

116 3211 269 3272 Eiectcris
288 3213 293 3290 1
313 3210 415 3270 datum
444 3211 637 3292 Responsum
664 3211 773 3291 legatis
795 3232 872 3292 pon:
896 3213 958 3272 Ro:
978 3213 983 3292 1

119 3292 264 3354 Eiusdem
277 3293 375 3353 littera
398 3295 489 3354 misse
501 3293 612 3354 Docto.
634 3295 677 3354 Pe
696 3303 701 3370 1
720 3302 766 3355 tro
779 3294 903 3355 Rectori
916 3295 999 3355 Vuit·

118 3375 285 3456 tenbergen
315 3374 338 3458 11
369 3375 425 3436 Per
448 3376 611 3438 Hsnricum
639 3377 771 3458 priorem
802 3377 1000 3439 Gundensem

119 3477 192 3538 quo·
210 3459 215 3539 1
234 3458 363 3519 rundam
385 3478 452 3538 sup.
465 3460 539 3522 Mar.
554 3459 795 3524 collatainditia.
814 3463 819 3538 1
839 3460 999 3520 Oecolam·

69 3607 72 3615 ,
117 3541 201 3620 padii
220 3542 376 3603 iudicium.
396 3545 400 3618 Ι
421 3541 536 3622 Viginti
558 3543 706 3603 nobilium
728 3543 870 3602 iuvenum
888 3543 982 3622 Idm-t

119 3643 189 3686 sero
210 3624 356 3685 indictum
379 3625 501 3688 bellurn.
521 3628 564 3702 18
585 3626 636 3688 iol.
650 3624 737 3686 form.
751 3633 848 3711 quart.
887 3625 920 3686 ln
939 3624 999 3687 fine
