2250 4008
309 171 433 226 Rationis
454 169 629 230 Lntomienne
648 169 697 218 etc.
905 135 972 224 491

54 330 147 404 tism,
169 345 248 408 quoe
270 346 340 389 sum
365 331 462 388 totum
485 324 649 404 gratificet,
681 329 713 384 ut
734 341 867 404 persons
889 338 975 400 pror·

54 432 108 473 sus
130 420 258 492 eccepto
280 412 335 489 sit,
363 416 393 470 et
416 408 518 472 nullus
539 411 603 470 irae
624 408 711 470 locus
733 409 762 468 in
789 427 826 468 eo
850 405 888 465 sit
911 425 972 465 nm·

55 495 155 574 plius,
185 495 297 556 donum
320 496 411 568 vero,
441 491 523 573 quod
551 512 619 553 eum
643 499 731 552 sanet
753 512 771 552 n
792 496 920 571 peccato
944 493 974 558 st

54 585 123 642 toto
145 579 341 659 corruptione
377 597 433 638 sue
461 577 553 638 enimi
583 583 614 639 et
642 576 789 656 corporis.
832 572 974 652 impiissi-

54 682 138 723 mum
163 681 236 741 crgo
270 669 316 722 est
345 661 461 735 dicere,
499 659 683 740 baptisatum
717 678 785 718 esse
813 657 914 719 adhuc
942 657 974 715 in

54 746 210 825 peccetis,
244 754 296 804 sut
328 763 391 806 non
424 763 492 804 esse
521 744 626 805 omnia
647 748 776 822 peccate
798 739 975 821 plenissime

54 828 202 905 remissn3
230 827 300 908 quid
330 829 409 890 enim
432 827 473 888 ibi
495 829 631 906 peccati,
654 826 704 886 ubi
726 826 809 886 Deus
832 825 923 900 favet,
945 828 976 882 et

54 912 172 973 nullum
203 930 295 973 nosse
325 911 388 972 vult
416 920 592 990 peccatum,
628 916 770 990 totusque
801 915 898 970 totum
926 925 975 966 ac·

54 1001 162 1075 ceptnt
183 1001 214 1056 et
236 993 429 1056 sanctificet?
462 993 521 1054 Sed
545 994 605 1054 hoc
633 1013 694 1055 non
714 1000 764 1054 est
784 989 975 1053 referendum

55 1077 96 1140 nd
120 1085 256 1140 nostram
278 1079 450 1157 puritatem,
473 1084 505 1136 ut
527 1077 624 1155 vides,
649 1077 703 1138 sed
725 1077 764 1137 sd
788 1075 885 1138 solnm
909 1093 975 1152 gre-

54 1163 132 1220 tiam
162 1162 291 1222 foventis
318 1162 384 1222 Dei.
436 1161 575 1222 Remissa
602 1167 672 1221 sunt
701 1162 805 1222 omnis
830 1178 886 1238 per
911 1175 977 1235 gre·
1041 1161 1044 1171 i

54 1246 142 1324 tiam,
166 1245 219 1306 sed
243 1243 377 1305 nondum
391 1245 495 1304 omnin
514 1250 623 1304 serrato
634 1264 689 1324 per
701 1244 824 1307 donum.
853 1243 978 1302 Donum

54 1329 151 1388 etiem
174 1328 305 1388 infusum
328 1333 389 1404 est,
413 1328 592 1388 fermentum
616 1329 743 1389 mixtum
766 1334 826 1402 est,
848 1323 978 1401 laboret,

54 1417 90 1470 nt
113 1418 275 1490 peccatum
299 1417 459 1492 expurget,
481 1409 563 1490 quod
586 1412 646 1472 iem
662 1430 814 1492 personne
827 1406 978 1469 indultum

56 1499 116 1568 est,
140 1502 170 1554 et
191 1495 342 1573 hospitem
366 1493 479 1554 maium
502 1495 659 1572 extrudet,
683 1496 731 1555 cui
752 1493 875 1554 licentis
898 1491 979 1551 fecto

56 1585 107 1636 est
130 1577 281 1637 eiiciendi.
315 1577 437 1638 Interim
462 1577 532 1638 dum
555 1578 633 1638 haec
654 1583 796 1658 aguntur,
816 1581 978 1657 pcccntunr

58 1660 190 1738 dicitnr,
217 1668 246 1720 et
269 1667 315 1720 est
336 1680 407 1720 vere
430 1668 539 1720 nature
560 1682 631 1739 sue,
660 1661 794 1722 sedium
817 1664 978 1737 peccatum

58 1745 129 1804 sine
151 1745 212 1822 ire,
235 1744 301 1804 sine
323 1742 407 1822 iege,
437 1750 596 1823 peccatum
621 1752 791 1818 mortuum,
820 1747 981 1824 peccatum

58 1827 242 1901 innoxium,
264 1826 356 1888 modo
379 1828 409 1886 in
433 1829 531 1906 grstia
553 1834 582 1888 et
604 1828 686 1889 dono
709 1829 773 1887 eius
794 1841 982 1906 perseveres.

58 1909 143 1970 Nihil
168 1908 267 1969 differt
280 1917 442 1989 peccatum
466 1932 484 1970 s.
506 1930 539 1970 se
554 1912 632 1990 ipso,
656 1911 821 1971 secundum
844 1914 982 1970 usturam

59 2011 167 2069 suem,
190 2000 260 2053 ente
283 1993 413 2071 gretiam
436 2000 466 2052 et
487 2001 559 2072 post
580 1996 723 2074 gretiam,
747 1994 845 2055 differt
869 2010 940 2051 vero
964 2010 982 2050 a

59 2076 108 2135 sui
141 2082 282 2138 tractatu.
343 2076 441 2136 Aliter
480 2078 559 2137 enim
592 2096 674 2137 nunc
711 2083 857 2138 tractetur
890 2093 981 2152 quem

61 2166 166 2220 entes.
216 2157 380 2234 Quomodo
411 2165 503 2220 nnten
536 2160 743 2221 tractabatur?
777 2167 809 2220 ut
843 2166 925 2219 esset
953 2163 983 2216 et

61 2247 320 2322 cognosceretur,
343 2249 372 2301 et
397 2241 538 2302 obrueret
558 2262 632 2320 nos,
664 2263 745 2304 nunc
767 2248 928 2315 tractetur,
951 2246 984 2300 ut

60 2344 124 2384 non
148 2326 187 2386 sit
209 2331 240 2384 et
271 2325 417 2386 eiicietur.
463 2326 502 2386 At
523 2345 585 2386 non
608 2325 647 2388 ob
669 2327 730 2387 hoc
756 2346 817 2386 non
842 2331 887 2385 est
911 2341 982 2382 vere

61 2413 94 2467 et
116 2407 294 2468 naturaliter
314 2415 485 2486 peccatum.
519 2407 598 2484 Quin
614 2409 799 2489 ingratitudo
823 2416 853 2469 et
871 2407 982 2467 iniuria

60 2495 110 2550 est
132 2490 249 2570 grutine
279 2499 309 2549 et
337 2490 410 2551 doni
432 2490 505 2566 Dei,
542 2512 655 2570 negare
683 2495 783 2572 ipsum
813 2511 884 2566 vere
913 2508 981 2550 esse

58 2579 234 2653 peccatum.
278 2572 384 2634 Guntia
407 2574 529 2652 quidem
547 2575 662 2636 nullum
684 2575 726 2636 ibi
748 2583 907 2656 peccatum
929 2573 981 2634 he·

59 2656 131 2728 bet,
153 2657 225 2736 quis
252 2675 384 2736 persone
406 2664 471 2717 tota
501 2657 616 2737 piacet,
652 2659 765 2720 donum
788 2665 889 2719 nutem
914 2675 982 2735 pec

61 2746 166 2800 cetum
188 2737 298 2816 hebet,
330 2739 412 2818 quod
435 2746 586 2820 expurget
607 2749 636 2802 et
664 2749 837 2822 expugnet,
865 2738 919 2800 sed
952 2747 982 2799 et

61 2841 198 2902 persons
219 2842 280 2882 non
305 2821 406 2900 placet
428 2842 485 2886 nec
508 2823 602 2884 habet
622 2827 762 2904 gretiam,
785 2826 843 2885 nisi
866 2823 906 2886 ob
931 2821 983 2884 do-

61 2925 134 2966 num
159 2905 220 2966 hoc
243 2904 335 2964 modo
358 2913 517 2985 peccatum
535 2927 707 2988 expurgare
722 2907 877 2982 laborans,
898 2907 982 2967 Deus

62 3008 126 3049 non
149 2987 253 3062 fictos,
285 2987 338 3046 sed
363 3009 451 3049 veros
473 2997 652 3069 peccatores
674 2992 778 3052 salvos
799 2991 888 3067 fecit,
921 3007 980 3050 non

62 3071 178 3148 fictum,
200 3071 254 3130 sed
278 3091 381 3132 verum
403 3079 565 3152 peccatum
588 3073 771 3136 mortificare
795 3075 895 3136 docet.

147 3155 229 3214 Ecce
260 3155 350 3214 istum
385 3155 507 3216 modum
545 3157 735 3238 intelligendi
763 3167 793 3218 et
827 3155 981 3234 loquendi,

62 3237 234 3317 simplicem
259 3245 288 3296 et
310 3237 468 3298 Paulinum
494 3258 552 3318 ego
580 3257 695 3318 quaero
723 3247 753 3302 et
775 3241 846 3301 volo
869 3237 984 3300 habere

63 3322 248 3380 intractato
277 3322 397 3399 peccati
426 3327 456 3382 et
486 3323 610 3400 gratiae.
655 3323 712 3384 Hic
742 3343 835 3402 purus
863 3329 894 3384 et
922 3323 981 3381 sin-

64 3423 153 3463 cerus
187 3422 313 3484 prorsus
347 3405 413 3464 sine
436 3403 498 3465 ulle
520 3404 699 3467 difficultate
727 3408 863 3486 cupitur,
890 3405 981 3465 nullis

64 3485 308 3546 distinctionibus
333 3485 457 3565 indiget,
480 3493 511 3548 ct
532 3489 608 3549 miro
631 3489 723 3550 modo
747 3487 877 3550 blandus
898 3507 983 3567 oper-

65 3581 174 3648 tusque
202 3574 263 3645 est,
293 3576 324 3629 et
352 3575 447 3630 totam
469 3569 656 3651 Scriptorum
687 3572 793 3652 operit.
843 3571 912 3632 Non
937 3577 985 3630 est

65 3652 115 3714 hic
137 3670 264 3716 necesse
286 3651 403 3731 dicere,
425 3659 586 3734 peccatum
609 3655 690 3737 opud
713 3655 839 3718 Pontum
861 3673 917 3738 pro
940 3654 983 3716 in-
