2258 4002
323 201 713 260 commurmuratus
909 195 987 265 ‘tun

14 403 16 410 .
76 357 147 440 quod
166 357 299 419 nolimus
315 377 370 420 ens
390 377 459 420 esse
472 326 586 420 liberos
608 357 646 418 ad
662 356 848 438 lingendum,
872 355 987 418 discen-

74 444 146 517 dum,
168 442 364 502 asserendum
378 441 523 522 quidquid
544 441 593 503 vel
616 441 752 518 libuerit,
775 439 828 502 sed
851 447 986 502 nostram

73 543 186 605 quoque
207 524 376 587 libertatem
399 527 580 600 asserimus,
602 543 641 584 nc
662 527 709 586 ius
731 524 787 584 sibi
810 524 884 603 ipsis
907 542 987 582 arro·

74 613 138 688 gent
160 627 201 668 ex
224 608 461 688 cogitationibus
491 610 553 668 suis
580 608 726 669 articulos
756 608 827 668 fidei
849 605 988 673 faciendi,

72 693 141 750 sicut
164 690 311 752 hactenus
333 698 615 775 praesumpserunt.
659 691 740 752 Satis
768 698 830 768 est,
852 708 908 750 nos
932 709 988 769 pro

71 773 229 834 concordia
252 793 356 836 eorum
379 775 485 836 ritibus
508 783 538 835 et
561 774 668 835 studiis
688 780 906 854 attemperare,
933 772 987 834 sed

71 858 131 935 cogi
153 864 299 936 tanquam
331 859 511 918 necessariis
541 857 748 934 adsalutem,
784 876 862 938 quae
885 874 988 916 necee

71 941 142 1000 saria
164 959 227 1000 non
251 944 334 1017 sunt,
359 943 509 1002 nolumus.
553 941 741 1002 Dimittsnt
734 941 791 1084 ipsi
820 938 988 1020 tyrannidis

69 1041 135 1082 suae
156 1025 363 1101 exactionem,
386 1032 416 1084 et
439 1044 494 1084 nos
508 1023 719 1084 exhibebimus
754 1023 869 1085 iberum
883 1041 987 1083 eorum

14 1127 15 1136 ¹
69 1108 162 1165 sensui
189 1104 392 1186 obsequium,
421 1117 454 1167 ιιι
483 1108 527 1167 sic
556 1109 586 1167 iu
614 1125 692 1187 pace
719 1113 824 1167 mutua
855 1106 986 1166 invicem

69 1208 199 1269 agamus.
243 1189 345 1269 Turpe
367 1192 448 1251 enim
470 1199 517 1250 est
539 1197 569 1250 et
592 1192 733 1269 iniquiter
754 1189 880 1265 servile,
903 1187 987 1248 Obri-

68 1273 192 1332 stianurn
216 1271 381 1349 bominem,
404 1275 454 1353 qui
477 1273 553 1333 liber
575 1281 631 1351 est,
653 1273 720 1333 aliis
743 1292 833 1353 quam
851 1271 988 1332 coelesti-

14 1403 15 1414 .
68 1353 116 1414 bus
138 1373 175 1414 ac
198 1354 309 1416 divinis
332 1356 501 1417 subiectum
523 1374 592 1416 esse
615 1355 837 1418 traditionibus.

111 1467 113 1474 v
144 1437 301 1498 Posthac
330 1439 562 1519 apprehendunt
590 1447 760 1500 extremum
789 1437 908 1502 roboris
931 1438 987 1511 sui,

14 1551 15 1592 ;
68 1539 171 1602 nempe
194 1520 277 1600 quod
297 1521 434 1582 Christus
456 1524 487 1581 in
511 1541 609 1582 coena
637 1523 726 1583 dixit:
756 1522 824 1582 Hoc
843 1521 935 1582 facite
957 1523 987 1580 in

14 1607 16 1620 '
69 1623 159 1664 meam
184 1606 521 1666 commemorationem.
565 1605 647 1666 Eece
668 1605 883 1684 bicinquiunt:
906 1603 989 1665 Obri-

69 1695 126 1746 atus
148 1706 205 1746 eos
230 1687 412 1748 ordinavit
403 1708 434 1747 ιιι
457 1687 643 1750 sacerdotes.
686 1688 765 1748 Hine
788 1690 864 1747 inter
887 1695 990 1747 cetera

14 1775 95 1884 ²et
114 1769 174 1830 boc
204 1769 361 1848 dixerunt,
394 1771 467 1832 solis
497 1770 707 1831 sacerdotibus
737 1777 895 1874 utramque
923 1788 990 1848 epe-

67 1853 137 1912 ciem
162 1871 233 1912 esse
256 1853 397 1916 dandam
441 1854 582 1932 Denique
604 1854 723 1933 quidvis
740 1846 825 1914 hinc'
833 1859 989 1926 suxerunt,

67 1943 95 1994 ut
116 1935 167 2013 qui
202 1934 327 1996 liberam
359 1935 515 1997 arbitrium
542 1936 598 1996 sibi
627 1939 817 2016 arrogarim,
850 1934 989 1996 everbis

14 2081 16 2166 l

14 2013 171 2079 Christi
196 2018 323 2080 ubilibet
354 2019 442 2079 dictis
473 2019 631 2099 quodlibet
661 2038 807 2080 asserere.
857 2018 919 2079 Sed
945 2027 991 2078 est

67 2101 120 2160 boe
142 2099 239 2161 verba
253 2101 538 2198 Deiinterpretari?
561 2102 734 2182 Responde,
757 2121 884 2198 quaese,
907 2101 990 2162 Obri-
1043 2113 1049 2140 ¹

14 2167 15 2230 ι
65 2190 122 2242 stus
145 2184 197 2244 bie
229 2185 303 2246 nibil
324 2186 488 2264 promittit,
517 2183 571 2245 sed
594 2191 709 2246 tanturn
733 2186 897 2264 praecipit,
925 2183 990 2246 lieri
1101 2233 1104 2240 ,

65 2265 170 2326 istud
163 2285 194 2326 ιιι
218 2267 264 2325 sni
288 2269 477 2328 memoriam.
522 2265 654 2328 Ourncn
677 2267 875 2345 concludunt,
898 2265 989 2326 stibi

65 2367 127 2409 esse
155 2349 317 2410 ordinatos
347 2350 544 2425 sacerdotes,
576 2349 624 2410 ubi
662 2352 824 2429 imponens
853 2350 989 2411 officium

67 2431 141 2492 verbi
165 2439 198 2492 et
219 2431 410 2513 baptismatis
431 2433 522 2494 dixit:
551 2432 596 2492 lte
622 2434 652 2494 in
675 2433 780 2496 orbem
804 2435 990 2510 universum,

66 2522 92 2574 et
111 2514 290 2594 praedicate
312 2515 506 2596 evangelium
531 2517 615 2576 omni
637 2527 811 2592 creaturae,
834 2514 988 2597 baptisan-

14 2607 15 2670 ζ
65 2603 104 2657 ιιι
125 2615 184 2660 eos
207 2599 374 2660 innomine
388 2607 457 2674 etc,
481 2617 550 2659 cum
563 2599 756 2660 sacerdotum
771 2600 811 2659 sit
834 2599 988 2678 proprium

66 2679 241 2759 praedicare
262 2689 293 2742 et
315 2681 491 2761 baptisare?
513 2682 648 2760 Deinde,
678 2699 746 2742 cum
775 2681 867 2743 hodie
889 2701 989 2742 sacer·

67 2762 139 2824 dotis
162 2763 213 2823 vel
236 2764 413 2842 primarium
443 2783 521 2845 opus
543 2766 596 2840 sit,
623 2774 654 2826 et
678 2771 731 2840 (ιιι
752 2765 873 2838 dieunt)
898 2764 988 2824 indis-

67 2846 220 2940 pensabile
242 2846 344 2926 legere
366 2847 458 2909 horas
480 2848 662 2925 canonicas,
685 2867 739 2908 cur
762 2867 823 2908 non
846 2847 886 2908 ibi
911 2848 990 2909 ordi·

67 2929 107 2987 nis
136 2937 365 2990 sacramentum
391 2938 615 3010 conceperunt,
647 2929 698 2991 ubi
734 2931 870 2992 Christus
901 2949 988 2990 orare

68 3013 229 3091 praecepit,
253 3023 284 3072 ut
307 3013 373 3073 aliis
388 3013 466 3073 locis
479 3013 591 3088 multis,
613 3015 656 3075 ita
668 3015 834 3094 praecipue
847 3014 877 3072 in
889 3014 989 3092 horto,

68 3113 101 3152 ne
121 3094 314 3156 intrarentin
328 3095 549 3157 tentationem?
571 3059 635 3156 llisi
648 3096 699 3156 bic
716 3096 884 3173 elabantur,
908 3061 989 3174 quod

67 3195 124 3236 non
145 3179 186 3237 sit
206 3186 404 3258 praeceptum
427 3197 526 3252 crare,
549 3177 753 3240 suffieitenim
777 3179 880 3258 legere
896 3179 988 3239 boras

69 3261 239 3336 canonicas,
263 3267 295 3320 ιιι
317 3262 363 3320 sic
385 3223 579 3322 sacerdolale
600 3260 675 3322 illud
698 3281 776 3340 opas
799 3279 950 3340 nusquam
972 3280 989 3320 e

69 3341 225 3421 Scripturis
251 3343 413 3423 probetur,
443 3362 481 3404 ac
506 3363 561 3423 per
586 3344 647 3404 hcc
674 3344 753 3405 istud
783 3344 986 3406 sacerdotium

69 3425 232 3486 orationals
255 3444 318 3487 non
340 3428 379 3486 sit
399 3446 440 3488 ex
461 3427 539 3500 Deo,
561 3428 641 3488 sicut
662 3447 733 3488 vere
755 3445 816 3488 non
839 3432 894 3488 est.

144 3506 219 3584 Quis
243 3525 317 3571 vero
338 3509 461 3569 Petrum
484 3510 676 3589 antiquorum
699 3511 838 3583 asseruit,
861 3508 906 3567 bis
923 3529 986 3569 ver·

70 3590 92 3648 is
113 3590 269 3652 ordinatos
293 3611 361 3652 esse
383 3591 583 3654 sacerdotes?
615 3591 701 3653 Unde
732 3609 805 3669 ergo
854 3592 912 3650 ista
940 3592 987 3650 ιιι·

72 3671 232 3754 telligentia
253 3673 357 3739 noval
377 3674 512 3760 scilicet,
543 3674 625 3754 quod
646 3674 706 3738 hac
731 3678 796 3738 arte
818 3674 987 3753 quaesitum
