2258 4002
138 189 141 194 .
167 139 232 206 178
364 141 490 202 Assertio
509 159 584 198 omn.
602 146 680 200 artic.
700 144 733 200 D.
752 145 786 198 n.
804 145 831 199 L.
849 161 900 215 par

168 297 323 378 spondeo:
346 298 379 357 in
404 317 436 359 ra
457 299 516 358 ista
538 299 658 359 seriaet
678 317 768 360 sacra
790 317 851 360 non
873 299 945 358 lieet
967 297 1098 376 argutiis

167 379 342 461 sophisticis
370 380 521 458 cavillari,
556 382 663 460 quibus
694 380 844 462 effingunt
876 389 996 442 reatum
1028 398 1099 440 esse

167 470 339 544 respectum
362 464 549 524 iuterDanm
573 472 603 524 et
625 471 831 560 peccatorem,
852 482 914 543 quo
937 464 989 523 hie
1002 461 1100 541 depu

168 552 248 606 tatur
271 545 310 607 ad
332 565 474 626 poenam.
519 546 630 606 Iniuria
652 555 699 608 est
720 549 837 626 gratiae
859 547 928 619 Dei,
951 566 980 606 ει
971 545 1099 606 solum

167 632 258 690 istum
270 629 496 710 phantasticum
518 637 689 710 respectum
713 630 819 690 tollere
834 630 995 705 doceatur,
1017 647 1101 704 cum,

168 720 200 772 ιιι
222 711 377 792 Scriptura
399 713 547 792 loquitur,
568 714 668 792 gratia
690 713 745 773 Dei
768 719 905 792 renovet,
927 718 1051 789 mutet,
1073 716 1102 770 et

169 796 201 856 in
223 813 322 856 novos
345 795 484 856 homiues
517 796 712 860 transformet
740 795 778 855 de
806 795 855 856 die
882 797 912 856 in
935 795 1039 870 diem,
1074 803 1102 852 et

168 897 218 940 res
239 879 298 938 ista
320 880 399 940 serio
423 888 547 957 agatur,
570 898 631 939 non
654 877 844 958 respectibus
866 878 1033 955 tollendis,
1049 877 1102 936 sed

169 960 341 1022 substantia
362 970 393 1024 et
415 963 477 1022 vita
500 962 661 1026 mutandis.
698 961 857 1022 Namideo
881 979 994 1041 corpus
1020 960 1102 1020 mori

170 1052 201 1106 et
222 1045 384 1106 incinerari
406 1052 536 1123 oportet,
560 1053 591 1104 ut
605 1051 765 1124 peccatum
787 1050 984 1124 expurgetur,
1007 1062 1103 1104 verus

169 1133 217 1189 est
239 1127 362 1186 morbus
384 1130 415 1186 et
437 1129 549 1205 serius,
580 1129 632 1206 qui
659 1135 722 1190 tam
744 1128 853 1188 seriam
876 1135 907 1186 et
937 1131 1102 1207 potentem

172 1210 268 1290 exigit
290 1209 482 1272 medicinam

253 1291 368 1352 Haec
359 1311 428 1372 ipsa
449 1293 529 1352 euim
551 1293 649 1372 gratie
678 1293 750 1354 novi
772 1293 957 1353 Testamenti
988 1298 1021 1354 et
1047 1291 1103 1350 mi-

170 1375 406 1436 sericordiaDei
428 1383 484 1452 est,
506 1375 647 1454 quod*),
669 1376 740 1454 quia
764 1376 859 1455 geniti
881 1394 986 1436 sumus
1001 1374 1113 1434 verbo

173 1459 307 1518 veritalis
340 1464 372 1518 et
408 1423 505 1518 renriti
543 1459 745 1538 baptismate,
779 1465 812 1519 ut
842 1461 935 1518 simus
978 1459 1113 1519 initium

171 1539 296 1619 aliquod
318 1548 476 1604 creaturae
499 1543 579 1619 eius,
614 1543 731 1602 interit
760 1543 847 1602 favor
875 1542 930 1602 Dei
953 1559 1012 1602 nos
1040 1559 1107 1600 sus·

172 1624 246 1704 cipit
268 1633 299 1684 et
320 1625 467 1702 sustinet,
502 1643 563 1686 uon
596 1626 747 1704 imputans
770 1624 809 1686 ad
831 1631 978 1702 mortem,
1014 1619 1113 1702 quod]

172 1706 322 1786 reliquum
344 1713 392 1768 est
413 1708 532 1786 peccati
554 1710 583 1767 in
607 1707 713 1786 nobis,
743 1709 813 1768 ticet
841 1726 912 1768 vere
935 1712 1105 1786 peccatum

170 1791 209 1849 sit
231 1794 262 1850 et
271 1790 413 1870 imputari
436 1791 542 1870 possit,
566 1791 665 1851 donec
679 1791 847 1852 efficiamur
868 1790 1004 1870 perfecte
1016 1807 1113 1850 nova

171 1879 321 1936 creatura.
344 1871 392 1933 sd
405 1871 496 1934 finem
511 1874 591 1934 enim
615 1875 804 1953 purgationis
817 1873 913 1933 Patris
925 1873 1105 1934 misericor-

171 1955 222 2020 dia
243 1957 382 2036 respicit,
405 1963 531 2036 propter
552 1974 642 2036 quern
664 1958 743 2021 inter
765 1957 881 2018 medias
903 1956 1026 2036 peccati
1049 1956 1104 2015 im-

172 2038 334 2100 munditias
373 2040 478 2100 statuit
515 2039 749 2101 misericorditer
781 2042 959 2120 ignescere,
997 2037 1105 2100 donec

173 2123 293 2202 penitus
315 2120 505 2182 aboleantur.

255 2204 323 2264 Hoc
352 2205 512 2285 apostolus
542 2204 649 2267 Roma.
672 2208 699 2270 8.
723 2206 768 2266 sic
796 2205 895 2266 dicit:
914 2203 997 2264 Nihil
1021 2222 1104 2298 ergo

172 2288 377 2348 damnationis
400 2289 474 2348 est
467 2308 497 2347 ru
521 2288 568 2379 iis,
590 2288 641 2366 qui
662 2289 784 2350 suntin
800 2287 920 2350 Christo
942 2288 1022 2365 lesu,
1049 2287 1105 2366 qui

173 2389 235 2432 non
263 2371 432 2432 secundum
466 2371 587 2432 carnem
616 2371 781 2434 ambulant.
832 2371 901 2432 Non
931 2371 987 2430 ait:
1018 2368 1106 2430 Nihil

173 2455 294 2535 peccati
316 2455 345 2514 in
370 2455 414 2516 eis
437 2463 498 2530 est,
526 2473 593 2514 cum
616 2453 823 2534 praecedente
845 2473 911 2534 cap.
935 2459 1104 2533 peecatum

174 2538 364 2615 asseruisset,
386 2536 439 2597 sed
452 2537 525 2598 nihil
537 2536 752 2614 damnationis,
774 2538 854 2616 quia,
866 2539 923 2596 etsi
937 2539 975 2596 sit
987 2554 1104 2616 pecce-

174 2628 237 2680 tum
249 2621 280 2680 in
292 2622 346 2698 eis,
358 2639 420 2680 non
432 2627 533 2697 nocet,
546 2619 658 2700 duplici
670 2621 743 2698 iure,
760 2621 869 2700 primo,
881 2621 953 2698 quia
965 2625 1039 2680 sunt
1047 2638 1107 2698 per

174 2701 265 2766 fidem
287 2705 317 2764 in
341 2703 462 2766 Christo
486 2704 564 2782 lesu,
587 2721 648 2782 quo
669 2703 837 2764 mediatore
854 2703 897 2762 eis
919 2703 1104 2784 ignoscitur,

175 2786 322 2866 quidquid
345 2789 465 2867 peccati
477 2788 569 2848 inest·
592 2785 739 2865 secundo,
760 2787 906 2865 quianon
930 2784 1103 2846 secundum

175 2889 298 2932 carnem
321 2870 487 2946 ambulant,
510 2869 539 2930 id
562 2878 619 2949 ast,
641 2877 779 2949 pugnant
802 2876 909 2930 contra
925 2873 1104 2949 peccatum,

176 2959 209 3014 ut
223 2955 430 3050 exstinguent,
451 2971 512 3033 quo
536 2953 647 3030 studio,
669 2952 836 3031 quiainviti
858 2951 971 3012 babent
992 2970 1104 3033 pecca·

175 3031 269 3096 tum
261 3056 292 3096 ru
314 3056 363 3110 ss,
399 3055 454 3132 pro
488 3055 550 3096 nou
583 3034 763 3096 habentibus
788 3035 871 3095 Deus
900 3035 968 3096 illos
998 3034 1104 3114 babet,

175 3137 239 3180 uon
262 3127 363 3180 tamen
386 3120 443 3180 nisi
472 3119 604 3198 gratuite
632 3119 855 3196 misericordia,
884 3137 923 3178 ne
945 3117 1106 3198 superbiat

175 3204 334 3283 quisquam
362 3202 393 3261 in
424 3202 521 3262 oculis
543 3201 599 3262 Dei
632 3201 670 3260 de
703 3201 849 3262 munditia
880 3220 951 3278 sua,
985 3200 1077 3261 aed
1069 3220 1101 3260 ru

176 3286 347 3348 humilitate
368 3304 443 3344 suae
464 3286 605 3345 miseriae
626 3293 770 3344 servetur,
812 3283 880 3344 Hoc
901 3303 992 3346 sensu
1015 3283 1037 3344 I.
1053 3283 1102 3343 Io-

176 3368 247 3430 ban.
259 3366 288 3432 3.
307 3366 393 3428 dicit:
416 3366 545 3446 Scimus,
567 3369 713 3445 quoniam
736 3367 845 3446 omnis,
867 3369 919 3445 qui
940 3373 1102 3428 natusest

176 3467 216 3508 ex
238 3450 320 3528 Deo,
350 3452 412 3510 no'n
435 3455 559 3528 peccat,
588 3449 642 3508 sed
669 3451 827 3529 generatio
848 3449 906 3509 Dei
936 3457 1100 3511 conservat

233 3632 376 3698 ·)1acob.
398 3635 422 3688 1.

770 3733 775 3765 l
