2262 4006
124 206 187 291 318
353 209 509 280 mansio
529 211 562 270 D.
578 211 653 269 [L
680 211 715 270 sd
733 210 834 274 lterum

125 364 215 426 dicit:
246 364 337 426 quta
358 365 570 443 introducent,
592 365 715 429 Graece
734 367 815 431 enim
837 373 885 426 est
907 383 1044 452 capeto·

124 445 273 522 άξουσιν.
330 445 410 523 Quia
447 450 534 509 iuxta
571 447 740 509 doctrinam
775 450 915 528 pietatis,
953 467 1042 527 quarn
1122 519 1123 536 ,

124 531 284 606 simulant,
311 533 500 610 impietatem
528 531 735 610 introducent,
770 532 900 594 occultis
928 530 1045 602 seilicet
1122 539 1123 614 l

123 613 262 687 fallaciis,
284 633 352 674 cum
367 613 538 694 Evangelio
560 613 649 676 simul
671 634 727 698 sua
747 617 931 694 ingerentes.
977 613 1044 676 Non
1122 619 1123 650 ¹

123 699 203 758 enirn
217 696 417 776 Evangelium
431 696 596 777 negabunt,
611 697 664 758 ssd
677 699 763 760 iuxta
776 698 938 778 Evangelii
954 697 1046 758 verbs

124 781 186 840 suis
209 780 319 840 additis
349 791 380 840 et
406 783 539 853 inventis
571 791 633 840 tum
663 779 792 862 glossis,
821 790 884 844 tum
914 782 1045 858 statutis,
1080 781 1083 790 '

123 864 269 944 paulatim
292 875 323 924 et
344 862 591 927 insensibilitate
613 867 698 944 regis
715 863 786 926 fidei
811 867 860 926 ria
881 863 1046 942 abducent,

122 950 152 1006 in
185 955 287 1007 sectae
312 965 455 1026 operum,
490 947 600 1025 quibus
633 944 762 1026 perdent
790 956 820 1008 et
849 956 1046 1027 corrumpent

123 1029 336 1107 Evangelium,
359 1040 391 1090 et
405 1032 444 1090 sit
466 1029 589 1092 tandem
598 1048 724 1108 prorsus
745 1029 852 1093 inutile
872 1030 911 1092 ad
934 1031 1048 1092 docen-

123 1112 192 1172 dam
216 1112 315 1174 fidem.
360 1112 410 1172 Sic
432 1113 503 1176 olim
524 1116 693 1192 prophetae
715 1131 827 1177 nomen
842 1113 966 1176 Domini
985 1131 1046 1176 non

124 1195 374 1275 negabant-imo
396 1197 427 1254 in
450 1197 573 1256 nomine
593 1196 716 1258 Domini
746 1195 919 1259 veniebant.
963 1195 1047 1258 chri-

123 1288 188 1338 stus
210 1278 315 1340 Matth.
337 1277 386 1344 24.
411 1297 464 1338 eos
497 1281 542 1338 sic
563 1280 674 1359 pingit:
705 1278 836 1358 Surgent
857 1279 1046 1362 pseudopro·

123 1362 235 1441 phetae
256 1371 286 1420 et
306 1361 547 1430 Pseudochristi,
574 1371 605 1422 et
627 1362 775 1424 seducent
799 1363 930 1441 multus,
961 1361 1047 1424 multi

122 1446 202 1506 enim
232 1446 355 1506 venient
385 1446 415 1504 in
446 1446 570 1512 nomine
604 1464 673 1508 meo
702 1446 852 1509 dicentes:
886 1445 955 1524 Ego
979 1463 1046 1504 enm

123 1527 269 1590 Christus.
313 1527 353 1588 Et
372 1529 496 1591 iterum:
525 1527 556 1589 Si
579 1527 723 1590 dixerint:
752 1528 809 1588 Hie
838 1538 885 1588 sst
908 1529 1046 1590 Christus

122 1618 176 1671 aut
195 1611 270 1691 illic,
292 1611 387 1671 nolite
408 1611 541 1673 credere.
585 1610 664 1686 Quid
694 1617 741 1674 est
768 1612 817 1672 hie
846 1621 876 1674 st
902 1610 967 1672 illic
990 1612 1045 1672 nisi

122 1701 226 1754 sectae
248 1693 449 1773 perditionis?
472 1693 552 1769 Quid
579 1694 709 1773 perditio
732 1696 807 1764 ists,
836 1696 902 1755 nisi,
918 1695 1046 1755 vestitae

122 1776 201 1836 fidei
215 1784 245 1836 et
260 1776 441 1856 Evangelii?
463 1776 515 1837 Sic
536 1786 566 1836 et
589 1777 698 1837 Paulus
722 1777 835 1856 Epiros.
850 1777 879 1840 4.
903 1779 960 1840 has
983 1796 1045 1836 sec-

122 1869 220 1920 tarum
242 1867 274 1919 et
295 1879 421 1939 operum
450 1860 604 1920 doctrines
629 1860 765 1940 appellat
785 1858 972 1943 μεθοδειαν
993 1865 1048 1941 τῆς

122 1941 257 2026 πλάνης,
280 1943 311 2004 id
328 1950 383 2024 sat,
409 1935 700 2004 circumventionem
712 1945 834 2019 erroris,
855 1963 909 2007 seu
922 1943 1045 2009 insidio-

7 2083 9 2086 .
123 2047 189 2086 sum
214 2045 391 2108 aggressum
414 2026 454 2086 ad
471 2027 693 2106 decipiendum,
717 2025 798 2105 quod
815 2027 974 2106 decepturi
996 2027 1047 2086 im-

122 2112 165 2190 pii
193 2110 234 2169 illi
265 2110 411 2188 populum
448 2110 626 2170 adoriantur
658 2111 811 2173 insidiosis
844 2110 1045 2173 concionibus

122 2212 178 2273 per
199 2193 293 2254 verba
313 2193 385 2270 Dei,
407 2193 455 2252 vel
476 2194 505 2254 in
529 2213 615 2254 suum
640 2212 763 2254 sensum
787 2201 865 2258 torta
889 2194 938 2254 vel
961 2195 1046 2253 iuxta

122 2296 176 2354 ea,
209 2276 337 2356 propriis
361 2277 506 2338 doctrinis
529 2293 585 2336 ceu
616 2276 784 2342 scandalis,
803 2279 833 2336 in
857 2278 905 2338 via
928 2277 1046 2356 positis,

123 2359 229 2439 quales
254 2359 361 2420 mulier
388 2359 441 2420 illa
463 2359 605 2422 Proverb.
630 2361 657 2424 9.
687 2360 797 2423 sedens
822 2362 853 2420 in
875 2357 940 2420 alto
964 2360 1045 2420 urbis

123 2445 194 2504 loco
218 2443 337 2522 figurat.

207 2527 246 2586 Et
268 2525 380 2586 Paulus
401 2525 489 2588 Rom.
513 2525 577 2586 ulti.
601 2525 686 2586 dicit:
707 2523 876 2611 observate
900 2545 972 2604 sos,
997 2528 1045 2606 qui

125 2611 250 2670 dissidia
263 2617 293 2668 et
308 2608 493 2670 offendicula
503 2609 627 2682 faciunt,
650 2609 735 2671 iuxta
748 2609 930 2684 doctrinam,
955 2629 1044 2688 quam

124 2712 180 2754 vos
202 2692 359 2753 didicistis.
403 2690 483 2766 Quid
505 2691 630 2752 dissidia
652 2699 737 2770 sunt,
760 2694 815 2752 nisi
840 2711 916 2771 qaas
939 2693 1044 2754 Petrus

127 2783 228 2836 tectas
251 2784 281 2834 et
302 2774 439 2836 Christus
461 2775 510 2835 hie
532 2781 563 2834 et
584 2775 645 2835 illic
662 2777 794 2836 vocanti
818 2764 897 2851 Quid
920 2776 1046 2837 offendi·
1119 2797 1120 2842 ξ

123 2860 193 2920 cula
215 2859 271 2918 nisi
294 2876 385 2936 qnam
408 2858 514 2918 Petrus
536 2858 755 2938 perditionem,
786 2866 817 2920 st
839 2859 978 2922 Christus
1002 2877 1045 2920 se·

124 2942 299 3003 ductionem
323 2941 436 3002 vocat?
462 2940 541 3015 Quid
564 2942 651 3003 iuxta
673 2941 859 3017 doctrinam,
882 2944 940 3003 nisi
963 2942 1043 3022 qnod

123 3025 232 3088 Petrus
262 3027 348 3086 iuxta
381 3024 606 3099 inductionem,
640 3021 822 3100 Christus¹)
857 3027 886 3084 in
923 3028 1045 3086 nomine

125 3127 193 3171 meo
216 3107 327 3170 vocat?
359 3108 481 3168 Scilicet
509 3115 570 3168 tarn
600 3109 730 3187 propriis
758 3107 857 3178 verbis
887 3110 1044 3188 praedicta

123 3205 170 3255 est
191 3214 229 3255 ea
250 3193 376 3254 vastitas
387 3192 627 3271 falsiloquorum,
650 3191 730 3270 quod
753 3193 832 3251 viam
847 3191 960 3256 Christi
985 3211 1042 3254 non

123 3280 242 3357 tollunt,
266 3280 435 3340 doctrinam
452 3276 611 3354 Evangelii
633 3295 695 3336 non
719 3282 834 3354 negant
857 3277 1042 3354 (sispeciem
1118 3349 1119 3352 Ἴ

124 3369 275 3441 spectes),
299 3356 484 3444 offendicula
505 3365 607 3420 tamen
630 3366 661 3418 et
672 3357 798 3421 dissidia
819 3358 905 3424 iuxta
918 3364 1060 3438 ponunt.
1118 3361 1119 3441 l

125 3444 233 3520 quibus
263 3446 375 3504 sensim
392 3443 577 3504 universam
608 3443 687 3502 viam
712 3441 834 3504 Domini
855 3448 886 3502 et
908 3441 1042 3520 Euange-

426 3611 543 3618 -.-—--..

180 3704 212 3771 1)
234 3705 263 3757 ln
280 3707 324 3759 ed.
342 3708 414 3760 len:
431 3712 461 3760 at
478 3705 614 3762 Christus.
