2254 4008
293 177 327 240 b.
347 181 381 239 li.
403 181 479 248 luth.
499 177 680 238 Praeiudium.
910 171 949 248 17

37 347 179 418 statuunt,
224 340 291 417 (est
323 339 404 400 enim
438 338 510 398 mibi
542 339 697 420 ingenium
724 338 755 398 in
785 338 830 398 his
859 337 950 400 rebus

37 443 90 482 non
136 440 354 502 usquequaque
387 421 557 499 indocile),
591 423 654 482 soio
693 441 774 482 nnnc
797 430 827 482 et
850 431 949 482 certus

36 525 95 564 sum
128 511 273 584 papatum
307 524 375 566 esse
411 523 538 585 regnum
573 503 738 584 Babylonis
777 513 807 565 et
845 510 951 585 poten·

36 591 101 648 tiam
136 588 261 649 Nimrod
295 587 412 650 robusti
447 589 612 650 venatoris.
664 586 795 648 Proinde
827 597 858 648 et
891 587 949 662 hic,

36 680 63 730 ut
83 671 187 730 amicis
201 672 278 732 meis
301 673 404 738 omnia
416 672 618 751 prosperrime
641 671 762 748 cedant,
785 690 839 732 oro
862 670 950 732 libra·

35 756 105 829 rios,
134 771 189 814 oro
212 754 359 831 lectores,
384 761 416 814 ut
437 755 492 834 iis,
511 772 591 833 quae
611 773 702 834 super
723 753 782 815 hac
803 773 836 814 re
859 753 949 831 edidi,

36 839 144 897 exustis
166 835 248 898 hanc
268 838 512 918 propositionem
536 845 676 899 teneant:

82 959 214 1039 Papatus
236 965 284 1020 est
303 959 430 1020 robusta
451 961 572 1021 venatio
595 959 727 1021 Romani
749 960 894 1038 episcopi.

69 1075 218 1137 Probatur
239 1096 278 1137 ex
299 1075 467 1138 rationibus
488 1077 641 1159 Romanis,
661 1076 848 1159 Emseranis,
871 1082 901 1136 et

71 1159 226 1240 Lipsensis
248 1160 370 1221 lectoris
394 1159 510 1223 Biblici.

109 1258 200 1319 Nunc
222 1258 260 1319 de
287 1260 443 1338 utriusque
470 1260 583 1341 speciei
612 1259 849 1320 communnione
877 1259 948 1318 mibi

37 1341 134 1402 schola
157 1341 284 1419 luditur,
307 1350 337 1402 et
359 1343 397 1402 de
417 1342 571 1404 nonnullis
594 1341 660 1402 aliis
682 1343 825 1403 maximis
847 1342 948 1405 rebus.

37 1425 85 1483 llic
106 1423 194 1486 labor
221 1433 284 1508 est,
319 1445 357 1486 ne
385 1432 416 1486 et
446 1425 503 1487 bos
535 1425 646 1486 frustra
668 1425 829 1505 Cratippos
861 1443 947 1486 meos

36 1507 158 1570 audiam.
206 1507 334 1589 Scripsit
355 1508 477 1588 quidam
499 1509 591 1570 freter
613 1507 827 1569 Cremonensis
855 1508 948 1568 ltalus

36 1592 257 1652 revocationem
286 1592 408 1654 Martini
438 1591 560 1652 Lutheri
592 1589 631 1650 ad
666 1600 804 1652 sanctam
826 1589 947 1652 sedem.

36 1673 99 1733 Hoc
118 1681 177 1750 est,
202 1692 264 1753 qua
285 1693 346 1734 non
369 1692 428 1755 ego
453 1679 505 1749 (ut
527 1673 788 1755 verbosantem),
812 1673 864 1733 sed
889 1693 948 1753 qna

37 1758 96 1835 ipse
117 1776 166 1817 me
193 1764 321 1818 revocat
349 1758 412 1835 (sic
437 1759 517 1817 enim
537 1756 606 1818 Itali
627 1755 720 1817 bodie
740 1755 889 1836 incipiunt
908 1756 948 1817 la·

36 1841 182 1915 tinisare).
219 1839 347 1922 Scripsit
366 1841 398 1900 in
421 1859 469 1900 me
491 1839 529 1900 de
551 1847 680 1918 utraque
722 1840 825 1920 specie
847 1858 946 1899 sacra·

37 1923 119 1982 manti
146 1921 240 1984 frater
267 1923 345 1985 alius
373 1922 527 2004 Lipsensis
553 1921 743 2001 Germanus,
775 1921 873 1983 lector
898 1909 949 1982 ille

44 2003 194 2085 (utnosti)
219 2009 312 2068 totius
334 2007 461 2067 canonis
475 2006 592 2084 Biblici‚
614 2005 747 2066 facturus
766 2010 817 2080 (nt
834 2004 945 2079 audio)

43 2087 126 2147 adbuc
149 2090 268 2151 maiora
289 2097 320 2150 et
336 2091 414 2150 mira
435 2088 592 2151 mirabilia.
636 2088 729 2148 ltalus
743 2107 819 2148 sane
841 2094 947 2149 cautus

39 2189 139 2231 nornen
171 2192 260 2233 suum
283 2173 425 2249 obticuit,
453 2172 531 2233 forte
558 2171 736 2251 exemplum
758 2171 896 2232 Caieteni
919 2179 950 2232 et

37 2253 175 2332 sylvestri
198 2257 321 2318 veritus.
356 2255 509 2336 Lipsensis
532 2260 649 2328 contra,
671 2255 750 2315 siout
772 2255 862 2314 decet
877 2262 950 2315 stre·

38 2355 120 2396 uuum
143 2346 175 2398 et
197 2337 330 2400 lerocem
354 2338 555 2415 Germanum,
584 2337 685 2398 multis
712 2337 790 2398 tituli
813 2337 949 2398 versibus

37 2438 139 2481 nomen
162 2440 261 2506 suum,
284 2423 377 2482 vitam
399 2441 496 2498 suam,
519 2422 711 2482 sanctitatem
734 2438 830 2499 suam,
853 2423 949 2482 scien-

37 2504 98 2562 tiam
121 2523 221 2584 suam,
245 2504 380 2566 officium
402 2523 506 2584 suum,
530 2503 659 2584 gloriam
681 2522 778 2583 suam,
800 2504 948 2566 bonorem

38 2605 129 2664 suurn,
150 2606 252 2668 paene
273 2597 304 2649 et
325 2587 489 2668 calopodia
511 2606 566 2648 sua
588 2586 763 2649 celebravit.
800 2587 858 2648 Hic
880 2606 950 2668 pro·

36 2670 76 2727 cul
98 2669 193 2731 dubio
216 2690 278 2732 non
299 2670 466 2732 mediocria
488 2670 618 2749 discam,
641 2669 887 2750 quandoquidem
911 2670 949 2731 ad

36 2754 124 2832 ipsum
149 2752 246 2815 fllium
258 2755 315 2814 Dei
337 2751 477 2814 scribitur
489 2754 712 2833 nuncupatoria
724 2753 864 2834 epistola3
887 2759 948 2814 tam

36 2834 191 2897 familiares
214 2845 284 2898 sunt
306 2837 336 2896 hi
367 2838 465 2898 sancti
488 2835 608 2897 Christo
631 2838 771 2916 regnanti
791 2837 822 2897 iu
844 2837 949 2899 coelis.

39 2916 144 2982 Deinde
168 2927 230 2980 tres
253 2919 325 2980 mihi
346 2920 435 3000 picae
448 2919 497 2979 hic
520 2919 659 2981 videntur
673 2919 766 2998 loqui,
789 2938 850 2980 una
871 2919 949 2981 bene

37 3000 130 3081 latina,
152 3002 251 3064 altera
273 3002 379 3063 melius
411 3021 538 3083 graeca,
571 3003 660 3063 tertia
683 3003 797 3082 optime
819 3004 949 3064 ebraice.

37 3083 106 3157 Quid
128 3086 180 3146 hio
203 3086 285 3166 mihi,
306 3085 481 3147 Hermanne
502 3087 559 3160 mi,
582 3084 734 3166 agendum
756 3092 846 3166 putas
868 3084 949 3146 aliud

36 3185 118 3245 qnam
146 3175 179 3228 nt
212 3189 300 3230 aures
332 3167 487 3250 aurigam?
529 3167 591 3229 Res
619 3166 741 3248 Lipsiae
763 3171 862 3250 agitur
896 3187 950 3249 per

37 3249 256 3314 observantiam
279 3251 310 3314 8.
332 3251 449 3314 Crucis.

108 3334 264 3396 Hactenus
292 3355 350 3415 ego
373 3335 483 3396 stultus
505 3335 606 3411 sensi,
635 3333 792 3413 pulchrum
815 3334 895 3410 iore,
924 3334 949 3392 si

34 3435 83 3493 pro
116 3418 204 3479 laicis
238 3425 365 3498 utraque
398 3417 516 3498 species
551 3418 733 3477 sacramenti
762 3415 949 3497 porrigenda

35 3504 212 3560 statueretur
232 3503 364 3562 concilio
387 3499 532 3580 genmali
566 3498 653 3560 Hanc
664 3501 846 3560 sententiam
857 3499 950 3558 irater

35 3581 96 3659 plus
118 3601 211 3663 quarn
233 3582 427 3644 doctissimus
439 3588 628 3642 correcturus
641 3580 723 3661 (licit,
746 3598 948 3662 nequeprae-

37 3673 153 3746 ceptum
173 3685 242 3727 esse
262 3685 361 3747 nsque
383 3664 575 3744 consultum,
596 3665 662 3725 sive
683 3685 701 3726 a
723 3665 860 3738 Christo,
884 3664 948 3722 sive

60 3783 148 3824 hathoni
162 3794 213 3833 opp.
226 3783 254 3826 v.
267 3783 295 3823 Α.
309 3782 338 3822 ad
352 3783 393 3823 rel.
406 3781 459 3824 bist.
471 3783 487 3826 l.
501 3793 523 3832 ιι.
537 3781 586 3824 Vol.
600 3781 628 3822 V·
846 3743 866 3810 2
