<?xml version="1.0" encoding="UTF-8"?>
<!DOCTYPE html PUBLIC "-//W3C//DTD XHTML 1.0 Transitional//EN"
    "http://www.w3.org/TR/xhtml1/DTD/xhtml1-transitional.dtd">
<html xmlns="http://www.w3.org/1999/xhtml" xml:lang="en" lang="en">
 <head>
  <title>
</title>
<meta http-equiv="Content-Type" content="text/html;charset=utf-8" />
  <meta name='ocr-system' content='tesseract 3.04.00' />
  <meta name='ocr-capabilities' content='ocr_page ocr_carea ocr_par ocr_line ocrx_word'/>
</head>
<body>
  <div class='ocr_page' id='page_1' title='image "./operalatinavari03schmgoog_0077.png"; bbox 0 0 2254 4008; ppageno 0'>
   <div class='ocr_carea' id='block_1_1' title="bbox 154 171 829 245">
    <p class='ocr_par' dir='ltr' id='par_1_1' title="bbox 154 171 829 245">
     <span class='ocr_line' id='line_1_1' title="bbox 154 171 829 245; baseline 0.001 -15"><span class='ocrx_word' id='word_1_1' title='bbox 154 173 199 240; x_wconf 80' lang='grc'><strong>66</strong></span> <span class='ocrx_word' id='word_1_2' title='bbox 417 175 460 230; x_wconf 84' lang='lat' dir='ltr'><strong>De</strong></span> <span class='ocrx_word' id='word_1_3' title='bbox 478 171 555 245; x_wconf 72' lang='lat' dir='ltr'><strong>bapt</strong></span> <span class='ocrx_word' id='word_1_4' title='bbox 573 175 672 244; x_wconf 74' lang='lat' dir='ltr'><strong>›Bebyl</strong></span> <span class='ocrx_word' id='word_1_5' title='bbox 691 177 829 232; x_wconf 72' lang='lat' dir='ltr'><strong>Ecclesiae</strong></span> 
     </span>
    </p>
   </div>
   <div class='ocr_carea' id='block_1_2' title="bbox 121 327 1109 658">
    <p class='ocr_par' dir='ltr' id='par_1_2' title="bbox 134 327 1109 494">
     <span class='ocr_line' id='line_1_2' title="bbox 134 327 1068 409; baseline -0.005 -19"><span class='ocrx_word' id='word_1_6' title='bbox 134 328 229 390; x_wconf 82' lang='lat' dir='ltr'><strong>&#39;fides</strong></span> <span class='ocrx_word' id='word_1_7' title='bbox 250 348 322 389; x_wconf 87' lang='lat' dir='ltr'><strong>vere</strong></span> <span class='ocrx_word' id='word_1_8' title='bbox 342 331 382 388; x_wconf 88' lang='lat' dir='ltr'><strong>sit</strong></span> <span class='ocrx_word' id='word_1_9' title='bbox 405 349 485 400; x_wconf 88' lang='lat' dir='ltr'><strong>mors</strong></span> <span class='ocrx_word' id='word_1_10' title='bbox 509 337 539 390; x_wconf 90' lang='lat' dir='ltr'><strong>et</strong></span> <span class='ocrx_word' id='word_1_11' title='bbox 559 333 751 409; x_wconf 85' lang='lat' dir='ltr'><strong>resurreetio,</strong></span> <span class='ocrx_word' id='word_1_12' title='bbox 774 331 835 391; x_wconf 89' lang='lat' dir='ltr'><strong>hoo</strong></span> <span class='ocrx_word' id='word_1_13' title='bbox 846 337 900 406; x_wconf 85' lang='lat' dir='ltr'><strong>est,</strong></span> <span class='ocrx_word' id='word_1_14' title='bbox 911 327 1068 408; x_wconf 83' lang='lat' dir='ltr'><strong>spiritualis</strong></span> 
     </span>
     <span class='ocr_line' id='line_1_3' title="bbox 152 413 1109 494; baseline -0.001 -22"><span class='ocrx_word' id='word_1_15' title='bbox 152 413 204 472; x_wconf 89' lang='lat' dir='ltr'><strong>ille</strong></span> <span class='ocrx_word' id='word_1_16' title='bbox 227 413 410 492; x_wconf 85' lang='lat' dir='ltr'><strong>baptismus,</strong></span> <span class='ocrx_word' id='word_1_17' title='bbox 433 431 493 492; x_wconf 92' lang='lat' dir='ltr'><strong>quo</strong></span> <span class='ocrx_word' id='word_1_18' title='bbox 516 415 723 494; x_wconf 77' lang='lat' dir='ltr'><strong>immergimur</strong></span> <span class='ocrx_word' id='word_1_19' title='bbox 745 422 775 472; x_wconf 89' lang='lat' dir='ltr'><strong>et</strong></span> <span class='ocrx_word' id='word_1_20' title='bbox 798 415 994 492; x_wconf 81' lang='lat' dir='ltr'><strong>emergimus.</strong></span> <span class='ocrx_word' id='word_1_21' title='bbox 1108 431 1109 434; x_wconf 45' lang='lat'>¹</span> 
     </span>
    </p>

    <p class='ocr_par' dir='ltr' id='par_1_3' title="bbox 121 495 1069 576">
     <span class='ocr_line' id='line_1_4' title="bbox 121 495 1069 576; baseline -0.001 -22"><span class='ocrx_word' id='word_1_22' title='bbox 121 497 123 504; x_wconf 81' lang='grc'>’</span> <span class='ocrx_word' id='word_1_23' title='bbox 236 495 325 571; x_wconf 79' lang='lat' dir='ltr'><strong>Quod</strong></span> <span class='ocrx_word' id='word_1_24' title='bbox 364 515 438 576; x_wconf 85' lang='lat' dir='ltr'><strong>ergo</strong></span> <span class='ocrx_word' id='word_1_25' title='bbox 468 497 620 576; x_wconf 85' lang='lat' dir='ltr'><strong>baptismo</strong></span> <span class='ocrx_word' id='word_1_26' title='bbox 654 498 792 556; x_wconf 89' lang='lat' dir='ltr'><strong>tribuitur</strong></span> <span class='ocrx_word' id='word_1_27' title='bbox 814 495 928 556; x_wconf 88' lang='lat' dir='ltr'><strong>ablutio</strong></span> <span class='ocrx_word' id='word_1_28' title='bbox 965 513 1069 574; x_wconf 83' lang='lat' dir='ltr'><strong>aper·</strong></span> 
     </span>
    </p>

    <p class='ocr_par' dir='ltr' id='par_1_4' title="bbox 152 579 1070 658">
     <span class='ocr_line' id='line_1_5' title="bbox 152 579 1070 658; baseline -0.002 -20"><span class='ocrx_word' id='word_1_29' title='bbox 152 580 244 656; x_wconf 85' lang='lat' dir='ltr'><strong>ontis,</strong></span> <span class='ocrx_word' id='word_1_30' title='bbox 267 599 339 638; x_wconf 87' lang='lat' dir='ltr'><strong>vere</strong></span> <span class='ocrx_word' id='word_1_31' title='bbox 362 579 483 657; x_wconf 87' lang='lat' dir='ltr'><strong>quidem</strong></span> <span class='ocrx_word' id='word_1_32' title='bbox 509 581 661 658; x_wconf 89' lang='lat' dir='ltr'><strong>tribuitur,</strong></span> <span class='ocrx_word' id='word_1_33' title='bbox 691 581 744 639; x_wconf 89' lang='lat' dir='ltr'><strong>sed</strong></span> <span class='ocrx_word' id='word_1_34' title='bbox 773 581 883 639; x_wconf 87' lang='lat' dir='ltr'><strong>lentior</strong></span> <span class='ocrx_word' id='word_1_35' title='bbox 903 588 934 637; x_wconf 87' lang='lat' dir='ltr'><strong>et</strong></span> <span class='ocrx_word' id='word_1_36' title='bbox 956 579 1070 638; x_wconf 86' lang='lat' dir='ltr'><strong>mollior</strong></span> 
     </span>
    </p>
   </div>
   <div class='ocr_carea' id='block_1_3' title="bbox 50 661 1070 743">
    <p class='ocr_par' dir='ltr' id='par_1_5' title="bbox 50 661 1070 743">
     <span class='ocr_line' id='line_1_6' title="bbox 50 661 1070 743; baseline -0.004 -21"><span class='ocrx_word' id='word_1_37' title='bbox 50 707 56 712; x_wconf 82' lang='grc'><strong>-</strong></span> <span class='ocrx_word' id='word_1_38' title='bbox 152 671 198 722; x_wconf 86' lang='lat' dir='ltr'><strong>ost</strong></span> <span class='ocrx_word' id='word_1_39' title='bbox 220 662 421 742; x_wconf 73' lang='lat' dir='ltr'><strong>significatio,</strong></span> <span class='ocrx_word' id='word_1_40' title='bbox 453 681 545 743; x_wconf 84' lang='lat' dir='ltr'><strong>quarn</strong></span> <span class='ocrx_word' id='word_1_41' title='bbox 575 671 607 722; x_wconf 95' lang='lat' dir='ltr'><strong>ut</strong></span> <span class='ocrx_word' id='word_1_42' title='bbox 629 663 811 742; x_wconf 87' lang='lat' dir='ltr'><strong>baptismum</strong></span> <span class='ocrx_word' id='word_1_43' title='bbox 834 663 1001 742; x_wconf 85' lang='lat' dir='ltr'><strong>exprimet,</strong></span> <span class='ocrx_word' id='word_1_44' title='bbox 1024 661 1070 738; x_wconf 90' lang='lat' dir='ltr'><strong>qui</strong></span> 
     </span>
    </p>
   </div>
   <div class='ocr_carea' id='block_1_4' title="bbox 149 743 1077 3732">
    <p class='ocr_par' dir='ltr' id='par_1_6' title="bbox 149 743 1076 2070">
     <span class='ocr_line' id='line_1_7' title="bbox 152 743 1070 826; baseline -0.003 -21"><span class='ocrx_word' id='word_1_45' title='bbox 152 747 254 824; x_wconf 87' lang='lat' dir='ltr'><strong>potius</strong></span> <span class='ocrx_word' id='word_1_46' title='bbox 276 746 382 805; x_wconf 89' lang='lat' dir='ltr'><strong>mortis</strong></span> <span class='ocrx_word' id='word_1_47' title='bbox 405 758 435 804; x_wconf 86' lang='lat' dir='ltr'><strong>et</strong></span> <span class='ocrx_word' id='word_1_48' title='bbox 455 748 687 805; x_wconf 85' lang='lat' dir='ltr'><strong>resurreetionis</strong></span> <span class='ocrx_word' id='word_1_49' title='bbox 709 747 881 826; x_wconf 87' lang='lat' dir='ltr'><strong>symbolum</strong></span> <span class='ocrx_word' id='word_1_50' title='bbox 911 752 965 806; x_wconf 86' lang='lat' dir='ltr'><strong>est.</strong></span> <span class='ocrx_word' id='word_1_51' title='bbox 1008 743 1070 804; x_wconf 88' lang='lat' dir='ltr'><strong>Hae</strong></span> 
     </span>
     <span class='ocr_line' id='line_1_8' title="bbox 150 829 1069 908; baseline -0.001 -21"><span class='ocrx_word' id='word_1_52' title='bbox 150 830 269 888; x_wconf 86' lang='lat' dir='ltr'><strong>ratione</strong></span> <span class='ocrx_word' id='word_1_53' title='bbox 296 836 395 888; x_wconf 90' lang='lat' dir='ltr'><strong>motus</strong></span> <span class='ocrx_word' id='word_1_54' title='bbox 419 829 526 887; x_wconf 90' lang='lat' dir='ltr'><strong>vellem</strong></span> <span class='ocrx_word' id='word_1_55' title='bbox 550 829 749 908; x_wconf 88' lang='lat' dir='ltr'><strong>baptisandos</strong></span> <span class='ocrx_word' id='word_1_56' title='bbox 770 831 891 908; x_wconf 88' lang='lat' dir='ltr'><strong>penitus</strong></span> <span class='ocrx_word' id='word_1_57' title='bbox 913 830 1069 905; x_wconf 82' lang='lat' dir='ltr'><strong>inaquam</strong></span> 
     </span>
     <span class='ocr_line' id='line_1_9' title="bbox 149 912 1069 994; baseline -0.003 -24"><span class='ocrx_word' id='word_1_58' title='bbox 149 913 298 994; x_wconf 77' lang='lat' dir='ltr'><strong>immergi,</strong></span> <span class='ocrx_word' id='word_1_59' title='bbox 322 914 400 971; x_wconf 89' lang='lat' dir='ltr'><strong>siout</strong></span> <span class='ocrx_word' id='word_1_60' title='bbox 423 913 706 971; x_wconf 87' lang='lat' dir='ltr'><strong>sonatvooebulum</strong></span> <span class='ocrx_word' id='word_1_61' title='bbox 730 919 760 971; x_wconf 89' lang='lat' dir='ltr'><strong>et</strong></span> <span class='ocrx_word' id='word_1_62' title='bbox 771 913 873 990; x_wconf 86' lang='lat' dir='ltr'><strong>signat</strong></span> <span class='ocrx_word' id='word_1_63' title='bbox 888 912 1069 990; x_wconf 86' lang='lat' dir='ltr'><strong>mysterium,</strong></span> 
     </span>
     <span class='ocr_line' id='line_1_10' title="bbox 149 993 1069 1075; baseline -0.001 -23"><span class='ocrx_word' id='word_1_64' title='bbox 149 1013 213 1053; x_wconf 91' lang='lat' dir='ltr'><strong>non</strong></span> <span class='ocrx_word' id='word_1_65' title='bbox 234 995 316 1072; x_wconf 91' lang='lat' dir='ltr'><strong>quod</strong></span> <span class='ocrx_word' id='word_1_66' title='bbox 340 995 546 1054; x_wconf 77' lang='lat' dir='ltr'><strong>necessarium</strong></span> <span class='ocrx_word' id='word_1_67' title='bbox 570 996 712 1075; x_wconf 86' lang='lat' dir='ltr'><strong>arbitrer,</strong></span> <span class='ocrx_word' id='word_1_68' title='bbox 734 995 787 1054; x_wconf 91' lang='lat' dir='ltr'><strong>sed</strong></span> <span class='ocrx_word' id='word_1_69' title='bbox 811 994 893 1073; x_wconf 92' lang='lat' dir='ltr'><strong>quod</strong></span> <span class='ocrx_word' id='word_1_70' title='bbox 915 993 1069 1073; x_wconf 75' lang='lat' dir='ltr'><strong>pulchrum</strong></span> 
     </span>
     <span class='ocr_line' id='line_1_11' title="bbox 150 1078 1070 1157; baseline -0.001 -22"><span class='ocrx_word' id='word_1_71' title='bbox 150 1078 243 1152; x_wconf 87' lang='lat' dir='ltr'><strong>foret,</strong></span> <span class='ocrx_word' id='word_1_72' title='bbox 279 1079 321 1136; x_wconf 88' lang='lat' dir='ltr'><strong>rei</strong></span> <span class='ocrx_word' id='word_1_73' title='bbox 345 1086 405 1136; x_wconf 87' lang='lat' dir='ltr'><strong>tarn</strong></span> <span class='ocrx_word' id='word_1_74' title='bbox 428 1079 581 1156; x_wconf 76' lang='lat' dir='ltr'><strong>perfectae</strong></span> <span class='ocrx_word' id='word_1_75' title='bbox 604 1089 633 1136; x_wconf 90' lang='lat' dir='ltr'><strong>et</strong></span> <span class='ocrx_word' id='word_1_76' title='bbox 655 1078 767 1157; x_wconf 77' lang='lat' dir='ltr'><strong>plenae</strong></span> <span class='ocrx_word' id='word_1_77' title='bbox 805 1081 925 1156; x_wconf 83' lang='lat' dir='ltr'><strong>signum</strong></span> <span class='ocrx_word' id='word_1_78' title='bbox 952 1094 1070 1155; x_wconf 88' lang='lat' dir='ltr'><strong>quoque</strong></span> 
     </span>
     <span class='ocr_line' id='line_1_12' title="bbox 150 1160 1073 1238; baseline 0 -20"><span class='ocrx_word' id='word_1_79' title='bbox 150 1160 273 1238; x_wconf 87' lang='lat' dir='ltr'><strong>plenum</strong></span> <span class='ocrx_word' id='word_1_80' title='bbox 304 1169 335 1219; x_wconf 88' lang='lat' dir='ltr'><strong>et</strong></span> <span class='ocrx_word' id='word_1_81' title='bbox 364 1163 530 1238; x_wconf 83' lang='lat' dir='ltr'><strong>perfeetum</strong></span> <span class='ocrx_word' id='word_1_82' title='bbox 558 1160 639 1238; x_wconf 84' lang='lat' dir='ltr'><strong>deri,</strong></span> <span class='ocrx_word' id='word_1_83' title='bbox 672 1162 750 1219; x_wconf 84' lang='lat' dir='ltr'><strong>siout</strong></span> <span class='ocrx_word' id='word_1_84' title='bbox 781 1167 811 1218; x_wconf 88' lang='lat' dir='ltr'><strong>et</strong></span> <span class='ocrx_word' id='word_1_85' title='bbox 837 1163 1006 1219; x_wconf 90' lang='lat' dir='ltr'><strong>institutum</strong></span> <span class='ocrx_word' id='word_1_86' title='bbox 1029 1165 1073 1218; x_wconf 86' lang='lat' dir='ltr'><strong>est</strong></span> 
     </span>
     <span class='ocr_line' id='line_1_13' title="bbox 150 1242 1073 1304; baseline 0 -4"><span class='ocrx_word' id='word_1_87' title='bbox 150 1244 216 1301; x_wconf 88' lang='lat' dir='ltr'><strong>sine</strong></span> <span class='ocrx_word' id='word_1_88' title='bbox 239 1242 330 1302; x_wconf 92' lang='lat' dir='ltr'><strong>dubio</strong></span> <span class='ocrx_word' id='word_1_89' title='bbox 353 1263 371 1302; x_wconf 78' lang='lat' dir='ltr'><strong>e</strong></span> <span class='ocrx_word' id='word_1_90' title='bbox 394 1243 522 1304; x_wconf 83' lang='lat' dir='ltr'><strong>Christo.</strong></span> <span class='ocrx_word' id='word_1_91' title='bbox 567 1245 715 1302; x_wconf 84' lang='lat' dir='ltr'><strong>Peooetor</strong></span> <span class='ocrx_word' id='word_1_92' title='bbox 744 1245 822 1302; x_wconf 89' lang='lat' dir='ltr'><strong>enim</strong></span> <span class='ocrx_word' id='word_1_93' title='bbox 846 1251 918 1302; x_wconf 83' lang='lat' dir='ltr'><strong>‘uon</strong></span> <span class='ocrx_word' id='word_1_94' title='bbox 940 1252 1001 1302; x_wconf 86' lang='lat' dir='ltr'><strong>tarn</strong></span> <span class='ocrx_word' id='word_1_95' title='bbox 1026 1242 1073 1300; x_wconf 87' lang='lat' dir='ltr'><strong>ab·</strong></span> 
     </span>
     <span class='ocr_line' id='line_1_14' title="bbox 149 1325 1071 1404; baseline -0.001 -20"><span class='ocrx_word' id='word_1_96' title='bbox 149 1325 203 1401; x_wconf 90' lang='lat' dir='ltr'><strong>lui,</strong></span> <span class='ocrx_word' id='word_1_97' title='bbox 223 1343 316 1404; x_wconf 83' lang='lat' dir='ltr'><strong>quam</strong></span> <span class='ocrx_word' id='word_1_98' title='bbox 339 1327 416 1385; x_wconf 91' lang='lat' dir='ltr'><strong>mori</strong></span> <span class='ocrx_word' id='word_1_99' title='bbox 440 1327 546 1402; x_wconf 88' lang='lat' dir='ltr'><strong>debet,</strong></span> <span class='ocrx_word' id='word_1_100' title='bbox 576 1335 608 1385; x_wconf 87' lang='lat' dir='ltr'><strong>ut</strong></span> <span class='ocrx_word' id='word_1_101' title='bbox 635 1333 717 1386; x_wconf 90' lang='lat' dir='ltr'><strong>totus</strong></span> <span class='ocrx_word' id='word_1_102' title='bbox 746 1335 909 1385; x_wconf 86' lang='lat' dir='ltr'><strong>renovetur</strong></span> <span class='ocrx_word' id='word_1_103' title='bbox 931 1327 961 1384; x_wconf 90' lang='lat' dir='ltr'><strong>in</strong></span> <span class='ocrx_word' id='word_1_104' title='bbox 985 1327 1071 1384; x_wconf 87' lang='lat' dir='ltr'><strong>aliam</strong></span> 
     </span>
     <span class='ocr_line' id='line_1_15' title="bbox 150 1409 1072 1485; baseline -0.001 -18"><span class='ocrx_word' id='word_1_105' title='bbox 150 1417 335 1485; x_wconf 84' lang='lat' dir='ltr'><strong>ereaturam,</strong></span> <span class='ocrx_word' id='word_1_106' title='bbox 363 1417 394 1467; x_wconf 87' lang='lat' dir='ltr'><strong>et</strong></span> <span class='ocrx_word' id='word_1_107' title='bbox 417 1419 447 1467; x_wconf 88' lang='lat' dir='ltr'><strong>ut</strong></span> <span class='ocrx_word' id='word_1_108' title='bbox 477 1411 565 1468; x_wconf 88' lang='lat' dir='ltr'><strong>morti</strong></span> <span class='ocrx_word' id='word_1_109' title='bbox 589 1429 625 1467; x_wconf 87' lang='lat' dir='ltr'><strong>eo</strong></span> <span class='ocrx_word' id='word_1_110' title='bbox 652 1410 865 1468; x_wconf 80' lang='lat' dir='ltr'><strong>resurrectioni</strong></span> <span class='ocrx_word' id='word_1_111' title='bbox 895 1409 1005 1468; x_wconf 75' lang='lat' dir='ltr'><strong>Christi</strong></span> <span class='ocrx_word' id='word_1_112' title='bbox 1031 1427 1072 1466; x_wconf 90' lang='lat' dir='ltr'><strong>re·</strong></span> 
     </span>
     <span class='ocr_line' id='line_1_16' title="bbox 150 1491 1072 1571; baseline 0.001 -22"><span class='ocrx_word' id='word_1_113' title='bbox 150 1491 319 1570; x_wconf 88' lang='lat' dir='ltr'><strong>spondeat,</strong></span> <span class='ocrx_word' id='word_1_114' title='bbox 347 1494 395 1550; x_wconf 93' lang='lat' dir='ltr'><strong>oui</strong></span> <span class='ocrx_word' id='word_1_115' title='bbox 417 1511 472 1571; x_wconf 90' lang='lat' dir='ltr'><strong>per</strong></span> <span class='ocrx_word' id='word_1_116' title='bbox 495 1492 676 1571; x_wconf 85' lang='lat' dir='ltr'><strong>baptismum</strong></span> <span class='ocrx_word' id='word_1_117' title='bbox 700 1494 898 1552; x_wconf 71' lang='lat' dir='ltr'><strong>commoritur</strong></span> <span class='ocrx_word' id='word_1_118' title='bbox 921 1499 951 1550; x_wconf 88' lang='lat' dir='ltr'><strong>et</strong></span> <span class='ocrx_word' id='word_1_119' title='bbox 974 1509 1072 1550; x_wconf 84' lang='lat' dir='ltr'><strong>eorre-</strong></span> 
     </span>
     <span class='ocr_line' id='line_1_17' title="bbox 150 1574 1072 1654; baseline 0 -22"><span class='ocrx_word' id='word_1_120' title='bbox 150 1575 256 1654; x_wconf 80' lang='lat' dir='ltr'><strong>surgit.</strong></span> <span class='ocrx_word' id='word_1_121' title='bbox 299 1574 382 1634; x_wconf 86' lang='lat' dir='ltr'><strong>Lioet</strong></span> <span class='ocrx_word' id='word_1_122' title='bbox 405 1577 484 1647; x_wconf 80' lang='lat' dir='ltr'><strong>euim</strong></span> <span class='ocrx_word' id='word_1_123' title='bbox 509 1577 608 1653; x_wconf 91' lang='lat' dir='ltr'><strong>possis</strong></span> <span class='ocrx_word' id='word_1_124' title='bbox 631 1575 781 1634; x_wconf 78' lang='lat' dir='ltr'><strong>Christum</strong></span> <span class='ocrx_word' id='word_1_125' title='bbox 810 1576 911 1634; x_wconf 88' lang='lat' dir='ltr'><strong>dioere</strong></span> <span class='ocrx_word' id='word_1_126' title='bbox 939 1575 1072 1634; x_wconf 80' lang='lat' dir='ltr'><strong>ablutum</strong></span> 
     </span>
     <span class='ocr_line' id='line_1_18' title="bbox 150 1658 1072 1738; baseline 0 -22"><span class='ocrx_word' id='word_1_127' title='bbox 150 1676 169 1716; x_wconf 87' lang='lat' dir='ltr'><strong>a</strong></span> <span class='ocrx_word' id='word_1_128' title='bbox 191 1658 386 1734; x_wconf 81' lang='lat' dir='ltr'><strong>mortalitate,</strong></span> <span class='ocrx_word' id='word_1_129' title='bbox 408 1659 479 1724; x_wconf 85' lang='lat' dir='ltr'><strong>dum</strong></span> <span class='ocrx_word' id='word_1_130' title='bbox 494 1667 629 1718; x_wconf 91' lang='lat' dir='ltr'><strong>mortuus</strong></span> <span class='ocrx_word' id='word_1_131' title='bbox 652 1665 699 1718; x_wconf 84' lang='lat' dir='ltr'><strong>est</strong></span> <span class='ocrx_word' id='word_1_132' title='bbox 712 1666 743 1717; x_wconf 91' lang='lat' dir='ltr'><strong>et</strong></span> <span class='ocrx_word' id='word_1_133' title='bbox 753 1659 928 1734; x_wconf 86' lang='lat' dir='ltr'><strong>resurrexit,</strong></span> <span class='ocrx_word' id='word_1_134' title='bbox 952 1659 1072 1738; x_wconf 87' lang='lat' dir='ltr'><strong>segnius</strong></span> 
     </span>
     <span class='ocr_line' id='line_1_19' title="bbox 151 1740 1073 1819; baseline 0 -20"><span class='ocrx_word' id='word_1_135' title='bbox 151 1747 253 1800; x_wconf 88' lang='lat' dir='ltr'><strong>tamen</strong></span> <span class='ocrx_word' id='word_1_136' title='bbox 277 1740 406 1817; x_wconf 85' lang='lat' dir='ltr'><strong>dixeris,</strong></span> <span class='ocrx_word' id='word_1_137' title='bbox 431 1760 521 1819; x_wconf 87' lang='lat' dir='ltr'><strong>quam</strong></span> <span class='ocrx_word' id='word_1_138' title='bbox 545 1744 569 1800; x_wconf 85' lang='lat' dir='ltr'><strong>si</strong></span> <span class='ocrx_word' id='word_1_139' title='bbox 592 1744 622 1799; x_wconf 90' lang='lat' dir='ltr'><strong>iu</strong></span> <span class='ocrx_word' id='word_1_140' title='bbox 645 1748 741 1800; x_wconf 88' lang='lat' dir='ltr'><strong>totum</strong></span> <span class='ocrx_word' id='word_1_141' title='bbox 765 1749 913 1800; x_wconf 88' lang='lat' dir='ltr'><strong>mutatum</strong></span> <span class='ocrx_word' id='word_1_142' title='bbox 937 1749 967 1800; x_wconf 87' lang='lat' dir='ltr'><strong>ot</strong></span> <span class='ocrx_word' id='word_1_143' title='bbox 988 1758 1073 1800; x_wconf 89' lang='lat' dir='ltr'><strong>reno·</strong></span> 
     </span>
     <span class='ocr_line' id='line_1_20' title="bbox 153 1823 1075 1904; baseline 0 -23"><span class='ocrx_word' id='word_1_144' title='bbox 153 1830 256 1882; x_wconf 87' lang='lat' dir='ltr'><strong>vatum</strong></span> <span class='ocrx_word' id='word_1_145' title='bbox 282 1823 406 1900; x_wconf 87' lang='lat' dir='ltr'><strong>dixeris,</strong></span> <span class='ocrx_word' id='word_1_146' title='bbox 428 1825 470 1884; x_wconf 87' lang='lat' dir='ltr'><strong>ite</strong></span> <span class='ocrx_word' id='word_1_147' title='bbox 493 1825 648 1884; x_wconf 82' lang='lat' dir='ltr'><strong>ardentius</strong></span> <span class='ocrx_word' id='word_1_148' title='bbox 671 1834 726 1901; x_wconf 88' lang='lat' dir='ltr'><strong>est,</strong></span> <span class='ocrx_word' id='word_1_149' title='bbox 749 1829 803 1904; x_wconf 87' lang='lat' dir='ltr'><strong>per</strong></span> <span class='ocrx_word' id='word_1_150' title='bbox 816 1824 999 1902; x_wconf 86' lang='lat' dir='ltr'><strong>baptismum</strong></span> <span class='ocrx_word' id='word_1_151' title='bbox 1021 1841 1075 1882; x_wconf 86' lang='lat' dir='ltr'><strong>uos</strong></span> 
     </span>
     <span class='ocr_line' id='line_1_21' title="bbox 151 1906 1076 1990; baseline 0 -25"><span class='ocrx_word' id='word_1_152' title='bbox 151 1906 470 1990; x_wconf 77' lang='lat' dir='ltr'><strong>significariomnibus</strong></span> <span class='ocrx_word' id='word_1_153' title='bbox 493 1909 592 1967; x_wconf 90' lang='lat' dir='ltr'><strong>modis</strong></span> <span class='ocrx_word' id='word_1_154' title='bbox 617 1909 916 1986; x_wconf 76' lang='lat' dir='ltr'><strong>morietresurgere</strong></span> <span class='ocrx_word' id='word_1_155' title='bbox 936 1910 966 1966; x_wconf 91' lang='lat' dir='ltr'><strong>in</strong></span> <span class='ocrx_word' id='word_1_156' title='bbox 985 1913 1076 1967; x_wconf 84' lang='lat' dir='ltr'><strong>aeter·</strong></span> 
     </span>
     <span class='ocr_line' id='line_1_22' title="bbox 150 1991 777 2070; baseline 0.006 -22"><span class='ocrx_word' id='word_1_157' title='bbox 150 2008 222 2048; x_wconf 86' lang='lat' dir='ltr'><strong>uem</strong></span> <span class='ocrx_word' id='word_1_158' title='bbox 249 1991 353 2066; x_wconf 87' lang='lat' dir='ltr'><strong>vitam,</strong></span> <span class='ocrx_word' id='word_1_159' title='bbox 375 2007 466 2068; x_wconf 89' lang='lat' dir='ltr'><strong>quam</strong></span> <span class='ocrx_word' id='word_1_160' title='bbox 490 1991 570 2050; x_wconf 82' lang='lat' dir='ltr'><strong>ablui</strong></span> <span class='ocrx_word' id='word_1_161' title='bbox 593 2009 612 2050; x_wconf 87' lang='lat' dir='ltr'><strong>s</strong></span> <span class='ocrx_word' id='word_1_162' title='bbox 633 1992 777 2070; x_wconf 86' lang='lat' dir='ltr'><strong>peooatis.</strong></span> 
     </span>
    </p>

    <p class='ocr_par' dir='ltr' id='par_1_7' title="bbox 149 2071 1077 3132">
     <span class='ocr_line' id='line_1_23' title="bbox 234 2071 1075 2152; baseline 0.004 -23"><span class='ocrx_word' id='word_1_163' title='bbox 234 2071 292 2130; x_wconf 91' lang='lat' dir='ltr'><strong>Hio</strong></span> <span class='ocrx_word' id='word_1_164' title='bbox 314 2074 421 2131; x_wconf 88' lang='lat' dir='ltr'><strong>iterum</strong></span> <span class='ocrx_word' id='word_1_165' title='bbox 435 2073 530 2150; x_wconf 88' lang='lat' dir='ltr'><strong>vides,</strong></span> <span class='ocrx_word' id='word_1_166' title='bbox 553 2075 694 2152; x_wconf 89' lang='lat' dir='ltr'><strong>baptismi</strong></span> <span class='ocrx_word' id='word_1_167' title='bbox 717 2081 957 2151; x_wconf 80' lang='lat' dir='ltr'><strong>sacramentum,</strong></span> <span class='ocrx_word' id='word_1_168' title='bbox 986 2073 1075 2132; x_wconf 80' lang='lat' dir='ltr'><strong>etiam</strong></span> 
     </span>
     <span class='ocr_line' id='line_1_24' title="bbox 152 2154 1075 2234; baseline -0.001 -20"><span class='ocrx_word' id='word_1_169' title='bbox 152 2154 254 2233; x_wconf 87' lang='lat' dir='ltr'><strong>quoad</strong></span> <span class='ocrx_word' id='word_1_170' title='bbox 282 2156 418 2234; x_wconf 81' lang='lat' dir='ltr'><strong>signum,</strong></span> <span class='ocrx_word' id='word_1_171' title='bbox 462 2175 523 2216; x_wconf 90' lang='lat' dir='ltr'><strong>uon</strong></span> <span class='ocrx_word' id='word_1_172' title='bbox 559 2176 627 2216; x_wconf 86' lang='lat' dir='ltr'><strong>esse</strong></span> <span class='ocrx_word' id='word_1_173' title='bbox 660 2165 929 2216; x_wconf 75' lang='lat' dir='ltr'><strong>momentaneum·</strong></span> <span class='ocrx_word' id='word_1_174' title='bbox 953 2155 1075 2234; x_wconf 83' lang='lat' dir='ltr'><strong>aliquod</strong></span> 
     </span>
     <span class='ocr_line' id='line_1_25' title="bbox 151 2237 1076 2319; baseline 0.001 -24"><span class='ocrx_word' id='word_1_175' title='bbox 151 2238 324 2316; x_wconf 83' lang='lat' dir='ltr'><strong>negotium,</strong></span> <span class='ocrx_word' id='word_1_176' title='bbox 364 2237 416 2297; x_wconf 86' lang='lat' dir='ltr'><strong>sed</strong></span> <span class='ocrx_word' id='word_1_177' title='bbox 448 2247 637 2319; x_wconf 87' lang='lat' dir='ltr'><strong>perpetuum.</strong></span> <span class='ocrx_word' id='word_1_178' title='bbox 689 2241 775 2299; x_wconf 84' lang='lat' dir='ltr'><strong>Lioet</strong></span> <span class='ocrx_word' id='word_1_179' title='bbox 802 2241 882 2300; x_wconf 86' lang='lat' dir='ltr'><strong>enirn</strong></span> <span class='ocrx_word' id='word_1_180' title='bbox 911 2259 984 2298; x_wconf 89' lang='lat' dir='ltr'><strong>usus</strong></span> <span class='ocrx_word' id='word_1_181' title='bbox 1012 2239 1076 2297; x_wconf 88' lang='lat' dir='ltr'><strong>eius</strong></span> 
     </span>
     <span class='ocr_line' id='line_1_26' title="bbox 151 2321 1077 2403; baseline 0.001 -25"><span class='ocrx_word' id='word_1_182' title='bbox 151 2321 252 2380; x_wconf 90' lang='lat' dir='ltr'><strong>subito</strong></span> <span class='ocrx_word' id='word_1_183' title='bbox 281 2328 433 2398; x_wconf 86' lang='lat' dir='ltr'><strong>transeat,</strong></span> <span class='ocrx_word' id='word_1_184' title='bbox 473 2331 574 2382; x_wconf 86' lang='lat' dir='ltr'><strong>temen</strong></span> <span class='ocrx_word' id='word_1_185' title='bbox 610 2343 658 2382; x_wconf 85' lang='lat' dir='ltr'><strong>res</strong></span> <span class='ocrx_word' id='word_1_186' title='bbox 689 2327 757 2403; x_wconf 85' lang='lat' dir='ltr'><strong>ipsa</strong></span> <span class='ocrx_word' id='word_1_187' title='bbox 790 2322 960 2403; x_wconf 85' lang='lat' dir='ltr'><strong>signifieata</strong></span> <span class='ocrx_word' id='word_1_188' title='bbox 990 2321 1077 2380; x_wconf 87' lang='lat' dir='ltr'><strong>durat</strong></span> 
     </span>
     <span class='ocr_line' id='line_1_27' title="bbox 152 2403 1074 2482; baseline 0.001 -20"><span class='ocrx_word' id='word_1_189' title='bbox 152 2403 309 2482; x_wconf 87' lang='lat' dir='ltr'><strong>usquead</strong></span> <span class='ocrx_word' id='word_1_190' title='bbox 333 2412 469 2480; x_wconf 88' lang='lat' dir='ltr'><strong>mortem,</strong></span> <span class='ocrx_word' id='word_1_191' title='bbox 492 2408 554 2465; x_wconf 92' lang='lat' dir='ltr'><strong>imo</strong></span> <span class='ocrx_word' id='word_1_192' title='bbox 577 2408 830 2466; x_wconf 83' lang='lat' dir='ltr'><strong>resurreetiouem</strong></span> <span class='ocrx_word' id='word_1_193' title='bbox 853 2407 883 2464; x_wconf 90' lang='lat' dir='ltr'><strong>in</strong></span> <span class='ocrx_word' id='word_1_194' title='bbox 907 2407 1074 2477; x_wconf 76' lang='lat' dir='ltr'><strong>nouissimo</strong></span> 
     </span>
     <span class='ocr_line' id='line_1_28' title="bbox 151 2486 1075 2568; baseline 0 -22"><span class='ocrx_word' id='word_1_195' title='bbox 151 2486 209 2546; x_wconf 90' lang='lat' dir='ltr'><strong>die.</strong></span> <span class='ocrx_word' id='word_1_196' title='bbox 239 2486 412 2562; x_wconf 68' lang='lat' dir='ltr'><strong>»Quamdiu</strong></span> <span class='ocrx_word' id='word_1_197' title='bbox 447 2491 527 2548; x_wconf 90' lang='lat' dir='ltr'><strong>enim</strong></span> <span class='ocrx_word' id='word_1_198' title='bbox 556 2491 699 2568; x_wconf 85' lang='lat' dir='ltr'><strong>vivimus,</strong></span> <span class='ocrx_word' id='word_1_199' title='bbox 736 2507 858 2568; x_wconf 87' lang='lat' dir='ltr'><strong>semper</strong></span> <span class='ocrx_word' id='word_1_200' title='bbox 885 2490 915 2547; x_wconf 92' lang='lat' dir='ltr'><strong>id</strong></span> <span class='ocrx_word' id='word_1_201' title='bbox 947 2489 1075 2568; x_wconf 85' lang='lat' dir='ltr'><strong>agimus,</strong></span> 
     </span>
     <span class='ocr_line' id='line_1_29' title="bbox 151 2569 1074 2651; baseline 0 -22"><span class='ocrx_word' id='word_1_202' title='bbox 151 2570 233 2649; x_wconf 91' lang='lat' dir='ltr'><strong>quod</strong></span> <span class='ocrx_word' id='word_1_203' title='bbox 255 2569 423 2649; x_wconf 86' lang='lat' dir='ltr'><strong>baptismus</strong></span> <span class='ocrx_word' id='word_1_204' title='bbox 446 2572 607 2651; x_wconf 79' lang='lat' dir='ltr'><strong>signifieat,</strong></span> <span class='ocrx_word' id='word_1_205' title='bbox 630 2571 739 2650; x_wconf 87' lang='lat' dir='ltr'><strong>idest,</strong></span> <span class='ocrx_word' id='word_1_206' title='bbox 762 2575 907 2632; x_wconf 90' lang='lat' dir='ltr'><strong>morimur</strong></span> <span class='ocrx_word' id='word_1_207' title='bbox 929 2581 960 2631; x_wconf 90' lang='lat' dir='ltr'><strong>et</strong></span> <span class='ocrx_word' id='word_1_208' title='bbox 981 2591 1074 2631; x_wconf 87' lang='lat' dir='ltr'><strong>resur-</strong></span> 
     </span>
     <span class='ocr_line' id='line_1_30' title="bbox 151 2654 1075 2734; baseline 0.001 -23"><span class='ocrx_word' id='word_1_209' title='bbox 151 2654 261 2733; x_wconf 83' lang='lat' dir='ltr'><strong>gimus,</strong></span> <span class='ocrx_word' id='word_1_210' title='bbox 283 2655 439 2730; x_wconf 82' lang='lat' dir='ltr'><strong>morimur,</strong></span> <span class='ocrx_word' id='word_1_211' title='bbox 461 2659 596 2734; x_wconf 88' lang='lat' dir='ltr'><strong>inquam,</strong></span> <span class='ocrx_word' id='word_1_212' title='bbox 618 2675 679 2716; x_wconf 92' lang='lat' dir='ltr'><strong>uon</strong></span> <span class='ocrx_word' id='word_1_213' title='bbox 704 2663 819 2716; x_wconf 88' lang='lat' dir='ltr'><strong>tantum</strong></span> <span class='ocrx_word' id='word_1_214' title='bbox 834 2655 944 2715; x_wconf 82' lang='lat' dir='ltr'><strong>affeetu</strong></span> <span class='ocrx_word' id='word_1_215' title='bbox 969 2663 1000 2714; x_wconf 90' lang='lat' dir='ltr'><strong>et</strong></span> <span class='ocrx_word' id='word_1_216' title='bbox 1020 2657 1075 2734; x_wconf 90' lang='lat' dir='ltr'><strong>spi·</strong></span> 
     </span>
     <span class='ocr_line' id='line_1_31' title="bbox 150 2737 1074 2816; baseline 0.001 -22"><span class='ocrx_word' id='word_1_217' title='bbox 150 2737 315 2816; x_wconf 85' lang='lat' dir='ltr'><strong>ritualiter,</strong></span> <span class='ocrx_word' id='word_1_218' title='bbox 338 2755 399 2815; x_wconf 88' lang='lat' dir='ltr'><strong>quo</strong></span> <span class='ocrx_word' id='word_1_219' title='bbox 422 2741 565 2816; x_wconf 86' lang='lat' dir='ltr'><strong>poooetis·</strong></span> <span class='ocrx_word' id='word_1_220' title='bbox 580 2748 610 2799; x_wconf 92' lang='lat' dir='ltr'><strong>et</strong></span> <span class='ocrx_word' id='word_1_221' title='bbox 632 2739 820 2798; x_wconf 83' lang='lat' dir='ltr'><strong>vanitatibus</strong></span> <span class='ocrx_word' id='word_1_222' title='bbox 839 2739 943 2798; x_wconf 91' lang='lat' dir='ltr'><strong>mundi</strong></span> <span class='ocrx_word' id='word_1_223' title='bbox 965 2757 1074 2798; x_wconf 88' lang='lat' dir='ltr'><strong>renun-</strong></span> 
     </span>
     <span class='ocr_line' id='line_1_32' title="bbox 150 2820 1075 2902; baseline 0.001 -25"><span class='ocrx_word' id='word_1_224' title='bbox 150 2820 276 2896; x_wconf 86' lang='lat' dir='ltr'><strong>oiamus,</strong></span> <span class='ocrx_word' id='word_1_225' title='bbox 298 2820 352 2879; x_wconf 88' lang='lat' dir='ltr'><strong>sed</strong></span> <span class='ocrx_word' id='word_1_226' title='bbox 375 2840 481 2880; x_wconf 87' lang='lat' dir='ltr'><strong>revera</strong></span> <span class='ocrx_word' id='word_1_227' title='bbox 494 2825 585 2882; x_wconf 88' lang='lat' dir='ltr'><strong>vitam</strong></span> <span class='ocrx_word' id='word_1_228' title='bbox 609 2822 688 2882; x_wconf 85' lang='lat' dir='ltr'><strong>hano</strong></span> <span class='ocrx_word' id='word_1_229' title='bbox 699 2823 890 2902; x_wconf 77' lang='lat' dir='ltr'><strong>corporalem</strong></span> <span class='ocrx_word' id='word_1_230' title='bbox 914 2823 1075 2902; x_wconf 81' lang='lat' dir='ltr'><strong>incipimus</strong></span> 
     </span>
     <span class='ocr_line' id='line_1_33' title="bbox 150 2902 1075 2985; baseline 0.003 -26"><span class='ocrx_word' id='word_1_231' title='bbox 150 2902 335 2981; x_wconf 87' lang='lat' dir='ltr'><strong>relinquere,</strong></span> <span class='ocrx_word' id='word_1_232' title='bbox 369 2913 398 2962; x_wconf 91' lang='lat' dir='ltr'><strong>et</strong></span> <span class='ocrx_word' id='word_1_233' title='bbox 425 2905 554 2964; x_wconf 85' lang='lat' dir='ltr'><strong>futuram</strong></span> <span class='ocrx_word' id='word_1_234' title='bbox 586 2907 677 2964; x_wconf 86' lang='lat' dir='ltr'><strong>vitam</strong></span> <span class='ocrx_word' id='word_1_235' title='bbox 701 2906 948 2985; x_wconf 82' lang='lat' dir='ltr'><strong>apprehendere,</strong></span> <span class='ocrx_word' id='word_1_236' title='bbox 983 2905 1075 2964; x_wconf 86' lang='lat' dir='ltr'><strong>ut-sit</strong></span> 
     </span>
     <span class='ocr_line' id='line_1_34' title="bbox 149 2983 1074 3068; baseline 0.001 -25"><span class='ocrx_word' id='word_1_237' title='bbox 149 2983 239 3044; x_wconf 83' lang='lat' dir='ltr'><strong>raalio</strong></span> <span class='ocrx_word' id='word_1_238' title='bbox 264 2985 365 3064; x_wconf 86' lang='lat' dir='ltr'><strong>(quod</strong></span> <span class='ocrx_word' id='word_1_239' title='bbox 388 2985 509 3068; x_wconf 79' lang='lat' dir='ltr'><strong>dieunt)</strong></span> <span class='ocrx_word' id='word_1_240' title='bbox 534 2998 563 3047; x_wconf 89' lang='lat' dir='ltr'><strong>et</strong></span> <span class='ocrx_word' id='word_1_241' title='bbox 591 2991 759 3068; x_wconf 77' lang='lat' dir='ltr'><strong>corporalis</strong></span> <span class='ocrx_word' id='word_1_242' title='bbox 787 3008 910 3068; x_wconf 87' lang='lat' dir='ltr'><strong>quoque</strong></span> <span class='ocrx_word' id='word_1_243' title='bbox 931 2989 1074 3048; x_wconf 85' lang='lat' dir='ltr'><strong>transitus</strong></span> 
     </span>
     <span class='ocr_line' id='line_1_35' title="bbox 150 3069 621 3132; baseline 0.008 -5"><span class='ocrx_word' id='word_1_244' title='bbox 150 3082 191 3128; x_wconf 78' lang='lat' dir='ltr'><strong>ex</strong></span> <span class='ocrx_word' id='word_1_245' title='bbox 211 3069 272 3128; x_wconf 90' lang='lat' dir='ltr'><strong>hoo</strong></span> <span class='ocrx_word' id='word_1_246' title='bbox 292 3069 407 3128; x_wconf 89' lang='lat' dir='ltr'><strong>mundo</strong></span> <span class='ocrx_word' id='word_1_247' title='bbox 433 3070 472 3130; x_wconf 87' lang='lat' dir='ltr'><strong>ad</strong></span> <span class='ocrx_word' id='word_1_248' title='bbox 493 3072 621 3132; x_wconf 88' lang='lat' dir='ltr'><strong>Patrem.</strong></span> 
     </span>
    </p>

    <p class='ocr_par' dir='ltr' id='par_1_8' title="bbox 150 3150 1075 3732">
     <span class='ocr_line' id='line_1_36' title="bbox 174 3150 1075 3234; baseline 0 -25"><span class='ocrx_word' id='word_1_249' title='bbox 174 3182 177 3190; x_wconf 29' lang='grc' dir='ltr'><strong>Δ</strong></span> <span class='ocrx_word' id='word_1_250' title='bbox 215 3150 335 3226; x_wconf 77' lang='lat' dir='ltr'><strong>&#39;Quare</strong></span> <span class='ocrx_word' id='word_1_251' title='bbox 358 3152 446 3212; x_wconf 92' lang='lat' dir='ltr'><strong>nobis</strong></span> <span class='ocrx_word' id='word_1_252' title='bbox 469 3155 638 3213; x_wconf 78' lang='lat' dir='ltr'><strong>cavendum</strong></span> <span class='ocrx_word' id='word_1_253' title='bbox 663 3163 710 3214; x_wconf 88' lang='lat' dir='ltr'><strong>ost</strong></span> <span class='ocrx_word' id='word_1_254' title='bbox 731 3154 769 3214; x_wconf 87' lang='lat' dir='ltr'><strong>ab</strong></span> <span class='ocrx_word' id='word_1_255' title='bbox 791 3157 838 3232; x_wconf 87' lang='lat' dir='ltr'><strong>iis,</strong></span> <span class='ocrx_word' id='word_1_256' title='bbox 861 3156 911 3234; x_wconf 89' lang='lat' dir='ltr'><strong>qui</strong></span> <span class='ocrx_word' id='word_1_257' title='bbox 935 3153 1075 3234; x_wconf 73' lang='lat' dir='ltr'><strong>baptismi</strong></span> 
     </span>
     <span class='ocr_line' id='line_1_37' title="bbox 150 3233 1074 3318; baseline 0 -26"><span class='ocrx_word' id='word_1_258' title='bbox 150 3235 209 3292; x_wconf 84' lang='lat' dir='ltr'><strong>vim</strong></span> <span class='ocrx_word' id='word_1_259' title='bbox 234 3253 271 3294; x_wconf 89' lang='lat' dir='ltr'><strong>eo</strong></span> <span class='ocrx_word' id='word_1_260' title='bbox 282 3233 467 3312; x_wconf 81' lang='lat' dir='ltr'><strong>redegerunt</strong></span> <span class='ocrx_word' id='word_1_261' title='bbox 488 3239 644 3297; x_wconf 84' lang='lat' dir='ltr'><strong>tenuitatis</strong></span> <span class='ocrx_word' id='word_1_262' title='bbox 666 3239 876 3318; x_wconf 83' lang='lat' dir='ltr'><strong>et&#39;parvitatis,</strong></span> <span class='ocrx_word' id='word_1_263' title='bbox 900 3247 932 3297; x_wconf 87' lang='lat' dir='ltr'><strong>ut</strong></span> <span class='ocrx_word' id='word_1_264' title='bbox 946 3238 1074 3316; x_wconf 82' lang='lat' dir='ltr'><strong>gretiam</strong></span> 
     </span>
     <span class='ocr_line' id='line_1_38' title="bbox 150 3317 1074 3401; baseline 0.002 -27"><span class='ocrx_word' id='word_1_265' title='bbox 150 3317 182 3374; x_wconf 90' lang='lat' dir='ltr'><strong>in</strong></span> <span class='ocrx_word' id='word_1_266' title='bbox 206 3335 243 3376; x_wconf 89' lang='lat' dir='ltr'><strong>eo</strong></span> <span class='ocrx_word' id='word_1_267' title='bbox 268 3317 371 3375; x_wconf 84' lang='lat' dir='ltr'><strong>diosut</strong></span> <span class='ocrx_word' id='word_1_268' title='bbox 393 3318 513 3394; x_wconf 88' lang='lat' dir='ltr'><strong>quidem</strong></span> <span class='ocrx_word' id='word_1_269' title='bbox 536 3320 663 3396; x_wconf 86' lang='lat' dir='ltr'><strong>infundi,</strong></span> <span class='ocrx_word' id='word_1_270' title='bbox 685 3321 738 3379; x_wconf 89' lang='lat' dir='ltr'><strong>sed</strong></span> <span class='ocrx_word' id='word_1_271' title='bbox 762 3328 871 3400; x_wconf 86' lang='lat' dir='ltr'><strong>postea</strong></span> <span class='ocrx_word' id='word_1_272' title='bbox 893 3340 947 3401; x_wconf 88' lang='lat' dir='ltr'><strong>per</strong></span> <span class='ocrx_word' id='word_1_273' title='bbox 965 3334 1074 3398; x_wconf 36' lang='lat' dir='ltr'><strong>*peona-</strong></span> 
     </span>
     <span class='ocr_line' id='line_1_39' title="bbox 150 3399 1074 3482; baseline -0.001 -23"><span class='ocrx_word' id='word_1_274' title='bbox 150 3401 215 3459; x_wconf 85' lang='lat' dir='ltr'><strong>tum</strong></span> <span class='ocrx_word' id='word_1_275' title='bbox 238 3399 369 3475; x_wconf 83' lang='lat' dir='ltr'><strong>effundi,</strong></span> <span class='ocrx_word' id='word_1_276' title='bbox 396 3408 460 3457; x_wconf 89' lang='lat' dir='ltr'><strong>tum</strong></span> <span class='ocrx_word' id='word_1_277' title='bbox 483 3402 543 3460; x_wconf 84' lang='lat' dir='ltr'><strong>alie</strong></span> <span class='ocrx_word' id='word_1_278' title='bbox 564 3405 629 3482; x_wconf 87' lang='lat' dir='ltr'><strong>via,</strong></span> <span class='ocrx_word' id='word_1_279' title='bbox 659 3421 696 3461; x_wconf 87' lang='lat' dir='ltr'><strong>eo</strong></span> <span class='ocrx_word' id='word_1_280' title='bbox 723 3406 784 3463; x_wconf 88' lang='lat' dir='ltr'><strong>iam</strong></span> <span class='ocrx_word' id='word_1_281' title='bbox 813 3407 901 3482; x_wconf 86' lang='lat' dir='ltr'><strong>qnasi</strong></span> <span class='ocrx_word' id='word_1_282' title='bbox 919 3403 1074 3482; x_wconf 83' lang='lat' dir='ltr'><strong>baptismo</strong></span> 
     </span>
     <span class='ocr_line' id='line_1_40' title="bbox 150 3481 1075 3560; baseline 0.002 -22"><span class='ocrx_word' id='word_1_283' title='bbox 150 3481 270 3557; x_wconf 86' lang='lat' dir='ltr'><strong>penitus</strong></span> <span class='ocrx_word' id='word_1_284' title='bbox 293 3483 376 3540; x_wconf 91' lang='lat' dir='ltr'><strong>irrito</strong></span> <span class='ocrx_word' id='word_1_285' title='bbox 399 3481 498 3560; x_wconf 85' lang='lat' dir='ltr'><strong>laeto,</strong></span> <span class='ocrx_word' id='word_1_286' title='bbox 521 3483 558 3542; x_wconf 86' lang='lat' dir='ltr'><strong>ad</strong></span> <span class='ocrx_word' id='word_1_287' title='bbox 589 3486 708 3544; x_wconf 84' lang='lat' dir='ltr'><strong>eoelum</strong></span> <span class='ocrx_word' id='word_1_288' title='bbox 737 3485 879 3549; x_wconf 86' lang='lat' dir='ltr'><strong>eundum.</strong></span> <span class='ocrx_word' id='word_1_289' title='bbox 930 3486 1000 3544; x_wconf 87' lang='lat' dir='ltr'><strong>Non</strong></span> <span class='ocrx_word' id='word_1_290' title='bbox 1032 3484 1075 3542; x_wconf 89' lang='lat' dir='ltr'><strong>sio</strong></span> 
     </span>
     <span class='ocr_line' id='line_1_41' title="bbox 151 3561 1071 3649; baseline 0.011 -31"><span class='ocrx_word' id='word_1_291' title='bbox 151 3567 183 3619; x_wconf 91' lang='lat' dir='ltr'><strong>tu</strong></span> <span class='ocrx_word' id='word_1_292' title='bbox 205 3561 401 3638; x_wconf 85' lang='lat' dir='ltr'><strong>arbitrabere,</strong></span> <span class='ocrx_word' id='word_1_293' title='bbox 423 3563 476 3620; x_wconf 89' lang='lat' dir='ltr'><strong>sed</strong></span> <span class='ocrx_word' id='word_1_294' title='bbox 499 3566 649 3645; x_wconf 85' lang='lat' dir='ltr'><strong>intelliges</strong></span> <span class='ocrx_word' id='word_1_295' title='bbox 671 3587 739 3626; x_wconf 86' lang='lat' dir='ltr'><strong>earn</strong></span> <span class='ocrx_word' id='word_1_296' title='bbox 762 3589 830 3629; x_wconf 89' lang='lat' dir='ltr'><strong>esse</strong></span> <span class='ocrx_word' id='word_1_297' title='bbox 852 3570 994 3649; x_wconf 86' lang='lat' dir='ltr'><strong>baptismi</strong></span> <span class='ocrx_word' id='word_1_298' title='bbox 1015 3571 1071 3648; x_wconf 87' lang='lat' dir='ltr'><strong>sig-</strong></span> 
     </span>
     <span class='ocr_line' id='line_1_42' title="bbox 152 3642 1072 3732; baseline 0.009 -32"><span class='ocrx_word' id='word_1_299' title='bbox 152 3642 369 3724; x_wconf 87' lang='lat' dir='ltr'><strong>nifieationem,</strong></span> <span class='ocrx_word' id='word_1_300' title='bbox 392 3662 452 3722; x_wconf 86' lang='lat' dir='ltr'><strong>qus</strong></span> <span class='ocrx_word' id='word_1_301' title='bbox 475 3649 610 3707; x_wconf 86' lang='lat' dir='ltr'><strong>moriaris</strong></span> <span class='ocrx_word' id='word_1_302' title='bbox 633 3659 664 3708; x_wconf 87' lang='lat' dir='ltr'><strong>et</strong></span> <span class='ocrx_word' id='word_1_303' title='bbox 685 3653 782 3730; x_wconf 82' lang='lat' dir='ltr'><strong>vivas,</strong></span> <span class='ocrx_word' id='word_1_304' title='bbox 803 3653 957 3714; x_wconf 32' lang='lat' dir='ltr'><strong>idsovnon</strong></span> <span class='ocrx_word' id='word_1_305' title='bbox 978 3669 1072 3732; x_wconf 89' lang='lat' dir='ltr'><strong>posse</strong></span> 
     </span>
    </p>
   </div>
   <div class='ocr_carea' id='block_1_5' title="bbox 0 0 1132 4008">
    <p class='ocr_par' dir='ltr' id='par_1_9' title="bbox 0 0 1132 4008">
     <span class='ocr_line' id='line_1_43' title="bbox 0 0 1132 4008; baseline 0 0"><span class='ocrx_word' id='word_1_306' title='bbox 0 0 1132 4008; x_wconf 95' lang='lat' dir='ltr'><strong> </strong></span> 
     </span>
    </p>
   </div>
  </div>
 </body>
</html>
