2262 4006
324 163 449 221 llatiouis
466 163 650 265 {ampinana
668 169 719 233 ald·
791 99 796 110 1
931 162 995 242 407

57 316 128 383 rim
152 323 182 388 el
204 337 313 398 parcus
344 325 375 390 et
397 317 568 395 modestus,
600 319 743 401 nea'ipse
767 320 845 383 ⁴satis
862 339 994 416 perpen-

61 400 170 468 derirn
204 401 298 467 millia
328 402 379 471 illa
402 403 589 478 animarum,
626 421 701 482 quas
725 403 823 488 perdit
844 422 911 465 srue
934 403 995 469 fine

61 484 271 560 antichristus
294 486 350 545 iste
380 504 448 548 oum
471 485 667 566 pontificibus
695 494 724 548 et
753 486 898 568 sophistis
921 488 994 566 suis,

65 567 214 646 pestibus
247 567 305 637 illis
328 569 462 634 omniurn
493 567 606 631 ultimis
630 567 712 630 orbis
736 575 893 648 terrarum.

159 651 199 711 At
220 652 341 724 timetur
364 652 493 728 seditio,
527 657 557 712 et
587 650 629 720 illi
659 671 721 714 nou
744 647 823 727 liunt¹
842 651 994 732 meliores,

60 735 115 799 ait
137 733 294 801 Latonius.
339 733 438 810 Quam
459 731 591 798 Judaica
616 754 694 812 vox,
722 756 794 805 uam
817 733 911 799 atilli
933 756 994 800 me·

61 817 211 899 tuebant,
235 837 273 880 ne
286 815 422 880 Christus
444 817 625 891 seditionem
648 817 771 900 laceret,
794 839 851 880 nec
867 815 993 900 velpilp

59 897 188 964 fiebant
211 899 362 979 meliores,
383 902 445 965 imo
468 899 582 965 liebaut
601 903 743 985 peiores3
774 921 848 983 ergo
871 899 992 976 Christo

60 983 127 1049 luit
148 983 337 1053 tacendum?
381 983 418 1046 Et
448 986 516 1064 quis
547 983 599 1049 tibi
619 984 711 1062 dixit,
746 1005 807 1048 non
836 984 901 1062 lieri
923 985 992 1055 illos

60 1066 237 1131 meliores?
249 1065 344 1136 Estne
358 1067 534 1147 theologica
546 1061 684 1130 definitio
691 1089 698 1128 :
721 1066 765 1133 Illi
783 1088 844 1136 non
860 1067 992 1146 audient,

60 1169 147 1232 ergo
172 1159 204 1211 tu
227 1150 365 1213 tacebis?
407 1150 541 1228 seditio,
577 1169 638 1230 qua
667 1169 798 1231 corpora
826 1159 993 1228 vastantur,

62 1234 211 1309 timetur,
234 1241 265 1302 at
285 1234 412 1311 seditio,
433 1253 512 1313 quse
534 1241 633 1294 vastat
656 1234 789 1312 animas,
813 1233 991 1304 defenditur.

61 1315 124 1383 Sin
145 1317 282 1396 prudens
306 1318 350 1377 vir
372 1315 423 1381 ille
445 1319 547 1396 timet,
586 1315 635 1378 ubi
658 1335 720 1379 nun
745 1317 913 1381 timendum
936 1327 992 1396 est,

64 1409 103 1469 ut
127 1399 321 1484 corporalem
345 1419 453 1479 pacem
476 1399 629 1480 praeferat
650 1399 740 1463 saluti
764 1409 908 1467 aeternae
931 1402 988 1462 ani-

64 1502 203 1548 marum.
247 1481 321 1560 Quis
344 1483 425 1547 buno
448 1481 615 1547 obnoxium
638 1503 780 1561 servunt,
800 1483 990 1549 adulatorem

64 1567 210 1628 omniurn
238 1566 492 1646 pestilentissimis
531 1565 666 1631 consiliis
697 1565 868 1646 perditum²
900 1566 1018 1650 digne·

64 1653 167 1732 queat
189 1648 354 1713 detestari?
378 1647 416 1710 lli
433 1656 513 1725 sunt,
536 1649 733 1736 quosmerito
748 1670 831 1732 papa
852 1668 992 1732 compro-

64 1729 134 1809 bet,
157 1729 187 1797 hi
210 1739 300 1810 sunt,⁴
318 1751 446 1816 quorum
471 1731 585 1812 iudicio
606 1731 674 1795 libri
698 1731 861 1797 damnandi
886 1741 915 1794 et
937 1751 991 1806 err-

64 1813 179 1876 urendi
203 1822 282 1876 sunt.
633 1870 637 1884 ,

156 1897 318 1978 Nunquam
343 1898 441 1965 minus
464 1903 510 1956 est
545 1892 718 1964 metuenda
738 1897 864 1972 seditio,
899 1917 991 1977 quam

65 1977 147 2045 dum
177 1980 301 2044 verbum
328 1979 382 2042 Dei
410 1979 553 2056 docetur,
590 1979 672 2044 Deus
702 1981 798 2056 enim,
832 1981 882 2060 qui
903 1981 991 2045 Deus
1041 2021 1051 2036 ·

67 2065 160 2144 pacis
182 2073 245 2144 est,
267 2071 329 2127 turn
354 2082 499 2148 praesens
522 2071 577 2125 est.
622 2061 739 2138 Quodsi
761 2061 844 2130 idola
868 2063 991 2130 Pontifi-

66 2165 126 2208 ces
157 2146 261 2215 audire
297 2147 551 2228 contempserint,
585 2153 614 2208 et
645 2154 775 2228 pergant
800 2146 991 2228 tyrannidem

67 2248 199 2309 augere,
220 2227 423 2308 probibendo,
446 2227 632 2311 damnando,
655 2230 825 2307 exurendo,
849 2229 993 2293 obruerit-

67 2332 134 2397 que
157 2330 211 2377 eos
235 2320 296 2385 tum
319 2311 367 2373 vel
388 2311 499 2383 seditio
522 2311 569 2384 vel
592 2311 760 2392 calamitas,
782 2312 940 2384 ridendum
964 2320 994 2374 et

66 2395 327 2463 subsannandum
340 2399 388 2471 ast
409 2414 477 2464 cum
492 2395 644 2479 sapientia
666 2395 811 2469 Proverb.
837 2401 869 2460 1:
893 2395 993 2478 Culpa

71 2487 139 2548 tum
163 2497 224 2544 non
248 2485 295 2538 est
318 2477 401 2541 verbi
425 2476 508 2552 dicti,
530 2478 583 2538 sed
600 2479 764 2558 impietatis
786 2498 847 2541 non
871 2479 993 2540 audieu-

70 2562 112 2628 tis
136 2561 362 2642 increpationes
385 2571 415 2638 et
437 2562 645 2644 correptiones
669 2563 855 2642 sapientiae,
889 2570 921 2622 ut
941 2561 1014 2624 ibi·

69 2643 144 2715 dem
176 2644 294 2714 dicitur.
337 2641 383 2704 Ne
411 2653 512 2716 autem
547 2643 706 2711 cavilletur
726 2645 892 2720 Latcnrus,
926 2665 994 2718 sese

71 2747 138 2791 uon
161 2725 200 2808 de
221 2725 308 2799 Euan
333 2725 403 2804 elic,
426 2726 479 2789 sed
503 2725 595 2797 dere
618 2727 800 2788 rehensicne
823 2728 916 2808 loqui,
940 2730 1011 2787 eci·'

74 2830 161 2886 mus,
194 2810 275 2888 quod
298 2746 436 2884 ,bitriscus
464 2746 666 2890 Euangeliou]
699 2811 765 2890 ipse
804 2830 865 2874 nou
898 2812 997 2890 potuit

74 2893 201 2970 docere
224 2893 280 2957 nisi
298 2891 543 2974 reprehenderet.
589 2891 796 2974 EtSapieutia
821 2894 902 2970 dicit,
924 2911 995 2954 suas

74 2977 287 3061 correptiones
308 2995 420 3038 exosas
444 2974 574 3041 babilas.
618 2974 672 3036 Sal
687 2981 854 3056 terrae'est,
877 2976 997 3048 mordet

75 3071 107 3122 ut
132 3067 250 3148 purget,
273 3058 373 3138 arguit
395 3066 427 3128 ut
447 3066 546 3136 sanet,
570 3059 709 3138 increpat
732 3069 764 3119 ut
785 3060 894 3140 salvet,
915 3060 996 3128 occi·

77 3143 122 3212 dit
146 3153 178 3212 ut
200 3141 351 3216 vivificet,
374 3141 423 3224 qui
448 3160 536 3203 secus
558 3139 665 3220 donet,
700 3161 761 3212 non
785 3139 995 3222 Evangeliunn

78 3225 133 3294 sed
156 3244 226 3290 suas
250 3223 442 3292 adulationes
468 3223 607 3284 blaterat.

164 3307 331 3381 Veniarnps
354 3306 392 3371 nd
416 3305 630 3388 aliud.caput,
665 3305 879 3382 honestaturus
901 3305 995 3366 cha-

80 3393 216 3467 nierrsem
241 3387 407 3464 insaniam,
442 3409 503 3458 nnn
537 3389 600 3460 vult
636 3409 683 3457 me
705 3389 798 3450 levari
821 3389 996 3468 suspicione
1044 3409 1045 3416 ¹

80 3473 245 3547 haeresees
265 3479 426 3560 praetextu
448 3472 679 3552 disputationis;
701 3469 896 3550 quotidanis,
918 3491 998 3550 quae

81 3555 267 3640 propheticis
290 3564 321 3628 et
343 3554 527 3634 evangelicis
563 3555 654 3616 literis
677 3553 801 3617 delinita
823 3560 908 3627 sunt,
940 3554 998 3615 dis·

78 3638 249 3728 praalun,
272 3657 334 3710 nan
349 3639 398 3724 sn,
422 3649 453 3709 ut
470 3635 584 3714 mona
599 3638 729 3719 Roman
746 3637 883 3728 episcopi
904 3635 998 3705 verba
