2254 4008
281 131 283 136 Ι
339 165 373 224 D.
392 168 426 224 ll.
443 169 522 224 Lan.
542 167 730 226 Modiam.
958 164 999 234 73

84 324 144 401 alii,
179 324 349 404 ingressum
376 323 533 405 religionis
565 343 633 386 esse
666 323 749 386 velut
782 341 896 386 novum
924 319 999 405 bap·

82 410 181 483 bema,
210 407 292 486 quod
315 407 460 488 deinceps
489 407 559 469 lioet
580 409 670 470 toties
693 409 851 485 renovari,
879 409 999 488 quoties

82 491 116 551 ab
135 492 254 571 integro
276 492 467 571 propositum
489 491 647 572 religionis
668 499 844 554 renovatur.
887 492 932 552 lta
947 510 1000 552 vo·

81 574 142 634 tarii
164 575 213 634 isti
237 573 293 635 sibi
316 575 390 635 solis
410 576 565 648 iustitiam,
587 576 727 653 salutem,
750 574 878 654 gloriam
891 575 1000 635 tribue·

80 664 153 733 runt,
177 656 336 737 baptisatis
358 677 483 738 prorsus
511 659 584 718 nihil
607 658 809 739 reliquerunt,
839 677 900 738 quo
930 677 1000 738 pos-

79 742 134 800 sint
155 740 200 800 eis
223 741 362 803 conferri.
408 741 469 801 lam
493 741 650 803 Romanus
672 742 827 822 pontifex,
856 743 1001 820 supersti-

79 824 191 884 tionum
216 825 351 884 omnium
381 825 449 884 lons
479 831 508 885 et
532 832 635 905 autor,
667 825 838 905 magnificis
859 824 948 886 bullis
970 831 1001 886 et

77 906 197 967 indultis
227 907 282 968 bas
311 907 434 968 vivendi
461 909 596 969 rationes
624 908 800 988 confirmat,
839 907 1001 987 approbat,

3 1061 4 1068 χ
78 997 169 1065 ornat,
193 989 378 1071 baptismum
403 1010 475 1052 vero
498 1010 590 1052 nemo
612 993 660 1052 vel
678 993 826 1053 memoria
848 991 999 1070 dignatur.

3 1093 5 1132 l
77 1074 173 1152 Atque
194 1075 232 1134 iis
253 1075 376 1153 pompis
398 1074 564 1153 speciosis,
594 1082 626 1135 ut
650 1075 729 1153 dixi,
758 1093 921 1154 sequacem
945 1092 1000 1152 po-

77 1157 176 1237 pulum
209 1156 319 1218 Christi
356 1157 386 1217 in
416 1175 617 1238 quascunque
646 1159 751 1220 volent
779 1157 997 1239 symplegadas

3 1257 4 1284 ³
77 1239 201 1319 pellunt,
225 1247 256 1300 ut
277 1240 386 1320 ingrati
410 1259 467 1302 sun
490 1240 642 1320 baptismo
655 1248 852 1320 praesumant
874 1241 1000 1302 meliora

78 1323 134 1382 suis
157 1321 303 1402 operibus
327 1326 492 1402 praestare,
516 1343 607 1404 quam
623 1325 673 1386 alii
688 1343 744 1385 sua
761 1324 832 1386 ilde.

3 1469 5 1486 ‚
154 1404 259 1481 Quare
281 1411 311 1466 et
332 1406 415 1467 Deus
436 1427 540 1467 rursus
563 1427 631 1468 cum
657 1409 809 1488 perversis
827 1426 999 1487 perversus,

3 1513 4 1518 ¹
77 1488 189 1548 ulturus
234 1489 480 1568 ingratitudinem
524 1497 555 1552 et
591 1491 763 1572 superbiam
802 1492 1001 1565 votariorum,

75 1572 151 1649 lacit,
174 1579 208 1631 ut
221 1578 293 1632 vota
316 1592 372 1632 sua
384 1591 445 1634 non
461 1580 593 1653 servent,
616 1579 669 1635 aut
681 1593 749 1635 cunr
763 1575 881 1654 ingenti
894 1573 1000 1635 labore

76 1661 205 1728 servent,
228 1662 434 1735 maneantque
454 1658 485 1716 in
509 1658 552 1716 eis
574 1658 725 1735 immersi,
749 1675 904 1736 nunquam
927 1656 998 1718 lidei

74 1744 101 1796 et
125 1736 271 1817 baptismi
304 1740 431 1818 gratiam
462 1747 703 1819 cognoscentes,
730 1747 852 1801 etcum
875 1758 934 1800 non
958 1741 998 1799 sit

3 1858 4 1881 r
74 1819 205 1880 creditus
237 1839 306 1881 oum
330 1822 397 1882 Deo
426 1824 547 1903 spiritus
581 1841 704 1902 eorum,
738 1832 934 1905 perseverent
967 1824 996 1882 in

73 1902 226 1982 hypocrisi
249 1923 305 1965 sua
325 1905 355 1964 in
375 1912 566 1986 perpetuum,
590 1915 621 1967 et
642 1906 765 1968 tandem
788 1906 919 1967 ludibrio
938 1907 998 1964 sint

75 1988 124 2046 toti
148 1987 276 2064 mundo,
298 2007 419 2068 semper
440 1990 584 2050 iustitiam
607 1991 773 2067 sectando,
804 1988 893 2049 etad
917 1989 998 2048 iusti·

76 2069 142 2128 tiam
165 2089 325 2149 nunquam
347 2072 565 2152 perveniendo,
587 2080 621 2134 ut
637 2074 785 2154 impleant
805 2071 878 2132 illud
894 2072 998 2134 lsa.2:

74 2151 109 2211 lat
128 2158 215 2214 terra
236 2154 355 2233 repleta
377 2161 424 2214 est
444 2155 544 2219 idolis.

151 2235 224 2314 Ego
246 2255 321 2296 sane
343 2255 404 2298 non
435 2237 640 2317 prohibuerim
669 2257 727 2298 neo
753 2237 997 2318 repugnaverim,

74 2318 95 2376 si
116 2318 186 2396 quis
207 2319 348 2398 privatim
371 2319 496 2382 arbitrio
519 2339 576 2382 suo
599 2321 755 2402 quippiam
777 2320 850 2381 velit
873 2335 996 2395 vovere,

73 2419 109 2460 ne
129 2407 205 2462 vota
226 2403 346 2481 penitus
369 2410 563 2465 contemnam
586 2413 640 2465 aut
656 2404 810 2478 damnem,
835 2401 889 2463 sed
902 2401 997 2481 publi·

74 2500 136 2542 cum
160 2485 244 2544 vitae
265 2503 363 2564 genus
397 2486 467 2546 hino
494 2487 584 2547 statui
614 2493 644 2547 et
666 2485 839 2547 confirmari
870 2486 997 2545 omnino

74 2564 275 2629 dissuaserim.
318 2567 436 2630 Sufficit
464 2570 574 2650 cuique
596 2569 728 2630 vovendi
757 2571 876 2649 privata
905 2567 996 2628 liceu-

75 2650 113 2710 tia
132 2651 273 2730 periculo
296 2669 368 2729 suo,
397 2651 550 2732 publicam
579 2670 654 2712 vero
676 2651 884 2712 commendari
906 2651 994 2710 ratio·

75 2751 138 2792 nem
163 2733 285 2794 vivendi
307 2735 336 2793 in
357 2735 436 2796 votis
458 2734 608 2796 vovendis
633 2734 762 2796 arbitror
790 2734 996 2816 perniciosum

77 2833 139 2875 esse
176 2815 325 2876 ecelesiae
357 2823 387 2878 et
421 2818 580 2879 animabus
611 2817 814 2898 simplicibus:
853 2818 994 2897 primum,

77 2897 152 2975 quod
176 2917 238 2960 non
261 2917 367 2979 parum
392 2900 584 2962 Christianae
605 2901 687 2962 vitae
708 2906 868 2980 repugnet,
889 2901 919 2958 iu
936 2899 997 2960 hoc

76 2980 151 3058 quod
174 2988 278 3042 votum
291 2988 337 3042 est
358 2982 409 3042 lex
419 2983 569 3062 quaedam
593 2983 805 3045 ceremonialis
817 2966 848 3044 d
861 2983 996 3043 bumana

77 3063 192 3125 traditio
215 3083 269 3125 seu
292 3068 511 3146 praesumptio,
534 3087 552 3127 a
574 3085 635 3146 qua
656 3067 787 3128 ecclesia
809 3086 864 3146 per
885 3064 997 3144 baptis·

79 3163 155 3206 mum
177 3144 307 3209 liberata
329 3155 385 3222 est,
408 3149 597 3210 ohusrisnus
621 3150 701 3210 enim
725 3150 798 3210 nulli
821 3150 881 3229 legi
895 3146 997 3208 addin·

76 3234 120 3288 tus
151 3236 215 3307 est,
248 3230 306 3290 nisi
337 3230 475 3309 divinae,
511 3231 622 3294 deinde
661 3232 742 3311 quod
781 3250 841 3292 non
883 3230 997 3290 babeat

78 3312 244 3392 exemplum
272 3314 302 3372 in
330 3312 507 3393 scripturis,
539 3315 703 3395 praecipue
725 3315 889 3392 castitatis,
925 3313 995 3373 obe-

79 3391 212 3471 dientiae,
235 3398 423 3476 paupertatis
436 3404 602 3477 perpetuae
625 3404 740 3459 votum.
784 3397 873 3474 Quod
893 3403 993 3457 aulem

80 3476 271 3558 eScripturis
293 3479 467 3560 exemplum
490 3499 553 3542 non
577 3480 679 3561 habet,
702 3481 906 3560 periculosum
939 3486 995 3554 est,

79 3559 143 3619 nulli
164 3579 288 3640 prorsus
311 3562 518 3636 suadendum,
546 3562 641 3624 multo
672 3563 769 3623 minus
797 3561 993 3642 provulgari

80 3647 107 3700 et
124 3641 244 3724 publico
267 3644 387 3707 vivendi
409 3665 523 3729 gauere
551 3645 760 3724 statuendum,
787 3645 846 3706 etsi
871 3643 993 3704 cuilibet
