2250 4008
309 189 436 244 Rationis
455 190 633 244 Latomienae
651 195 701 244 ste.
902 182 966 254 501
1078 173 1079 178 ξ

58 345 276 426 damnationis,
299 343 368 406 linet
390 344 527 406 nonnihil
550 345 589 405 sit
610 345 744 426 pennati,
769 345 840 424 quia
862 351 909 405 tot
930 345 968 406 de

57 435 180 510 peceato
202 429 417 509 praemiseram
440 428 494 490 sed
516 427 586 489 ideo
600 428 673 488 nihil
693 435 739 488 est
752 426 968 506 damnationis,

57 531 113 573 non
137 513 207 592 quie
230 530 289 574 non
313 514 352 572 sit-
372 511 412 572 ibi
435 520 612 593 peaeatum,
641 520 673 572 ut
695 511 839 572 Latnmus
863 514 968 574 menti·

56 605 112 674 tur,
134 593 187 656 sed
209 596 279 676 quia
301 597 421 656 suntin
445 595 566 656 Christo
589 595 667 672 lesu,
686 595 758 654 dioit
780 594 907 671 Paulus,
936 595 967 656 id

13 753 14 758 ξ
56 688 106 754 est,
129 679 266 759 pullastri
280 677 336 739 sub
354 678 470 758 gallina
491 687 521 739 et
542 677 718 740 subumbra
734 678 868 739 iustitiae
889 678 968 740 illius

13 765 14 770 ’
55 768 196 842 pausant,
217 781 271 822 sen
293 769 327 822 ut
349 763 458 824 Roma.
481 767 510 826 5.
535 762 645 824 elarius
668 759 755 822 dieit:
778 761 918 822 Gratiam
939 771 968 822 et

13 903 15 920 ,
57 845 170 906 donum
193 846 224 906 in
247 846 346 926 gratia
367 845 447 906 illins
469 844 593 908 habent.
636 843 755 906 Deinde
777 863 838 906 non
863 844 967 907 ambu-

13 929 16 996 ζ
55 929 113 988 lant
134 928 301 990 seeundum
324 938 483 1009 pennatum
517 948 570 989 seu
607 947 729 990 earnem
765 930 902 1009 pennati,
936 928 967 990 id

13 1009 15 1088 j
53 1019 115 1088 est,
136 1031 198 1072 non
221 1013 418 1072 eonsentiunt
437 1018 586 1092 peecato,
609 1011 691 1092 quod
713 1031 821 1072 revera
842 1010 966 1076 habent.

13 1095 16 1161 Ῐ
56 1095 134 1156 Deus
158 1095 239 1156 eninr
263 1097 306 1156 eis
328 1095 462 1175 providit
485 1095 546 1156 duo
568 1094 780 1156 robustissima
802 1097 967 1158 munitissi-

13 1179 17 1262 ζ
53 1195 158 1258 meque
181 1178 382 1255 firmamenta,
404 1199 443 1240 ne
457 1179 691 1259 hoepeoeatum
705 1180 748 1238 eis
772 1180 862 1239 sitin
886 1179 968 1240 dam-

14 1269 15 1274 ’
53 1263 226 1339 nationem,
260 1263 390 1342 primum
423 1265 523 1343 ipsum
547 1262 698 1323 Christum
722 1262 967 1344 propitiatorium

13 1351 19 1420 J
55 1347 102 1422 (ut
126 1345 214 1408 Rom.
237 1347 298 1423 32),
322 1352 354 1406 ut
376 1345 431 1406 sub
453 1345 542 1406 huius
568 1346 667 1425 gratia
700 1346 756 1406 tuti
792 1347 853 1405 sint
901 1359 967 1407 'non

13 1429 16 1443 ¹
54 1429 121 1506 quia
143 1427 271 1489 eredunt
293 1436 323 1488 et
344 1428 434 1490 iidem
459 1436 511 1489 aut
533 1427 648 1491 donum
672 1427 795 1504 habent,
818 1392 873 1489 aed
896 1425 968 1508 quia

13 1575 15 1596 ᾖ
52 1513 78 1570 in
106 1512 206 1592 gratia
228 1510 338 1572 Christi
361 1510 489 1592 habent,
527 1511 638 1572 nullius
671 1513 751 1572 enirn
774 1509 849 1572 fides
874 1512 969 1573 subsi-

52 1601 157 1672 steret,
196 1595 253 1654 nisi
275 1596 305 1654 in
329 1593 439 1656 Christi
461 1596 586 1675 propria
615 1595 730 1654 iustitia
750 1595 915 1670 niteretur,
939 1603 969 1656 et
1065 1623 1069 1628 ·

13 1679 19 1746 f
51 1677 125 1738 illius
147 1677 341 1757 protentione
370 1684 550 1742 servaretur
594 1677 680 1739 Haeo
713 1685 760 1738 est
788 1678 868 1738 eninr
891 1678 967 1740 fides

13 1767 15 1779 ¹
51 1767 96 1833 (ut
117 1759 201 1837 dixi)
225 1780 308 1840 vera,
331 1780 392 1822 non
417 1760 539 1822 absolut
526 1768 568 1838 ta,
589 1761 652 1822 imo
669 1760 809 1822 obsoleta
823 1760 875 1822 illa
896 1780 968 1840 qua·

13 1855 15 1864 ’
52 1843 144 1903 litas
135 1863 168 1903 sn
192 1845 305 1919 anima,
328 1851 360 1903 ut
381 1844 423 1904 illi
446 1842 573 1926 lingunt,
596 1843 649 1904 sed
672 1863 752 1922 quaa
773 1863 807 1904 sa
830 1847 969 1924 agretia

13 1911 159 1987 lChristi
182 1946 242 1987 non
265 1927 380 2006 patitur
402 1926 510 2008 avelli,
543 1946 601 1988 neo
621 1927 682 1987 alio
718 1927 840 2002 nititur,
877 1947 967 2006 quern

13 2001 127 2116 ,quod
151 2009 211 2069 seit
232 2009 316 2070 illum
340 2029 407 2069 esse
429 2012 458 2070 in
483 2011 585 2107 gratia
603 2010 671 2088 Dei,
695 2029 753 2070 nee
769 2029 863 2105 posse
886 2011 968 2070 dam

13 2079 126 2170 nari,
162 2111 221 2152 nee
251 2092 406 2172 aliquem,
442 2096 492 2172 qui
513 2095 557 2153 sio
578 2095 608 2153 in
632 2112 700 2153 eum
724 2113 757 2154 se
793 2094 964 2174 proieeerit

13 2140 172 2266 {sailihet
193 2182 254 2236 tam
278 2193 392 2258 magna
413 2196 461 2236 res
484 2183 532 2238 est
554 2176 786 2257 hoopeeoatum
806 2177 965 2260 reliquum,

13 2249 92 2318 *sie
112 2256 305 2318 intolerabile
327 2259 471 2320 iudicium
493 2260 566 2336 Dei,
600 2266 648 2335 ut,
681 2261 738 2321 nisi
766 2279 835 2320 eum
854 2267 967 2357 prote

13 2333 205 2437 {opponam
234 2359 324 2420 quern
347 2343 413 2402 sine
435 2344 517 2404 omni
540 2349 670 2424 peeoato
693 2361 762 2402 esse
781 2344 873 2420 nosti,
896 2343 965 2403 auh-

13 2415 155 2486 sistere
177 2443 322 2504 nequeas,
344 2425 373 2484 id
398 2425 481 2506 quod
503 2425 576 2488 iaeit
596 2423 672 2486 tides
695 2443 777 2486 vera.

13 2501 19 2538 ξ
127 2507 266 2568 Alterum
290 2515 347 2586 est,
370 2509 452 2588 quod
475 2508 698 2589 donoaoeepto
721 2527 782 2568 non
806 2507 966 2572 ambulant

13 2589 214 2651 seeundum
238 2608 372 2670 earnem,
394 2611 451 2652 nee
473 2591 618 2652 obediunt
639 2598 780 2672 peceato,
804 2590 857 2650 sed
882 2593 965 2671 prins

13 2667 120 2734 illud
143 2673 312 2754 prineipale
325 2681 355 2734 et
365 2672 609 2734 robustissimum
624 2682 679 2751 est,
703 2673 771 2733 lieet
784 2680 814 2732 et
836 2673 965 2734 alterum

13 2756 19 2790 ³
49 2757 85 2815 sit
107 2754 239 2836 aliquid,
274 2756 328 2816 sed
369 2759 399 2816 in
423 2758 534 2817 virtute
572 2757 694 2836 prioris.
737 2755 817 2831 Quia
848 2758 968 2837 pepigit

13 2837 19 2908 ,ξ
49 2837 129 2900 Dens
152 2840 306 2920 paetum
297 2839 345 2918 ris,
367 2839 417 2919 qui
440 2845 510 2898 sunt
531 2839 591 2900 hoe
609 2837 754 2900 modain
769 2837 900 2915 Christo,
925 2849 967 2914 nt,

13 2941 18 2958 ἰ
50 2922 72 2980 si
94 2929 232 3002 pugnent
253 2928 360 2982 eontra
382 2923 521 3002 seipsos
544 2930 573 2981 et
596 2930 757 3002 peceatum
772 2941 871 3001 suum,
893 2923 967 2983 nihil

15 3034 17 3042 ι
49 3004 84 3063 sit
106 3004 324 3066 damnationis.
367 3005 435 3066 Non
464 3023 537 3084 ergo
565 3005 639 3065 nihil
674 3013 721 3065 est
753 3003 968 3083 damnationis,

13 3089 18 3126 ¹
50 3092 81 3146 ut
99 3086 246 3148 Latomus
267 3086 393 3166 delirat,
436 3089 507 3166 quia
539 3107 601 3150 non
639 3095 786 3168 peeoent,
820 3097 872 3149 aut
906 3109 966 3148 non

13 3171 17 3210 ¹
50 3171 86 3228 ait
116 3183 276 3250 peecatum
310 3172 339 3229 in
383 3189 476 3250 opere
509 3170 601 3233 bono.
645 3171 713 3233 Hoo
746 3169 833 3250 fingit
860 3171 966 3252 Sophi-

13 3257 16 3293 ι
50 3261 95 3312 sta
116 3260 206 3316 extra
227 3259 258 3314 et
288 3260 395 3314 eontra
427 3261 564 3334 apertum
603 3262 720 3315 textum
743 3253 829 3315 Pauli
853 3274 870 3314 e
898 3273 967 3334 pro·

13 3341 16 3378 l
49 3337 113 3416 prio
148 3338 259 3416 eapite
303 3334 363 3398 Sed
403 3337 474 3416 quia
507 3345 592 3414 sunt,
626 3338 738 3416 inquit,
780 3339 810 3396 in
847 3337 967 3399 Christo

13 3425 15 3460 ¹
48 3419 125 3498 lesu,
147 3426 178 3479 et
199 3437 259 3478 non
284 3419 441 3480 ambulant
458 3419 625 3480 seeundum
648 3439 784 3496 earnem,
807 3421 967 3480 manifesta

52 3501 86 3562 de
108 3502 226 3562 mortali
249 3510 378 3589 peceato
411 3503 547 3581 loquens.
591 3501 693 3564 Solum
717 3503 777 3562 hoe
799 3511 892 3582 agunt
914 3503 967 3565 So-

13 3584 180 3664 phialae,
202 3591 236 3644 ut
256 3585 316 3645 hoo
328 3593 487 3665 peceatum
501 3593 677 3666 extenuent,
695 3583 782 3666 quod
796 3585 881 3645 Deus
904 3597 967 3647 tan·

54 3675 114 3731 tum
139 3675 318 3754 exaggerat,
338 3675 369 3730 ut
391 3665 484 3734 fllium
508 3689 595 3734 suum
618 3667 675 3732 sibi
693 3669 776 3740 velit
789 3671 915 3756 opponi,
937 3678 967 3738 et
