2250 4008
309 201 435 258 Rstlonis
452 195 631 257 latomiause
649 207 701 257 etc.
912 199 975 264 445
1083 267 1086 274 .

48 358 120 418 mul
144 359 249 438 vigilat
270 367 300 419 et
321 358 450 433 dormit,
483 359 556 444 qnia
577 357 763 417 antecedens
785 355 974 435 impossibile

46 450 109 518 est,
135 459 203 501 cum
226 441 320 502 homo
342 441 474 502 dormire
497 441 679 520 nonpossit,
703 441 754 521 qui
777 439 892 518 vigilat,
915 455 972 498 nee

45 543 64 582 e
89 533 212 587 contra.
235 523 287 586 Sic
307 542 411 584 nonne
433 526 584 602 sequitur:
616 523 754 582 Nonest
775 523 884 600 homo,
923 523 974 601 qul

46 608 139 667 vivat
159 616 190 667 et
210 625 272 668 non
292 607 446 685 comedat,
469 625 542 686 ergo
557 606 803 684 quandocunque
818 607 901 682 vivit,
924 623 973 665 eo·

47 689 158 768 medit,
183 709 244 750 uon
267 690 410 768 eomedit,
443 699 536 750 estet
558 707 620 748 non
644 697 700 768 est,
722 697 753 748 et
775 690 878 748 omnia
895 705 974 766 quae

48 771 141 832 voles
154 771 279 833 lulensi?
301 771 403 848 Quare
425 791 499 853 ergo
522 779 703 852 praeceptor
725 782 793 831 tuus
818 775 890 830 istas
904 787 974 831 eon-

47 857 231 932 sequentias
254 865 347 936 negat
368 866 399 917 et
432 854 579 916 damnat?
609 865 671 915 tum
694 857 723 912 iu
760 873 792 913 re
821 855 900 914 seria
931 855 975 914 sic

46 938 209 1016 nugatur?
235 941 281 999 dn
304 940 364 999 hoc
380 939 471 1000 etiam
487 937 701 1018 comprobavit
717 936 803 998 Bulla
818 936 975 1017 egregium

47 1019 193 1080 factum?
232 1020 310 1082 Vide
337 1024 455 1101 itaque,
479 1023 591 1096 lector,
623 1039 714 1098 quam
743 1037 834 1080 caeca
867 1021 906 1078 sit
933 1021 975 1078 in-

48 1101 139 1164 vidia
171 1103 356 1184 sophistica,
386 1117 418 1165 ut
447 1106 504 1164 ista
532 1104 659 1184 puerilia
685 1104 855 1162 rudimenta
884 1105 975 1162 etiam

48 1195 82 1245 et
111 1203 309 1248 communem
339 1187 497 1248 hominnm
519 1205 642 1247 sensum
667 1205 727 1245 uon
751 1187 862 1265 capiat.

141 1269 202 1330 Sed
228 1271 310 1330 dicet
341 1270 450 1350 aliquis
471 1269 676 1330 Latomaster:
710 1268 846 1348 Magistri
880 1270 976 1329 nostri

49 1353 162 1412 eximii
184 1354 245 1412 hoc
268 1353 443 1414 voluerunt:
473 1353 542 1414 Non
565 1359 613 1413 est
634 1352 729 1413 homo
752 1353 803 1431 qui
826 1354 927 1427 vivut,
949 1361 979 1410 et

50 1453 118 1494 non
144 1434 258 1495 videbit
280 1446 409 1497 mortem
432 1436 596 1516 aliquando
628 1437 659 1494 in
681 1436 830 1512 futurum,
847 1444 894 1494 -et
916 1450 977 1493 non

50 1529 100 1575 est
126 1518 220 1578 homo
243 1520 294 1598 qui
317 1521 422 1600 vigilet
443 1530 473 1580 et
495 1538 556 1579 non
571 1517 891 1596 dormiataliquendo,
914 1516 976 1578 alio

51 1600 335 1682 scilieettempore,
358 1621 526 1682 quamquo
543 1602 664 1682 vigilat,
687 1611 718 1661 et
739 1620 800 1661 non
822 1600 976 1664 esthomo

53 1685 107 1761 qui
132 1686 217 1762 vivit,
239 1691 270 1745 ct
291 1703 352 1746 non
365 1685 696 1763 comedetaliquando,
719 1703 780 1744 non
804 1685 887 1744 omni
899 1691 976 1743 tem-

53 1785 147 1846 pore,
171 1784 232 1845 quo
256 1768 339 1828 vivit.
381 1768 430 1829 Ex
452 1769 510 1829 illis
532 1769 613 1829 euim
636 1785 698 1828 non
720 1767 871 1846 sequitur:
895 1766 977 1845 Ergo

54 1850 147 1909 simul
174 1851 249 1910 vivit
269 1859 301 1911 et
322 1853 458 1933 moritur,
480 1853 569 1911 simul
584 1851 688 1931 vigilat
700 1860 730 1910 et
745 1851 866 1929 dormit,
889 1848 977 1908 simul

53 1934 131 1993 vivit
151 1941 184 1993 et
204 1932 349 1998 comedit.
455 1977 457 1982 -

139 2017 212 2094 Ago
241 2018 356 2097 gratias
385 2016 424 2077 de
456 2017 539 2077 bona
565 2017 790 2076 informatione.
833 2014 894 2076 Sed
917 2015 978 2076 hoc

54 2107 102 2159 est
122 2099 288 2178 Magistros
310 2107 433 2160 nostros
455 2100 588 2159 eximios
610 2118 671 2160 uno
693 2099 825 2160 absurdo
849 2098 978 2158 liberare

54 2193 84 2240 et
108 2183 239 2262 geminis
261 2185 453 2262 immergere.
495 2180 633 2256 Quorum
655 2184 787 2262 primum
809 2190 871 2258 est,
894 2182 976 2260 quod

54 2268 288 2343 grammaticam
310 2268 463 2346 ignorant,
486 2283 542 2325 neo
563 2267 663 2325 sciunt
680 2265 880 2326 differentiam
899 2265 979 2325 inter

57 2349 183 2408 verbum
207 2352 375 2429 praesentis
397 2356 429 2409 et
449 2349 540 2409 luturi
561 2350 724 2428 temporis,
754 2348 825 2408 dum
848 2367 912 2406 rem
934 2347 978 2408 lu-

57 2443 156 2491 turam
180 2451 235 2512 per
257 2451 402 2513 praesens
417 2433 591 2510 enunciant,
615 2431 704 2491 simul
718 2432 812 2491 multa
831 2431 977 2491 adverbia

57 2514 225 2594 occultant,
247 2517 326 2577 lorte
348 2518 378 2576 in
401 2515 578 2597 vindictam,
600 2516 683 2594 quod
697 2525 788 2575 antea
805 2514 976 2594 linguarum

58 2600 199 2676 peritiam
232 2599 407 2660 calumniati
452 2615 533 2658 nunc
555 2599 716 2678 passiones
743 2598 809 2658 illas
847 2599 977 2676 animae,

57 2699 137 2760 quse
161 2681 246 2742 iuxta
268 2681 483 2759 Aristotelem,
505 2691 538 2741 ut
561 2681 711 2760 Dialogus
733 2680 852 2741 ltatomi
876 2681 977 2762 habet,

58 2765 138 2843 apud
164 2783 271 2825 omncs
294 2764 518 2842 eaedemsuut,
540 2763 647 2824 efferre
670 2770 833 2846 nequeant,
857 2775 887 2824 et
908 2766 977 2842 sint,

58 2847 141 2926 quod
166 2848 337 2925 voluerunt,
360 2848 510 2928 elingues.
554 2849 599 2908 lta
617 2845 755 2908 concedo
778 2847 912 2927 pessime
935 2850 979 2907 in·

60 2932 145 2990 terri:
182 2928 251 2991 Non
282 2940 327 2991 est
356 2931 450 2992 homo
478 2933 529 3011 qni
558 2931 631 2991 vivit
653 2941 683 2991 et
704 2946 766 2992 non
790 2930 904 2990 videbit
928 2931 978 3012 (ut

60 3014 140 3074 Psal.
163 3013 211 3077 89.
231 3013 340 3092 habet)
368 3021 509 3086 mortem,
531 3015 579 3075 vel
602 3032 664 3074 nou
688 3013 790 3074 videat
812 3013 978 3096 aliqnando

62 3106 206 3176 mortem,
239 3115 314 3177 ergo
336 3097 425 3158 simul
454 3099 526 3157 vivit
549 3108 580 3158 et
602 3099 737 3161 moritur.
780 3097 825 3157 lta
846 3097 978 3178 pessime

62 3180 199 3240 infertur:
232 3179 300 3241 Non
323 3188 371 3242 est
391 3181 485 3242 homo
508 3181 559 3260 qui
582 3181 687 3261 vigilat
708 3188 738 3241 et
759 3197 820 3240 nou
845 3180 978 3240 dormiat

62 3263 242 3343 aliquando,
272 3277 346 3344 ergo
375 3264 464 3325 simul
486 3264 591 3343 vigilat
619 3273 650 3324 et
677 3262 798 3324 dormit.
841 3263 910 3323 Non
934 3281 978 3322 se·

64 3348 176 3425 quitur:
205 3345 281 3408 Non·
298 3355 345 3408 cst
365 3348 475 3422 homo,
509 3349 560 3427 qui
590 3349 663 3408 vivit
685 3357 723 3406 et
753 3365 814 3408 non
837 3345 980 3407 comedat
1049 3357 1059 3378 ·

65 3429 237 3512 aliquando,
259 3447 345 3512 ergo,
365 3433 612 3510 quandocunque
628 3431 712 3507 vivit,
734 3429 876 3492 comedit.
919 3428 980 3490 Sed

67 3521 172 3574 contra
193 3531 284 3593 quem
305 3522 444 3594 pugnant
454 3515 532 3574 istae
553 3513 704 3574 absurdae
719 3513 979 3592 consequentiae?

66 3596 205 3677 Nunquid
227 3595 373 3658 lutherus
391 3596 482 3658 dixit:
518 3596 588 3659 Non
627 3605 673 3658 est
694 3598 789 3656 iustus
824 3596 854 3656 in
890 3604 980 3675 terra,

69 3681 116 3760 qui
138 3680 325 3762 benefaciat,
358 3689 389 3743 st
409 3699 472 3744 non
494 3688 603 3762 peccet
623 3679 808 3761 aliquando,
847 3695 921 3762 ergo
944 3681 980 3740 si·
