2254 4008
129 153 175 220 40
390 152 433 210 m
452 153 531 225 espa
550 152 647 224 assyr.
666 135 808 210 maara

135 311 394 390 frequentaveris,
428 309 488 370 mai
517 327 634 370 memor
655 308 715 390 sis,
743 307 826 370 bano
851 327 949 370 meam
977 310 1007 369 in
1027 316 1055 370 te
1102 314 1103 360 t

133 393 291 458 oaritatem
315 398 346 452 et
367 392 540 473 largitatem
562 392 722 474 praedices
745 398 778 452 et
798 390 919 473 landas,
942 397 972 452 et
994 411 1053 472 gra·
1103 426 1104 474 ι

133 477 232 537 tissa
256 495 301 538 as.
709 483 715 487 '

215 495 264 620 ng
286 557 396 638 quibus
420 557 522 635 vides,
554 557 593 618 ad
621 559 746 620 missam
769 557 861 638 digne
888 555 1055 618 habendam
1104 536 1105 570 ³

133 642 298 704 atiud'non
310 642 431 722 requiri,
456 660 548 721 quam
564 639 666 720 tidem,
689 660 769 721 quae
782 641 854 702 buia
865 641 1056 720 promissioni
1105 647 1106 654 ’

132 725 260 786 fideliter
283 725 406 805 nitatur,
427 724 580 786 Christum
602 725 631 784 in
651 725 697 784 his
719 725 782 786 suis
805 723 906 786 verbis
922 743 1057 784 varaeem

133 808 248 884 eredat,
271 817 301 868 et
324 807 380 868 sibi
402 808 480 869 haee
500 809 650 868 immensa
673 807 754 869 bona
777 827 847 868 essa
868 806 985 868 donata
1000 825 1057 867 non

133 893 259 954 dubitet.
303 891 351 952 Ad
373 889 567 951 bonafidem
595 909 668 952 mox
690 898 835 970 sequetur
865 909 923 952 sua
951 897 1059 970 sponte

134 975 327 1036 duleissimus
350 974 477 1036 effeetus
500 973 620 1051 sordis,
650 992 711 1053 quo
741 973 884 1035 dilatatur
905 981 937 1034 et
957 973 1061 1052 impin·

133 1067 245 1138 gestor
266 1058 388 1137 spiritus
410 1055 543 1118 hominis
569 1057 664 1131 (haee
686 1065 733 1117 est
755 1058 876 1132 caritas,
898 1075 954 1136 per
972 1054 1060 1136 Spiri-

133 1149 196 1202 tum
218 1146 357 1200 sanetum
379 1137 480 1200 infide
491 1135 604 1202 Ohristi
628 1137 767 1222 donata),
789 1149 822 1200 ut
843 1141 873 1201 in
897 1139 1059 1215 Christum,

133 1232 196 1284 tam
219 1223 337 1304 largum
359 1229 389 1282 et
410 1221 575 1302 benignum
598 1229 792 1297 testatorem,
821 1223 975 1303 rapiatur,
996 1220 1060 1281 tiat-

135 1326 194 1388 que
218 1306 339 1386 penitus
360 1304 437 1366 alius
459 1312 491 1366 et
511 1325 611 1365 novus
634 1306 739 1368 homo.
780 1305 856 1381 Quis
888 1304 970 1366 enim
1002 1323 1060 1365 non

134 1389 263 1450 dutoiter
295 1389 483 1468 nommetur,
515 1389 577 1448 imo
607 1408 682 1468 prae
710 1389 823 1468 gaudio
852 1389 884 1448 in
907 1388 1061 1449 Obristum

134 1491 234 1553 paene
256 1473 462 1549 exanimetur,
496 1473 522 1532 si
551 1473 657 1532 eredat
682 1470 742 1532 tide
764 1471 950 1550 indubitata,
986 1471 1064 1530 hane

135 1555 247 1618 Christi
269 1556 505 1635 promissionem
526 1553 780 1615 inaestimabilem
793 1553 831 1616 ad
844 1553 1063 1634 sepertinere?

136 1637 300 1715 Quomodo
329 1655 390 1699 non
413 1637 520 1718 diliget
541 1644 657 1699 tantum
681 1637 926 1715 benefactorem,
949 1637 1003 1716 qui
1025 1637 1064 1696 in-

135 1722 229 1801 digno
252 1730 283 1782 et
309 1720 403 1802 longe
425 1721 486 1781 alia
507 1722 617 1780 merito
654 1727 755 1781 tantas
778 1719 898 1782 divitias
928 1719 1064 1780 ethere
1115 1759 1116 1766 ι

135 1804 260 1865 ditatam
281 1803 363 1865 hano
383 1811 549 1871 aeternam¹
563 1805 764 1884 praeveniens
794 1802 894 1880 offert,
915 1802 1065 1884 promittit
1116 1873 1117 1884 χ

135 1896 166 1949 et
188 1887 302 1948 donat?

221 1969 375 2046 Quooiroa
395 1988 457 2032 una
480 1977 511 2030 et
533 1969 733 2031 solamiseria
755 1976 871 2046 nostra,
893 1968 977 2048 quod
992 1968 1064 2028 mui-
1117 1980 1118 1984 ’

136 2059 184 2113 tas
207 2054 315 2113 missas
337 2054 368 2112 in
391 2051 465 2114 orbe
488 2051 651 2131 habemus,
673 2056 704 2116 et
725 2051 801 2114 nulli
825 2051 873 2112 rel
896 2052 988 2132 pauoi
1010 2050 1065 2111 has

135 2135 356 2215 promissiones
379 2141 411 2195 et
427 2135 548 2196 divitias
571 2136 746 2216 propositas
762 2135 970 2215 agnoscimus,
995 2151 1066 2195 oon·

134 2218 303 2278 sideramus
326 2224 356 2278 et
380 2217 647 2299 apprehendimus.
684 2217 761 2279 Gom
783 2237 891 2279 revera
912 2219 943 2278 in
971 2218 1066 2278 missa

136 2299 217 2360 aliud
246 2301 296 2379 agi
325 2319 387 2362 non
414 2307 557 2381 oporteat
586 2302 709 2381 maiori,
742 2301 805 2362 imo
834 2301 924 2362 unieo
951 2299 1065 2381 studio,

136 2402 227 2461 quam
250 2389 283 2443 ut
302 2382 383 2444 baso
404 2382 507 2460 verba,
530 2383 586 2445 has
598 2385 818 2463 promissiones
841 2383 962 2462 Gbristi,
985 2402 1065 2464 quas

135 2485 208 2526 vere
230 2471 301 2526 sunt
320 2467 388 2545 ipsa
410 2465 519 2544 missa,
541 2473 613 2526 ante
636 2466 743 2528 oeulos
766 2485 977 2542 versaremus,
1005 2484 1064 2527 me-

135 2546 301 2609 ditaremur
320 2558 351 2610 et
372 2550 604 2629 ruminaremus,
628 2567 689 2628 quo
712 2549 803 2610 fidem
825 2550 856 2610 iu
878 2567 917 2609 ea
938 2563 1064 2610 exeres-

134 2650 251 2707 remus,
274 2632 472 2710 nutriremus,
494 2651 677 2713 augeremus
699 2641 729 2692 et
750 2631 982 2706 roboraremus,
1007 2632 1065 2691 bae

135 2713 313 2793 quotidiana
341 2715 645 2778 commemoratione.
695 2715 764 2776 Hoo
784 2721 831 2775 est
858 2715 950 2792 enim,
980 2713 1063 2794 quod

135 2799 293 2878 praecipit,
317 2796 437 2858 disens:
481 2798 549 2858 Hos
581 2797 673 2859 faoits
700 2799 730 2859 in
753 2817 853 2859 meam
875 2815 1065 2859 oommemo·

135 2881 301 2957 rationem3
331 2880 391 2942 hoe
417 2883 517 2960 ipsum
539 2900 632 2962 agere
655 2879 780 2941 deberet
796 2880 1002 2961 evangelista,
1032 2887 1065 2940 ut

137 2964 371 3042 promissionem
394 2966 484 3025 istam
512 2963 628 3045 populo
655 2961 785 3023 fideliter
815 2964 1000 3042 inculearet,
1034 2969 1064 3024 et

134 3045 366 3106 sommendaret
387 3047 426 3108 ad
449 3045 680 3127 provoeandam
704 3045 795 3106 tidem
818 3065 924 3108 eorum
937 3046 968 3107 in
990 3065 1063 3107 ean·

134 3128 213 3189 dem.
259 3131 301 3189 At
321 3148 413 3205 nune,
435 3137 531 3209 quota
552 3149 623 3209 pars
645 3131 731 3189 novit
754 3129 878 3189 missam
900 3147 970 3190 esse
991 3148 1062 3209 pro·

136 3213 313 3272 missionem
337 3210 469 3273 Christi?
501 3217 552 3287 (ut
578 3219 697 3272 taoeam
725 3213 837 3292 impios
863 3210 1061 3288 fabulatores,

135 3297 184 3374 qui
220 3295 370 3356 humanas
404 3295 582 3357 traditiones
613 3295 681 3355 vioe
712 3301 817 3355 tantae
850 3294 1061 3375 promissionis

135 3377 284 3459 docent),
318 3377 401 3458 quod
424 3381 448 3439 si
476 3380 567 3439 etiam
590 3377 667 3438 haee
689 3377 784 3438 verba
805 3376 916 3439 Gbristi
940 3377 1061 3456 doeent,

134 3480 195 3520 non
218 3467 322 3522 tamen
350 3462 475 3522 nomine
496 3460 707 3541 promissionis
729 3467 782 3522 aut
803 3462 993 3540 testamenti,
1024 3478 1062 3520 ao

134 3561 190 3621 per
212 3543 273 3602 troo
295 3561 356 3604 non
379 3543 418 3605 ad
442 3541 638 3603 obtinendam
658 3540 750 3601 iidem
774 3542 897 3605 donent.

222 3623 301 3701 Quin
323 3626 405 3706 qnod
418 3624 623 3705 deploramus,
646 3625 676 3682 in
700 3623 758 3684 hae
781 3624 958 3705 captivitate
980 3623 1062 3686 omni
