2258 4002
253 165 365 222 Bullam
385 167 467 224 Leon.
488 167 520 222 x,
538 165 662 224 damnat.
682 181 706 222 a
726 165 806 224 1520.
937 159 998 228 185

74 316 213 382 Christus
241 321 346 386 Matth.
373 325 427 388 15:
465 321 530 384 Gor'
558 339 664 382 eorum
696 321 788 402 longe
823 326 868 380 eat
900 336 1000 380 ame.

73 403 114 462 At
146 406 291 488 contritio
322 425 377 486 per
398 413 595 486 peccatorum
633 405 847 467 collectionem
883 409 1000 482 parata,

71 485 138 544 aine
172 505 277 548 amore
299 489 355 549 Dei
389 496 420 548 et
447 489 595 566 iustitiae,
628 489 689 549 hoc
711 494 771 565 eet,
806 488 872 547 aine
907 484 1000 544 corde

70 570 215 646 conterit,
238 570 275 630 de
298 572 356 632 hac
372 573 451 632 enim
474 572 691 652 locuturam,
714 590 808 651 quare
825 569 1000 630 necessario

69 653 219 728 seqnitur,
242 660 275 713 ut
295 655 388 714 faciat
404 655 608 735 hypocritam,
630 656 681 735 qui
705 674 763 715 nec
784 653 922 713 volenter
945 668 1001 710 nec

70 740 214 794 amanter
235 738 400 798 conteritur
428 739 458 797 in
482 739 574 799 corde
602 756 668 799 auo.
711 738 779 817 Ego
802 737 882 795 enim
904 734 1000 814 hypo-

70 817 180 876 critam
205 819 293 879 aliter
313 820 438 881 definire
463 841 523 880 non
548 841 690 901 possum,
713 839 804 900 quam
832 839 917 892 eum,
950 817 1000 896 qui

69 897 110 973 id,
135 901 221 978 quod
243 902 323 981 facit,
346 922 406 964 non
431 923 470 963 ex
493 906 596 964 animo
619 910 650 964 et
671 905 790 964 sincero
804 901 897 963 corde
919 899 1000 961 facit.

70 981 218 1042 Animum
243 993 343 1046 autem
378 985 469 1047 talem
493 996 523 1046 et
545 1007 599 1048 cor
623 1006 684 1048 non
708 987 761 1046 dat
788 992 911 1058 natura,
943 1001 1001 1042 nec

69 1063 219 1126 collectio
242 1075 455 1147 peecatorum,
478 1070 531 1130 sed
554 1070 621 1132 acia
644 1069 754 1130 caritas
777 1068 908 1148 spiritua.
931 1061 953 1108 θ

157 1147 247 1224 Quod
267 1152 292 1210 ai
316 1149 447 1212 dixerint
470 1173 503 1213 se
529 1152 613 1233 loqui
637 1153 674 1214 de
697 1152 879 1212 contritione
900 1149 930 1208 in
954 1165 1001 1207 ca·

67 1231 162 1290 ritate
184 1231 283 1308 facta,
315 1236 375 1294 iam
401 1237 545 1296 articulus
568 1235 642 1296 nihil
666 1235 704 1296 ad
727 1254 786 1296 me.
828 1233 897 1293 Non
920 1232 999 1291 enirn

70 1331 210 1391 unquam
231 1318 276 1378 aic
297 1316 402 1397 docui,
434 1320 496 1380 imo
519 1321 590 1398 qnia
617 1325 649 1380 ut
672 1338 773 1378 meum
797 1315 943 1376 damnant
964 1314 1002 1373 de

71 1396 259 1458 contritione
282 1401 421 1478 naturali,
451 1409 481 1462 et
502 1403 595 1482 impie
611 1409 705 1474 ,extra
726 1401 818 1460 fidem
840 1399 924 1476 loqui
947 1415 1001 1458 eoa

71 1487 215 1558 oportet,
250 1501 340 1561 quam
363 1503 431 1544 esee
459 1485 635 1564 hypocrisin
665 1484 738 1543 actia
761 1484 821 1543 iam
852 1501 891 1540 ex
914 1479 1001 1540 dictis

72 1568 220 1623 constare
242 1571 327 1645 puto.
371 1566 433 1626 Aut
456 1568 619 1646 opinantur
645 1567 694 1627 hic
715 1566 793 1627 forte
817 1563 948 1624 mediam
972 1572 1003 1620 et

73 1645 244 1707 neutralem
265 1667 351 1709 suam
376 1649 574 1730 theologiam,
598 1649 679 1729 qnod
693 1648 747 1710 illa
757 1646 910 1723 collectio,
931 1645 1003 1705 licet

72 1738 163 1788 extra
188 1731 345 1791 caritatem
368 1731 449 1792 sacta
470 1734 519 1813 sit,
542 1752 602 1794 non
627 1740 729 1792 tamen
753 1733 792 1792 ait
813 1729 899 1806 ficta,
933 1729 1005 1807 quie

71 1819 239 1952 praeparet
271 1813 309 1874 ad
337 1816 465 1894 gratiam
497 1817 657 1895 proxime,
691 1815 762 1874 dum
795 1813 867 1873 iacit
900 1813 1005 1885 homo,

73 1912 135 1972 quo
183 1897 281 1956 estin
305 1916 349 1958 ae.
391 1897 505 1958 Verum
536 1898 573 1959 de
599 1899 659 1958 iata
692 1897 848 1977 impietate
880 1893 1005 1954 inferius

73 1995 129 2036 suo
156 1976 237 2038 loco.
272 1979 341 2059 Ego
364 1980 443 2062 enim
468 1991 627 2060 peccatum
651 1981 696 2040 aio
718 1997 834 2057 assero,
857 1975 1002 2057 quidquid

73 2067 145 2118 ante
168 2062 298 2139 gratiam
321 2061 354 2122 fit
376 2063 406 2122 in
429 2063 567 2142 homine,
587 2070 716 2125 'tantum
740 2063 841 2142 abeat,
865 2067 897 2119 ut
918 2077 1002 2140 prae-

73 2149 163 2220 paret
186 2143 225 2202 ad
247 2146 386 2223 gratiam.

158 2223 302 2287 Secundo
337 2227 375 2287 de
406 2227 502 2292 altera
536 2236 639 2309 parte,
674 2228 755 2308 quod
790 2245 829 2286 ea
862 2223 1003 2302 contritio

74 2305 169 2367 iaciat
191 2311 288 2389 magio
312 2317 521 2390 peccatorem,
554 2310 644 2372 latina
673 2309 855 2384 dicendum,
890 2325 951 2386 quo
974 2311 1005 2365 et
1113 2350 1116 2356 -

75 2391 160 2468 prior
182 2410 255 2471 pare
284 2395 417 2453 maxime
440 2394 553 2456 nititur.
595 2393 653 2454 Hic
678 2393 853 2473 apostolum
880 2391 1003 2463 invoco,

75 2473 125 2550 qui
151 2471 226 2533 dicit
248 2475 337 2536 Rom.
357 2479 392 2541 5:
423 2475 481 2536 Per
511 2477 610 2556 legem
644 2476 799 2561 chundare
831 2481 1002 2554 peccatum,

76 2561 104 2612 et
126 2553 198 2618 Gal.
221 2557 253 2619 3:
298 2557 356 2618 Per
389 2558 488 2638 legem
521 2560 626 2638 angeri
660 2558 939 2638 transgressiones,
973 2560 1003 2612 et

77 2639 100 2697 1.
116 2636 190 2698 Ocr.
205 2641 258 2702 15:
282 2640 384 2700 Virtus
401 2642 521 2720 peccati
539 2642 600 2702 lex.
623 2640 740 2716 Quibus
761 2639 860 2700 verbis
878 2654 1002 2718 prorsus

76 2719 246 2780 neutralem
260 2721 343 2782 illam
354 2723 540 2804 theologiam
552 2727 692 2803 evacuat,
713 2742 793 2802 quae
804 2723 883 2782 inter
899 2720 1002 2780 odium

77 2808 106 2860 et
127 2802 350 2882 gratificantem
380 2824 516 2867 amorem
548 2806 681 2868 medium
714 2805 801 2886 fingit
833 2803 1001 2864 naturalem

78 2903 214 2946 amorem
244 2886 336 2966 legia,
374 2890 423 2966 qui
460 2890 674 2951 contritionem
713 2890 801 2949 iatam
833 2893 927 2966 paret.
971 2882 1001 2942 Si

79 2968 156 3028 enim
181 2967 231 3028 hic
253 2988 339 3030 amor
362 2976 430 3048 atet,
452 2978 483 3032 et
504 2972 679 3052 peripsum
701 2990 762 3032 nou
785 2976 913 3050 angetur
935 2984 1002 3046 pec-

79 3057 196 3129 catum,
233 3052 366 3113 mendax
388 3061 435 3114 eet
456 3053 584 3131 Paulus,
619 3055 671 3133 qui
694 3051 829 3133 generali
853 3051 1000 3110 contentia

80 3131 160 3210 dicit,
181 3132 282 3213 legem
305 3153 373 3194 eeae
394 3137 559 3197 auctricem
581 3142 611 3196 et
631 3137 772 3196 virtutem
796 3134 933 3215 peccati,
961 3133 1004 3190 ita

80 3221 111 3272 ut
131 3234 150 3274 e
171 3216 240 3277 solo
260 3216 380 3278 Christo
403 3217 536 3297 pendeat
557 3219 686 3279 victoria
708 3219 781 3279 eiua.
805 3215 888 3292 Ergo
911 3215 1003 3274 faciat

81 3296 224 3377 quidquid
248 3306 350 3378 potest
378 3306 486 3360 natura
508 3306 579 3362 ante
600 3301 748 3380 gratiam,
780 3304 873 3378 auget
895 3314 1003 3376 pecca·

81 3388 151 3456 tum,
174 3382 246 3460 quia
268 3400 329 3442 non
349 3388 453 3462 potest
473 3401 534 3446 non
558 3382 661 3444 odisee
683 3383 792 3461 legem.

161 3464 203 3524 At
224 3462 285 3524 hoc
318 3463 422 3524 odium
444 3472 490 3526 eat
509 3472 688 3546 peccatum,
721 3465 783 3525 imo
807 3467 1004 3539 augmentum

82 3546 210 3623 peccati,
243 3564 312 3606 cum
334 3565 395 3608 non
419 3547 517 3609 solum
540 3554 648 3629 peccet
669 3553 776 3606 contra
797 3543 917 3622 legem,
949 3541 1002 3600 aad

84 3625 165 3686 odiat
187 3645 250 3688 non
272 3627 364 3690 licere
387 3648 536 3710 peccare,
558 3627 751 3712 ,prohibente
781 3624 896 3688 scilicet
922 3623 1000 3710 lege.
