2252 4006
265 190 374 244 Rullum
392 153 477 246 Leon.
497 191 529 245 X.
553 191 716 245 damnata.
738 191 815 247 1520.
936 188 998 254 237

72 341 178 402 miuus
201 361 291 422 quam
314 343 422 423 bullas,
447 364 515 404 cum
538 346 656 406 nesciat
674 347 779 416 miser,
798 344 869 424 quid
891 345 999 424 loqua-

71 431 133 501 tur,
159 432 212 485 aut
234 424 403 506 dequibus
426 426 564 490 affirmet.

150 559 483 640 Quadragesimus
513 565 656 642 primus
685 571 723 623 et
751 564 930 625 ultimus:

137 681 273 744 Praelati
295 683 510 761 ecclesiastici,
533 693 564 745 et
583 686 739 765 Principes
762 685 915 745 seculares
938 703 999 744 non

139 765 223 908 paple
258 766 408 908 spuerent,
448 768 472 826 si
507 787 613 828 omnes
652 786 762 828 saccos
798 768 1001 828 mendicitatis

163 867 288 910 aaran.

162 953 264 1028 Quem
289 953 489 1034 elegantialis,
513 955 755 1032 etrhetoricalis,
778 962 808 1015 et
823 953 999 1027 artificialis,

70 1043 103 1094 et
126 1037 293 1116 proprialis
315 1054 448 1115 vereque
471 1037 589 1117 papalis
612 1038 770 1098 conclusio
794 1037 1000 1108 articulorum,

69 1117 169 1198 plane
192 1119 300 1198 digna,
323 1138 413 1199 quam
437 1121 646 1180 sanctissimus
670 1123 800 1180 vicarius
824 1120 880 1179 Dei
903 1119 999 1198 prof·

70 1207 130 1260 rat.
177 1201 294 1263 Saccas
318 1201 520 1262 mendicitatis
536 1203 638 1262 delere
650 1203 758 1263 dicitur
779 1223 833 1283 per
845 1201 1000 1282 metapho-

69 1302 159 1359 ram,
194 1286 267 1365 quia
300 1287 381 1344 sacci
413 1295 483 1345 sunt
511 1287 589 1345 sicut
611 1285 733 1346 tabulae
762 1285 809 1345 vel
833 1287 1000 1364 scripturae

72 1374 131 1426 aut
153 1369 307 1447 picturae,
337 1387 416 1447 quae
443 1367 536 1428 deleri
559 1375 698 1448 possunt.
742 1367 820 1444 Quid
844 1377 955 1445 autem,
977 1369 1002 1425 si

70 1451 160 1509 sacci
184 1448 356 1511 delerentur
378 1449 591 1528 mendicitatis,
614 1460 645 1512 et
666 1450 844 1512 mendicitas
867 1459 897 1509 et
920 1469 1001 1509 men·

72 1531 137 1673 dpci
160 1533 341 1594 manerent?
370 1533 460 1594 Forte
490 1553 545 1613 pro
573 1536 671 1595 saccis
700 1535 855 1594 invenient
876 1553 951 1594 vasa
971 1539 1002 1592 et

72 1623 226 1694 panstra.

160 1697 231 1777 Ego
254 1717 293 1758 ne
309 1699 378 1757 iota
400 1698 521 1776 quidem
547 1697 585 1760 de
609 1699 755 1760 Praelatio
785 1707 836 1760 aut
858 1699 1001 1778 Principi-

74 1779 133 1839 bus
158 1781 294 1859 memini,
318 1779 371 1840 sed
395 1779 473 1857 dixi,
496 1801 545 1841 me
567 1791 689 1862 optare,
711 1782 812 1842 nullos
834 1799 902 1842 esse
925 1781 1003 1840 ordi·

74 1881 133 1922 nes
157 1863 413 1941 mendicantium,
434 1864 472 1925 ad
497 1863 579 1942 quod
601 1865 692 1944 plane
714 1864 797 1925 nulla
820 1871 903 1924 esset
925 1882 1001 1944 opus

74 1964 175 2024 opera
206 1945 414 2006 Praelatorum
444 1956 497 2007 aut
519 1946 708 2028 Principum,
741 1946 795 2007 sed
818 1948 885 2006 sola
907 1949 1003 2006 cuius-

76 2028 154 2088 libet
181 2028 353 2089 (lhristiana
374 2028 582 2109 intelligentia.
627 2029 728 2106 Quare
750 2029 829 2091 hauc
845 2031 1003 2090 veritatem

73 2112 234 2191 suggessit
255 2113 448 2172 sanctissimo
472 2113 585 2172 vicario
609 2111 664 2173 Dei
699 2132 758 2172 non
790 2114 845 2172 nisi
870 2113 1003 2192 paracle-

74 2199 125 2253 tus
148 2193 202 2253 ille
224 2213 324 2274 papae
346 2192 467 2273 Eccius,
491 2195 541 2274 qui
565 2203 625 2255 tem
644 2213 714 2256 raro
737 2196 888 2272 mentitur,
911 2214 1002 2274 quam

74 2277 174 2336 invite
196 2275 338 2356 loquitur.

164 2358 225 2420 Sed
250 2360 275 2419 si
298 2358 443 2420 dixissem
466 2367 585 2438 tamen,
615 2359 770 2440 Principes
794 2361 1003 2438 benefacere,

76 2443 101 2501 si
126 2460 239 2503 saccos
261 2442 464 2503 mendicitatis
488 2443 634 2520 delerent,
656 2445 686 2503 in
699 2463 790 2524 quam
808 2443 1004 2523 Scriptorum,

76 2527 106 2585 in
131 2544 225 2604 quem
249 2525 408 2587 articulum
431 2523 501 2586 fldei
512 2526 713 2606 peccassem?
735 2525 857 2587 Scilicet
879 2529 909 2586 in
933 2546 1004 2586 ven·

75 2618 154 2669 trem
179 2627 279 2688 papae
301 2616 332 2668 et
353 2607 501 2669 ecclesiae
521 2609 657 2689 papalis,
695 2617 725 2669 et
754 2611 783 2668 in
805 2628 933 2688 regnum
956 2629 1003 2669 sa·

77 2699 173 2751 tanae
196 2701 227 2752 et
255 2691 430 2753 antichristi.
476 2689 550 2766 Quis
573 2698 620 2752 est
644 2693 723 2752 enim
741 2692 845 2770 homo,
868 2692 915 2751 vel
933 2711 1004 2772 gen-

77 2775 134 2854 tili,
159 2773 272 2834 nedum
294 2773 466 2834 Christiano
490 2793 580 2834 sensu
601 2774 767 2855 praeditus,
790 2776 839 2835 cui
862 2775 1005 2835 mendici·

80 2865 128 2918 tas
141 2858 234 2917 etiam
258 2856 416 2936 laicorum,
434 2861 545 2917 nedum
556 2857 749 2918 sacerdotum
761 2876 823 2918 non
835 2856 1004 2937 displiceat.

164 2938 225 3000 Sed
247 2939 326 3018 vale,
349 2939 497 3000 scelerata
511 2939 710 3020 abominatio,
735 2949 795 3001 tam
810 2941 900 3000 stulte
915 2939 1004 3002 simul

81 3032 111 3083 et
134 3024 229 3103 impie
252 3022 396 3102 loqueris,
418 3029 452 3082 ut
466 3022 592 3102 indigna
613 3024 665 3101 sis,
687 3030 917 3103 propterquam
941 3043 1005 3083 ver·
1062 3031 1065 3036 '

82 3105 120 3165 ba
143 3103 228 3184 flant,
251 3112 345 3186 atque
365 3105 427 3166 hoe
447 3106 558 3184 insigni
581 3105 708 3166 articulo
730 3105 833 3186 pelam
856 3105 1005 3183 declaras,

82 3207 143 3268 quo
166 3189 273 3270 spiritu
296 3195 391 3249 totam
415 3190 588 3248 excreveris
618 3188 698 3249 hanc
720 3187 913 3249 maledictam
937 3188 1004 3247 Bul·

84 3272 155 3332 lam.
200 3271 350 3332 Dominus
370 3270 457 3334 Iesus
480 3271 581 3332 visitet
601 3279 632 3331 te
653 3289 750 3352 prope
778 3270 858 3332 diem
878 3270 1006 3330 illustra·

83 3356 166 3416 tione
187 3355 338 3416 adventus
359 3356 416 3430 sui,
438 3354 549 3415 Amen.

440 3434 595 3499 Flle.
614 3434 643 3512 ¹)

125 3591 167 3664 '1)
186 3595 217 3649 ln
237 3595 279 3650 ed.
298 3598 380 3664 orig:
402 3597 497 3656 Τέλος.

439 3715 647 3732 naumann—nunnu-
