2258 4002
253 181 362 236 Bullsm
381 181 464 238 beon.
484 183 514 235 X.
543 182 665 242 nemun.
685 198 709 240 s.
731 183 810 242 1520.
945 179 1007 248 191

67 341 122 398 tur
153 338 186 398 in
210 335 431 419 Iudaismoi‘)
476 335 572 413 Quasi
604 355 676 399 vero
703 337 795 400 etism
828 355 910 400 nune
946 355 1007 402 non

68 419 240 481 rideamus
274 419 423 499 quosdam
461 421 685 500 impensissime
723 421 811 484 bonis
852 419 1009 482 intendere

68 503 164 564 vitae
185 503 309 580 studiis,
341 510 372 562 et
393 509 494 564 temen
527 504 713 582 gravissime
729 523 844 580 errore,
881 511 911 568 et
932 505 1009 563 siout

68 585 194 648 Paulus
219 586 256 646 de
272 585 392 646 ludaeis
415 585 550 665 dioit**p
566 607 573 646 :
592 585 697 646 Zelum
721 587 923 664 Dei'bebent,
945 605 1008 648 see-

67 670 176 730 tando
199 669 362 746 iustitiam,
395 675 426 728 et
457 677 559 730 temen
594 667 633 730 nd
667 671 812 732 iustitiam
847 687 908 732 non
943 687 1009 750 per·

67 752 245 814 veniendo.
289 751 355 811 Vns
377 751 475 827 nobis,
500 753 549 830 qui
581 751 669 812 nobis
692 753 730 813 de
752 754 819 812 lune
841 752 1008 831 ploremus,

67 843 105 894 et
130 835 190 896 bns
213 834 354 896 tenebras
377 835 475 894 luosm
498 835 704 915 appellemus,
737 844 767 896 et
796 833 936 900 honines
961 853 1009 894 se-

67 936 172 979 euros
201 917 329 980 fecimus
360 918 513 982 exstineto
535 918 592 978 Dei
622 918 741 980 timore.
784 917 889 980 Sancti
909 918 1010 998 gnatis

68 1001 244 1062 illuminati
265 1001 408 1080 ignorare
431 1019 500 1062 seso
531 999 714 1062 confitentur
735 1001 846 1064 delicte
868 1021 943 1078 sne,
979 1007 1011 1064 st

69 1102 138 1144 nos
162 1085 272 1144 borum
300 1085 458 1144 seientiam
483 1083 640 1146 tribuimus
667 1086 719 1161 iis,
753 1085 804 1162 qui
827 1086 925 1146 saneti
948 1100 1010 1144 non

71 1172 162 1245 sunt,
186 1175 217 1226 et
239 1173 310 1227 ente
333 1168 463 1246 grstiern
478 1168 647 1247 poenitent,
671 1186 724 1228 seu
738 1169 839 1247 potius
852 1167 1010 1246 poeniten·

71 1251 154 1309 tium
175 1249 303 1328 fingunt

166 1332 274 1393 Fuisse
295 1338 396 1391 entem
419 1332 449 1390 in
471 1331 624 1411 primitive
645 1333 777 1392 ecclesie
794 1331 892 1392 solum
917 1331 1010 1390 meni-

72 1415 158 1476 feste
182 1415 326 1476 mortalis
348 1413 592 1475 confessionibus
614 1420 752 1493 innotata,
784 1417 857 1475 setis
880 1414 1011 1494 probent

72 1498 235 1578 epistolae
257 1495 357 1573 Pauli,
393 1495 514 1556 Petrum
542 1497 655 1576 euripis.
676 1506 706 1557 st
736 1497 898 1574 bistonios,
934 1515 1010 1576 qnos

74 1583 102 1640 si
129 1581 220 1640 Bulla
242 1587 304 1640 tem
326 1580 517 1660 impudenter
539 1580 685 1641 damnare
707 1581 810 1659 nudet,
839 1598 895 1641 suo
918 1581 1009 1660 genio

75 1663 177 1742 digne
199 1663 280 1724 feeit.
323 1661 392 1742 Ego
427 1663 464 1722 de
494 1663 541 1722 his
569 1663 747 1725 mortalibus
778 1665 899 1724 ioentus
933 1682 1010 1739 sum,

75 1763 163 1824 quoe
186 1753 239 1806 sut
272 1745 338 1805 nliis
358 1753 413 1805 eut
442 1745 500 1806 sibi
522 1748 682 1809 manifeste
711 1755 796 1826 sunt,
830 1755 862 1806 ut
884 1747 1009 1806 sntisain

76 1827 349 1910 Propositionibus
379 1834 410 1888 st
439 1829 528 1888 dietis
557 1831 633 1896 meis
656 1839 748 1910 petet.
795 1830 880 1890 Buils
909 1837 1009 1890 sutem

73 1913 230 1973 insidiose
253 1912 402 1990 loquitur,
433 1930 471 1972 no
492 1912 517 1970 si
549 1911 586 1974 de
608 1915 682 1976 solis
710 1913 840 1994 publiois
872 1913 1008 1975 omnium

78 2015 177 2058 sensu
200 1995 331 2075 cognitis
354 1993 460 2055 fuerim
483 1995 611 2058 loeutus.

480 2160 625 2222 Nonus:

148 2277 228 2338 Dum
251 2276 391 2339 volumus
415 2279 519 2339 omnin
546 2297 620 2359 pure
642 2277 797 2354 eonfiteri,
833 2278 906 2338 nihii
929 2276 1010 2338 eliud

145 2359 286 2440 issimus,
315 2381 409 2444 quem
432 2362 513 2441 quod
536 2361 763 2423 misericordiae
785 2361 841 2421 Dei
864 2361 937 2420 nihil
959 2378 1012 2421 vo·

146 2444 248 2504 lomus
269 2444 441 2525 relinquere
460 2445 692 2526 ignoscendum.

168 2578 229 2640 Sed
253 2585 340 2658 sont,
375 2599 502 2660 quaeso,
526 2580 661 2643 Bnlieres
683 2582 732 2642 isti
753 2581 957 2664 poenitentes,
969 2584 1011 2655 ,et

83 2664 191 2723 omnio
213 2681 288 2741 pure
309 2662 530 2740 confiteantur,
563 2664 697 2743 nihilque
718 2665 891 2741 relinquent
912 2663 1012 2741 ignos-

84 2745 216 2806 eendurn
240 2744 361 2808 divinos
385 2747 621 2826 misericordiae,
649 2757 680 2808 et
702 2746 911 2828 respondeant
930 2744 1013 2822 mihi,

84 2828 210 2908 quondo
234 2829 294 2888 sint
315 2848 422 2909 pnoem
441 2832 650 2894 eonscientiae
666 2829 806 2909 babituri,
826 2836 858 2890 et
879 2847 941 2907 que
963 2828 1013 2891 vin

85 2911 231 2972 iudieium
254 2911 311 2972 Dei
342 2915 403 2972 sint
423 2913 564 2977 evasuri?
606 2914 779 2992 sociantque
802 2911 901 2974 David
932 2930 1012 2974 msu-

86 2995 206 3073 doeem,
229 2993 280 3054 ubi
302 2995 375 3056 dicit
387 2994 485 3071 mi:
528 2997 596 3060 Non
609 2998 701 3056 intres
724 2998 753 3058 in
775 2995 918 3058 iudicium
943 3012 1010 3056 enm

86 3097 176 3138 servo
198 3083 264 3156 tu0,
286 3080 461 3140 etiterum:
485 3081 602 3142 Delicta
621 3081 688 3158 quis
701 3077 861 3158 intelligit?
884 3077 1013 3142 Currant

85 3163 142 3242 ipsi
163 3163 196 3221 in
219 3160 374 3236 iudicium,
396 3168 427 3222 et
448 3162 619 3243 intelligent
639 3165 743 3226 omnis
758 3181 813 3223 sun
836 3161 956 3236 delintn,
979 3165 1013 3220 ut

86 3245 142 3306 soii
165 3245 226 3304 sint
248 3263 383 3322 serenes,
405 3263 463 3306 nos
484 3245 614 3306 libenter
635 3265 703 3306 oum
727 3245 825 3308 Devid
848 3241 1011 3306 mendosos

86 3328 297 3406 miserimus,
331 3335 361 3388 et
382 3339 449 3389 non'
467 3347 560 3408 posse
592 3331 695 3396 omniu
724 3347 798 3408 pure
830 3326 1012 3404 intelligere,
1109 3338 1112 3343 '

89 3429 144 3472 nen
164 3410 302 3472 confiteri
321 3410 432 3473 delicta
450 3419 627 3476 eomtnnter
639 3430 820 3490 asseremus,
843 3417 875 3476 ut
896 3409 1013 3486 reliqna

123 3676 150 3745 ⁸)
170 3675 257 3742 unas.
276 3681 301 3734 1.
340 3679 384 3746 *u
403 3679 499 3734 eona.
518 3680 544 3736 s.
581 3678 647 3746 mJ
660 3677 762 3734 raum.
774 3675 834 3732 143.
854 3678 956 3734 Psnlm.
967 3675 1010 3730 19.
