2258 4002
248 189 355 244 Bullarn
375 189 457 244 Leon.
468 189 502 243 X.
524 188 646 243 damnet.
666 205 690 243 a
710 189 788 246 1520.
932 185 994 252 189

63 349 225 423 orsntura,
262 363 324 406 non
359 343 426 424 plns
460 342 565 403 valens
594 361 686 422 quam
719 341 910 402 circumcisio
943 347 996 401 aut
1073 349 1077 358 '

61 427 271 506 praeputium.
294 426 372 486 Nam
395 433 425 486 et
444 425 555 485 Paulus
575 445 644 486 cum
667 433 904 501 converteretur,
927 425 995 484 luce

61 508 168 570 subita
182 509 404 587 circumfulsus,
427 508 535 569 eodem
558 515 713 569 momento
728 509 854 568 caritate
872 507 994 568 indutus

62 600 113 654 cst
141 591 264 652 dicens:
307 592 455 672 Domine,
492 592 564 670 qnid
594 610 643 651 me
672 593 717 650 vis
745 590 868 651 lacere?
910 589 995 651 Haec

62 673 162 735 verbs
188 693 251 736 non
282 674 355 735 dicit
391 676 580 754 poenitentia
608 673 743 749 servilis,
781 692 861 751 quae
892 673 994 754 ,totius

61 757 171 818 horret
201 766 232 818 st
258 757 336 837 fugit
357 778 375 818 a
396 757 472 817 facie
497 756 636 834 Domini,
671 759 749 816 sicut
780 755 869 815 ludas
898 757 993 817 ischn-

61 838 209 917 riotbl),
240 842 350 900 caritas
373 840 440 900 solu
466 840 553 900 dicit:
596 839 743 916 Domine,
777 839 848 917 quid
879 859 927 898 me
950 839 994 899 vis

61 923 191 983 facere?

153 1005 202 1066 Sis
230 1024 305 1086 ergo
335 1013 451 1082 certus,
479 1005 573 1064 simul
597 1004 668 1065 dum
696 1004 790 1064 homo
820 1006 994 1082 conteritur,

63 1088 159 1148 simul
181 1099 212 1148 et
233 1089 331 1168 gratia
351 1087 534 1167 infunditur,
565 1095 595 1146 et
617 1090 647 1148 in
671 1086 771 1147 medio
794 1094 908 1148 terrore
931 1086 994 1146 dili-

62 1173 108 1250 git
131 1173 291 1248 iustitiam,
312 1173 336 1230 si
361 1189 432 1232 vore
453 1172 599 1251 poenitet.
622 1169 673 1231 Sin
697 1178 798 1230 autem
821 1189 881 1229 non
906 1171 994 1229 simul

64 1253 188 1333 diligit,
219 1272 280 1315 non
313 1272 384 1314 vere
406 1255 551 1332 poenitet.
594 1253 725 1313 Probsvi
760 1255 839 1313 enim
872 1253 995 1333 saepius

63 1336 256 1398 infusionem
279 1338 396 1416 gratiae
424 1335 490 1396 lieri
514 1353 584 1396 cunr
613 1353 726 1416 magna
747 1337 839 1396 animi
869 1355 996 1396 conans·

66 1421 167 1481 sione.
213 1419 297 1480 Sicut
307 1418 339 1499 ²)
375 1418 466 1479 beuta
491 1419 587 1498 Virgo
618 1418 657 1479 ad
690 1420 861 1497 ingressum
895 1420 996 1499 angeli

65 1501 193 1562 turbata
220 1509 281 1582 est,
315 1508 345 1561 et
377 1501 435 1563 bac
466 1503 533 1582 ipsa
567 1501 739 1563 turbatione
772 1501 810 1561 ad
844 1521 995 1562 summum

66 1603 207 1646 amorem
231 1586 412 1664 virginitatis
441 1585 574 1663 impulsu
596 1592 651 1645 est.
695 1584 802 1666 Neque
830 1586 910 1644 enim
946 1603 996 1645 ve·

66 1669 242 1730 hemsntins
265 1685 398 1746 unquam
427 1668 541 1727 amavit
563 1668 783 1747 virginitatem,
816 1685 906 1746 quum
938 1669 997 1728 hac

67 1751 155 1827 hora,
180 1751 210 1810 in
234 1767 295 1830 qua
317 1751 372 1809 viri
393 1768 556 1830 personam
580 1750 716 1810 solitaria
741 1751 862 1810 intuens
891 1752 997 1811 metuit

68 1835 248 1894 violentiam
270 1833 429 1893 castitatis.
470 1832 517 1893 lta
537 1841 693 1912 peccator,
712 1832 783 1893 dum
808 1833 917 1894 virtute
940 1834 997 1894 Dei

68 1917 288 1998 compungitur
318 1922 349 1975 et
375 1915 515 1976 visitatur
541 1935 596 1996 per
624 1917 768 1998 gratiam,
801 1915 997 1981 vehementer

69 2000 260 2077 concutitur,
294 2003 386 2079 atque
408 1999 467 2058 hac
493 1998 562 2078 ipsa
588 1999 792 2060 concussione
825 1999 863 2060 nd
892 1999 995 2060 odium

69 2082 191 2162 peccati
225 2089 256 2142 et
282 2099 418 2142 amorem
452 2082 584 2141 iustitiae
617 2083 741 2162 rapitur.
785 2083 825 2142 At
857 2084 909 2162 qui
941 2101 997 2143 sua

69 2166 117 2224 vel
140 2165 220 2244 legis
243 2164 338 2225 solius
358 2165 467 2224 virtute
488 2166 641 2244 poenitet,
668 2166 843 2226 concutitur
864 2165 996 2244 quidem,

70 2248 122 2308 sed
146 2247 235 2328 lingit
257 2247 361 2308 odium
384 2248 514 2327 peccati,
537 2248 608 2326 quia
629 2254 689 2307 stat
705 2249 870 2308 sententia:
895 2249 996 2308 Virtus

70 2332 191 2411 peccati
226 2327 335 2403 lsx‘).
388 2329 493 2390 Nollet
526 2332 607 2389 enim
642 2331 687 2390 sic
720 2333 859 2409 concuti,
900 2332 995 2392 multo

71 2415 170 2494 magis
191 2414 214 2472 ii
235 2411 363 2492 lingunt,
393 2413 443 2492 qui
467 2413 533 2473 sins
555 2415 763 2474 commotione
785 2415 859 2475 solis
883 2417 997 2495 cogita·

71 2497 206 2557 tionibus
228 2495 344 2576 frigidis
367 2502 497 2576 peccata
518 2497 697 2576 recogitant.

450 2661 632 2724 Octavus:

135 2796 227 2857 Nullo
249 2794 343 2858 modo
366 2815 544 2878 praesumas
566 2795 702 2857 confiteri
716 2797 847 2858 venialia
859 2809 997 2878 peccata,

133 2880 189 2940 sed
211 2898 271 2940 nec
293 2880 397 2942 omnia
411 2881 562 2960 mortalia,
585 2881 657 2960 quia
677 2880 868 2960 impossibile
887 2892 943 2962 est,
967 2891 999 2942 ut

134 2964 239 3026 omnia
272 2963 414 3024 mortalis
447 2982 641 3044 cognoscas,
673 2963 752 3023 unde
785 2965 815 3022 in
846 2965 998 3043 primitiva

135 3047 267 3108 ecclesia
288 3045 388 3107 solum
412 3046 571 3107 manifesta
598 3043 738 3106 mortalia
766 3045 996 3108 confitebantur.

158 3161 256 3222 Velim
276 3159 396 3238 doceri,
423 3161 532 3241 quibus
556 3160 723 3222 rationibus
745 3167 797 3223 aut
818 3165 918 3223 causis
940 3165 998 3223 ista

76 3245 135 3304 sint
156 3243 234 3305 falsa
255 3251 287 3304 ct
309 3244 500 3322 damnanda,
530 3263 588 3324 ego
613 3245 749 3324 cogitare
779 3262 839 3305 non
862 3264 997 3325 possum,

78 3345 129 3386 cnr
150 3326 227 3388 falsa
249 3345 317 3389 asse
340 3329 532 3390 arbitrentur.
573 3327 632 3388 Dio
653 3327 740 3405 mihi,
775 3328 825 3388 ubi
846 3335 891 3387 ast
914 3348 998 3408 praa-

129 3551 158 3659 Ι1)
175 3593 208 3647 ln
226 3593 292 3648 edit.
311 3595 401 3663 oria:
420 3593 550 3648 asedoth,
605 3593 638 3660 2)
660 3591 689 3644 In
709 3591 752 3648 ed.
769 3591 843 3643 lan:
862 3593 910 3644 sic.

132 3667 161 3730 ⁸)
185 3669 205 3718 t.
225 3663 289 3720 Cor.
309 3666 352 3722 15.
