2258 4002
121 123 182 196 184
307 125 435 184 Amantio
456 143 532 184 omn.
551 128 629 183 artie.
649 125 684 182 D.
704 127 740 184 ll.
757 125 789 184 L
806 143 855 200 per

119 287 246 344 mactae
268 280 421 346 vocabulo
433 282 651 351 nominaretur,
673 300 735 362 quo
749 281 970 364 significaretur
983 301 1043 344 aon
1119 341 1120 344 ,

120 385 188 426 asae
210 364 438 442 remissibilem,
469 367 548 424 sicut
569 383 675 426 revera
696 365 884 426 remissibilia
907 386 967 428 non
991 375 1046 442 est,
1123 399 1124 418 2

119 447 311 529 disciplinam
334 447 468 522 Domini,
501 448 597 510 multo
622 449 720 508 minus
743 449 903 510 vendibilis
926 456 957 509 et
978 467 1046 508 cau-
1123 467 1124 501 ι

119 531 272 612 ponabilis
293 530 458 610 aliquando
477 531 665 606 crederetur,
698 533 776 592 siout
797 532 888 592 hodie
908 533 1047 594 videmus
1123 551 1124 584 ι

120 611 184 674 lieri
208 613 340 679 conficta
361 615 420 674 ista
451 632 532 674 nova
554 615 778 694 satisfactione,
812 634 892 694 quae
915 615 1049 695 plenarie
1123 633 1124 666 ι

120 699 292 774 remittitur,
315 715 383 756 cum
407 697 485 774 talis,
507 703 541 756 ιιι
555 697 628 772 dixi,
652 701 913 778 essenoupossit,
936 698 1047 758 nedum
1123 743 1124 748 ι

120 781 330 861 poenitentiae
352 782 441 841 tertia
463 799 535 860 para
557 781 673 840 censeri
695 779 815 842 debeat.
1123 799 1124 834 1

204 863 292 924 Unde
313 863 347 929 in
367 881 508 924 sermone
531 881 599 923 meo
629 864 795 924 vernaculo
817 865 977 943 insigniter
1000 863 1050 924 ad·
1123 880 1124 918 ι

120 947 188 1022 ieci,
211 964 273 1007 non
297 964 365 1006 essa
387 947 462 1006 istas
484 952 544 1006 tres
567 954 668 1025 partes
690 949 908 1026 poenitentiae,
938 955 971 1006 ut
993 947 1051 1026 ipsi
1122 967 1124 1002 ι

123 1047 240 1090 morem
262 1027 379 1089 habent
400 1029 438 1088 de
460 1030 503 1088 eis
528 1028 626 1107 loqui:
647 1048 768 1108 semper
790 1031 871 1090 enim
893 1027 977 1090 volui
1001 1049 1051 1089 ex·
1123 1051 1124 1074 ι

122 1119 242 1192 ceptam
271 1109 461 1190 disciplinam
485 1111 625 1188 Domini,
664 1130 755 1190 quam
774 1132 846 1174 esse
877 1113 989 1192 negavi
1013 1111 1052 1172 ah

121 1193 184 1255 ullo
196 1193 418 1271 remissibilem,
437 1193 491 1256 sed
503 1202 619 1254 tantum
632 1195 853 1274 imponiltilem,
874 1195 947 1256 ideo
959 1195 1051 1256 aliam
1122 1217 1124 1251 ι

121 1277 297 1338 necessario
321 1276 402 1355 fore,
434 1286 463 1336 et
485 1296 635 1356 nusquam
660 1277 861 1358 descriptam,
895 1297 987 1358 quam
1010 1277 1052 1336 illi
1117 1300 1124 1335 ι

57 1388 60 1399 =
122 1359 362 1420 satisfactionem
386 1360 507 1435 docent,
530 1357 666 1440 totaml)
691 1362 831 1421 iamenu
854 1361 1053 1441 Papaeposi-
1123 1383 1124 1418 ι

122 1449 196 1520 tam,
220 1443 313 1502 etiam
334 1443 429 1502 invita
450 1443 564 1502 institia
587 1442 700 1505 divina.

508 1607 671 1670 Sextus:

186 1722 352 1802 donnino,
383 1743 463 1804 quae
485 1731 610 1803 paratur
632 1744 686 1804 per
708 1725 952 1802 discussionem,
987 1725 1052 1785 eol·

184 1807 365 1884 lectionem,
401 1812 432 1866 et
468 1805 704 1868 detestationem
736 1812 952 1888 peccatorum,
991 1825 1053 1887 qua

184 1891 251 1970 quis
273 1889 424 1970 recogitat
445 1909 543 1950 annos
565 1909 639 1950 suos
660 1892 690 1951 in
708 1890 911 1952 amaritudine
929 1891 1054 1951 animae

186 1985 284 2051 suae,
301 1972 502 2053 ponderando
525 1983 723 2054 peccatorum
745 1975 943 2054 gravitatem,
979 1973 1054 2032 mul-

184 2056 355 2135 titudinem,
378 2056 565 2132 loeditatem,
596 2057 792 2117 amissionem
815 2064 960 2117 aeternae
982 2056 1054 2116 bea·
1111 2084 1113 2090 ¹

184 2139 329 2216 titudinis,
353 2145 384 2199 et
405 2131 637 2218 acquisitionem
661 2147 803 2200 aeternae
822 2139 1053 2212 damnationis:

183 2222 260 2282 haec
284 2222 425 2282 contritio
447 2222 520 2282 lacit
541 2222 747 2302 hypocritam,
762 2223 838 2283 imo
860 2223 960 2302 magis
982 2240 1053 2302 pec-

185 2311 331 2366 catonem.

215 2438 361 2515 Quamvis
399 2436 480 2499 hanc
516 2439 745 2500 conclusionem
768 2440 859 2499 etiam
884 2439 1053 2499 Cassianus

124 2521 253 2600 doceat,
289 2528 319 2582 et
341 2535 449 2583 sensus
472 2523 642 2582 communis
666 2522 867 2584 omnium-ita
888 2521 918 2582 in
942 2540 977 2581 se
1000 2540 1054 2582 ex·

123 2605 273 2684 periatur,
303 2611 336 2666 ut
356 2603 542 2684 superfluum
567 2607 606 2664 sit
631 2603 753 2684 probari
777 2623 861 2674 eam,
893 2615 995 2666 tamen
1021 2611 1054 2664 ut

122 2686 297 2748 obstruatur
337 2706 371 2747 os
405 2688 593 2766 loquentium
631 2687 754 2766 iniqua,
787 2686 959 2767 Scripturas
993 2687 1052 2746 Dei

123 2769 329 2830 consulamus.

206 2852 336 2913 Primum
361 2853 421 2912 hoc
442 2870 533 2911 nemo
556 2850 696 2931 negabit:
719 2852 869 2914 Contritio
892 2858 1051 2930 quantum·
1123 2883 1124 2912 i

123 2934 197 2994 libet
231 2933 406 3016 magna2),
440 2936 496 2994 nisi
529 2934 583 2995 liat
615 2953 720 2996 amore
747 2934 900 3013 iustitiae,
935 2940 966 2994 et
1000 2937 1052 3010 (ut

122 3018 245 3097 ipsimet
266 3017 386 3090 dicunt)
418 3017 446 3076 in
470 3018 596 3078 caritate
617 3017 688 3094 Dei,
724 3035 786 3078 non
810 3024 857 3077 est
878 3033 967 3091 vera,
996 3016 1050 3075 sed

123 3100 274 3161 simulata.
318 3100 430 3161 Omnia
450 3101 541 3176 enim,
575 3119 654 3179 quae
676 3108 763 3161 extre
785 3101 941 3160 caritatem
963 3097 1050 3177 liunt,

123 3182 206 3259 nihil,
231 3190 364 3243 veneat
390 3183 467 3242 falsa
493 3189 581 3257 sunt,
616 3191 648 3242 ut
671 3187 698 3246 l.
722 3182 858 3244 Corinth.
881 3185 928 3246 13.
958 3181 1051 3242 donet

123 3261 252 3340 Paulus,
281 3265 435 3343 quianon
458 3265 534 3324 liunt
556 3284 594 3324 err
617 3271 682 3326 toto
706 3265 814 3340 eorde,
842 3264 924 3343 quod
947 3268 1049 3324 autem

126 3365 165 3410 err
194 3346 286 3406 corde
320 3365 382 3407 non
414 3346 462 3425 lit,
494 3348 554 3406 iam
588 3347 759 3428 hypocrisis
790 3354 853 3434 est,¹
878 3349 957 3408 sicut
979 3347 1051 3406 dicit

199 3542 276 3605 l)1n
296 3542 338 3596 ed.
358 3544 441 3610 orig:
472 3549 536 3596 tcta.
591 3543 623 3604 st
643 3542 728 3598 ibid:
755 3545 946 3598 conhitlonarn
966 3557 1051 3613 qnan-

128 3614 186 3662 tum
206 3626 336 3679 magnam
355 3641 389 3652 -
408 3627 464 3666 non
483 3617 525 3668 est
542 3629 614 3668 vara.
