2258 4002
257 115 260 120 '
317 111 352 168 D.
369 109 404 168 li,
422 110 500 167 tmttu
517 109 702 166 Prasiudiurn.
913 106 975 176 111

66 266 134 328 nidis
154 267 226 345 ingo
245 266 387 344 soiennrs,
409 265 502 346 quod,
525 267 576 346 qui
601 265 789 328 Christianus
812 271 868 344 est,
890 264 974 326 onst*

65 358 133 411 stum
147 349 248 428 babet,
267 351 317 429 qui
332 349 482 409 Christum
506 349 608 425 habet,
633 349 746 426 omnia,
767 367 846 427 quae
864 348 976 410 Christi

64 441 140 511 sunt,
162 433 278 508 habet,
299 434 403 492 omnia
422 441 549 512 potens,
576 432 614 492 de
642 450 703 511 qno
726 431 814 512 pluro
835 439 866 492 et
887 433 975 492 robu-

63 518 137 594 stius,
159 515 211 576 ubi
233 517 293 576 ista
313 516 419 576 amiois
432 518 507 576 meis
518 517 645 595 papistis
668 515 829 595 displioero
838 534 976 578 sensero.

114 643 164 704 De
194 641 454 705 sacramento
482 651 680 704 extremae
708 643 918 705 unctionis.

133 761 213 822 Huio
238 759 448 840 ungendorum
461 760 647 822 infirmorum
670 763 738 820 ritui
752 761 828 824 duas
850 760 977 822 additio-

61 865 107 904 nes
127 864 197 904 sese
220 844 329 925 dignas
357 843 539 904 addiderunt
560 843 696 924 theologi
725 846 831 907 nostri.
878 843 976 906 Unam

62 926 134 1008 quod
157 935 383 988 sacramentum
406 927 572 1006 appellent,
602 927 745 1009 alteram,
774 926 857 1006 quod
879 932 978 988 estro·

62 1031 132 1070 mam
177 1011 311 1088 iaciunt,
354 1011 452 1088 sitque
495 1029 577 1070 nuno
615 1019 838 1072 sacromentum
881 1020 978 1072 extre·

61 1113 120 1154 mae
141 1095 314 1168 unctionis,
344 1111 423 1172 quae
452 1094 508 1153 nisi
538 1096 568 1152 in
598 1103 735 1154 extremo
760 1095 839 1154 vitae
862 1095 978 1173 agonti-

12 1178 109 1237 bns
130 1178 270 1256 periouio
294 1176 358 1236 dsri
386 1194 448 1236 non
472 1175 591 1238 debeat.
644 1177 733 1238 Forte
704 1182 816 1250 t(ut
841 1186 912 1238 suut
934 1197 978 1236 ar·

12 1261 13 1352 t
60 1261 116 1356 guti
154 1259 328 1332 dialectici)
368 1259 525 1320 relativam
562 1259 700 1320 feoeruut
733 1261 770 1320 sd
804 1261 978 1320 unotionam

58 1345 181 1423 primam
213 1342 354 1423 baptismi
385 1349 415 1401 et
437 1350 599 1422 sequentes
622 1343 715 1421 dues,
738 1341 979 1404 oonfirmationis

59 1435 85 1486 et
106 1426 233 1486 ordinis.
289 1425 402 1486 Verum
440 1426 553 1486 habent
580 1425 645 1502 bio,
679 1425 797 1504 quod'
790 1445 820 1486 ιιι
849 1445 884 1488 os
906 1427 980 1488 mibi

59 1509 234 1586 retundant,
264 1527 391 1587 nempe,
419 1509 500 1587 quod
530 1510 692 1570 autoritate
713 1509 815 1570 iaoobi
845 1510 980 1590 apostoli

58 1593 102 1650 hio
123 1592 290 1671 promissio
313 1598 344 1651 et
366 1591 486 1670 signum
509 1593 561 1668 sit,
589 1592 700 1670 quibus
727 1611 785 1671 ego
808 1609 979 1653 santamen-

12 1725 13 1734 ι
60 1681 116 1734 tum
147 1675 296 1736 eonstitui
324 1673 472 1734 haetenus
494 1673 567 1734 dixi.
609 1675 690 1734 Dioit
717 1677 858 1751 enim*):
887 1675 918 1736 Si
940 1676 982 1734 iu·

12 1755 13 1788 ³
57 1756 190 1818 firmatur
211 1759 279 1837 quis
301 1758 331 1816 in
352 1757 450 1834 vobis,
471 1756 596 1819 induoat
607 1759 804 1838 presbyteros
817 1759 978 1834 eumeniae,

60 1849 85 1900 et
107 1848 200 1902 orent
222 1859 314 1920 super
336 1859 421 1916 eum,
444 1847 594 1919 ungentes
615 1859 684 1902 eom
709 1842 778 1902 oleo
802 1842 831 1901 in
854 1843 980 1902 nornine

58 1924 191 2001 Domini,
214 1931 245 1984 et
267 1923 367 1984 oratio
388 1921 459 1984 iidei
481 1922 612 1983 salvabit
626 1923 786 2002 infirmum,
807 1931 838 1986 et
860 1924 979 1986 allevia-

58 2007 96 2068 bit
116 2026 190 2068 eum
212 2007 377 2084 Dominus,
401 2012 440 2084 et,
463 2006 538 2066 siin
562 2009 695 2087 peooutis
717 2006 771 2084 sit,
793 2010 981 2068 remittentur

59 2092 91 2152 ei.
133 2090 235 2168 Eoos,
257 2091 411 2169 inquiunt,
439 2090 602 2169 promissio
629 2093 816 2152 remissionis
838 2100 978 2172 pensato·

61 2193 120 2233 rum
145 2181 180 2233 et
201 2174 320 2252 signnm
344 2171 414 2234 olei.

12 2269 13 2272 ’
137 2256 209 2335 Ego
232 2262 333 2316 sutem
357 2254 442 2334 dieo,
471 2255 496 2314 si
518 2255 637 2336 uspiam
662 2253 820 2318 deliratum
843 2266 899 2334 est,
920 2257 981 2319 hoo

61 2340 125 2400 loeo
151 2340 320 2419 praeeipue
347 2337 506 2398 deliratum
535 2346 591 2399 est.
634 2339 749 2401 Omitto
772 2342 870 2416 enim„
897 2341 980 2419 quoti

60 2423 135 2482 hene
158 2423 323 2502 epistotam
347 2441 409 2482 non
432 2439 500 2482 esse
521 2423 653 2501 apostoli
675 2423 795 2500 iacobi,
823 2443 882 2484 neo
909 2443 980 2504 apo-

60 2506 167 2566 stoiioo
190 2505 297 2585 spiritu
315 2504 449 2584 dignam,
473 2505 557 2565 multi
580 2506 668 2568 valde
682 2507 880 2586 probabiliter
901 2526 981 2568 usse·

60 2596 133 2667 rant,
157 2589 230 2648 iioet
252 2587 474 2648 eonsuetudine
486 2590 694 2664 autoritatem,
715 2591 922 2669 ouiusounque
931 2592 982 2668 sit,

61 2671 234 2734 obtinuerit.
282 2671 398 2730 Tamen
425 2673 449 2731 si
479 2673 569 2732 etiam
601 2683 682 2732 esset
710 2674 842 2752 apostoii
870 2673 983 2752 iacebis

63 2755 205 2831 dicerem,
226 2772 288 2814 non
313 2754 405 2814 lioere
426 2754 600 2833 apostolum
623 2773 679 2816 soe
701 2759 863 2818 autoritate
884 2775 984 2816 saara*

63 2848 195 2900 mentum
229 2837 404 2933 instituere,
434 2837 464 2896 id
489 2845 550 2916 est,
583 2838 716 2900 divinam
749 2843 983 2920 promissionem

64 2941 127 2982 oum
153 2921 298 2982 adiuncto
327 2922 415 3000 signo
446 2920 529 2982 dere.
565 2921 634 2982 Hoo
662 2924 741 2984 enim
770 2923 808 2984 ad
832 2923 982 2986 Christum

62 3006 159 3065 solum
189 3003 371 3084 pertinebat.
413 3003 464 3064 sie
483 3004 594 3064 Paulus
609 3024 678 3066 sese
700 3007 857 3103 aooepisse
884 3028 903 3068 ιι
925 3007 985 3068 Do

63 3089 143 3148 mino
169 3086 477 3148 dicitsaoramentum
490 3089 699 3166 eucharistiae,
722 3097 752 3150 ot
772 3091 908 3170 missum,
920 3109 982 3150 non

64 3179 94 3232 ut
121 3171 273 3250 baptiset,
304 3169 359 3230 sed
388 3177 420 3230 ut
447 3173 645 3251 evangeiiset.
694 3171 849 3253 Nusquam
882 3183 987 3234 sutem

63 3253 202 3333 legitur
193 3274 224 3314 ιιι
248 3253 408 3332 evaugelio
431 3256 582 3314 unctionis
598 3256 686 3316 istius
708 3264 864 3318 extremae
881 3274 985 3316 soora·

66 3347 209 3399 mentum.
253 3336 314 3398 sed
337 3338 431 3398 missa
452 3337 598 3400 iaciamus
625 3347 656 3399 et
676 3341 735 3400 ista
756 3339 900 3420 apostoli,
921 3341 986 3401 sive

66 3421 201 3500 quisquis
223 3419 313 3482 suerit
333 3419 483 3500 epistolae
503 3422 630 3500 autor,
622 3441 690 3501 ipsa
703 3423 859 3484 rideamus
883 3422 985 3504 verbs,

79 3643 81 3646 .
122 3603 150 3670 ι)
168 3603 260 3660 ramo.
280 3603 304 3658 s.
