2254 4008
124 153 167 223 72
378 157 420 214 Da
441 159 519 230 Oapt.
541 159 637 230 Babyl.
655 159 796 216 Ecclesiae

210 313 310 378 Unum
335 314 385 374 bic
409 314 508 394 addo,
540 315 622 396 quod
652 317 766 377 utinam
796 316 912 377 cunctis
939 334 1055 395 queam

123 395 325 478 persuadere,
346 397 376 458 id
399 401 460 479 est,
485 405 516 458 ut
537 405 611 460 vota
633 419 758 481 prorsus
781 400 884 460 omnia
906 400 1053 460 tolleren-

113 487 171 542 -tur
193 489 246 541 aut
269 482 449 559 vitarentur,
480 483 545 542 sive
567 484 627 542 sint
649 483 845 564 religionum,
876 485 941 544 sive
965 501 1055 563 pere—

111 563 344 644 ¹grioatiouum,
375 566 439 624 sive
467 584 719 646 quorumcunque
741 585 885 647 operum,
914 586 1053 628 manere-

124 665 254 726 musqua
280 648 310 707 in
340 647 480 709 libertate
509 649 739 730 religiosissima
767 657 796 710 et
831 651 1053 732 operosissima

124 731 276 810 baptismi.
318 732 385 791 Dici
410 751 471 793 nou
496 739 612 812 potest,
636 741 780 812 quantum
810 732 949 793 detrahat
976 733 1053 814 bap-

124 814 215 874 tiemo
252 819 283 874 et
316 812 459 874 obscuret
492 816 650 876 scientiam
684 816 829 876 libertatis
859 816 1054 877 Christianae

126 898 231 977 opinio
253 895 306 957 illa
328 906 480 975 votorum,
502 898 570 978 plus
593 899 686 960 nimio
709 898 852 974 celebris,
877 906 909 959 ut
929 900 1051 960 iuterim

122 986 242 1042 taceam
264 979 388 1040 infanda
410 982 500 1041 etiam
524 1001 621 1062 eaque
635 981 753 1042 infinita
773 983 908 1062 pericula
933 983 1049 1044 auima-

122 1083 207 1142 rum,
229 1082 308 1142 ques
330 1063 463 1125 vovendi
483 1066 542 1124 ista
563 1065 656 1127 libido
689 1066 924 1145 inconsultaque
955 1073 1049 1126 teme-

123 1147 197 1207 ritas
219 1147 355 1226 quotidie
378 1153 479 1228 auget.
522 1147 549 1210 0
576 1149 747 1228 impiissimi
770 1148 931 1228 pontifices
954 1156 985 1209 et
1006 1150 1050 1209 in·

123 1229 288 1290 lelicissimi
311 1237 461 1309 pastores,
484 1231 534 1309 qui
552 1250 659 1292 secure
681 1233 815 1311 stertitis,
838 1239 868 1292 ct
887 1233 919 1292 in
941 1232 1050 1292 vestris

124 1312 341 1392 cupiditatibus
371 1313 532 1390 lascivitis,
566 1321 596 1374 at
619 1314 691 1374 nibil
714 1315 923 1394 compatimini
958 1333 1052 1395 super

123 1397 181 1456 ista
208 1397 391 1457 contritione
418 1395 530 1477 Ioseph
558 1399 693 1477 pessima
720 1404 751 1458 et
777 1398 1049 1479 periculosissima.

207 1479 351 1560 Oportuit
379 1479 428 1538 hic
454 1480 590 1559 generali
624 1478 724 1541 edicto
754 1481 803 1540 vel
829 1480 935 1544 tollere
963 1487 1048 1561 vota,

122 1560 176 1622 illa
196 1563 375 1641 praesertim
399 1569 559 1642 perpetua,
586 1569 616 1624 et
638 1563 677 1624 ad
699 1563 841 1644 baptismi
865 1570 938 1625 vota
959 1582 1050 1624 ouuc·

121 1651 170 1705 tos
192 1663 341 1706 rovocare
362 1645 410 1705 vel
434 1645 595 1724 diligenter
618 1665 758 1722 monere,
781 1648 909 1726 nequis
933 1652 1049 1707 temere

56 1744 59 1752 ·
124 1734 265 1806 voveret,
299 1728 413 1788 nullum
445 1729 591 1806 invitare,
624 1731 687 1791 imo
716 1729 854 1790 difficiles
882 1729 1050 1809 tardosque

122 1829 192 1871 esse
213 1810 252 1872 ad
275 1799 570 1891 rotc’permittenda.
604 1812 734 1873 Abunde
757 1814 836 1873 enim
860 1814 999 1873 vovimus
1015 1812 1047 1872 iu

122 1892 286 1973 baptismo,
309 1900 339 1954 et
350 1895 419 1974 plus
442 1913 532 1974 quam
544 1897 697 1975 possimus
712 1896 849 1977 implere,
873 1902 921 1957 sat
932 1897 1048 1975 negotii

123 1975 272 2053 habituri,
301 1979 326 2037 si
355 1977 425 2037 huic
447 1980 498 2038 uni
519 1979 745 2042 intenderimus.
791 1979 834 2040 At
860 1999 941 2039 nuuc
963 1997 1049 2039 mare

122 2069 153 2120 et
174 2059 289 2120 aridam
313 2061 484 2140 circuimus,
507 2067 539 2122 ut
561 2061 673 2124 multos
696 2062 868 2142 proselytos
890 2062 1049 2139 iaciamus,

121 2142 268 2203 mundum
290 2142 516 2221 sacerdotibus,
539 2145 714 2220 monachis,
738 2144 920 2206 monialibus
941 2144 1048 2224 imple-

122 2245 204 2301 mus,
241 2233 272 2286 ct
301 2224 357 2286 bos
386 2245 493 2286 omnes
522 2227 676 2306 perpetuis
705 2229 785 2287 votis
812 2229 1048 2289 incarceramus.

121 2307 179 2367 Hic
199 2307 353 2385 invenias,
382 2308 433 2387 qui
462 2307 616 2390 disputent
638 2316 668 2370 et
689 2315 839 2387 statuant,
868 2329 946 2389 opus
968 2311 1050 2370 intra

122 2395 226 2452 votum
249 2409 317 2451 esse
338 2391 543 2471 praestantius
565 2411 660 2472 opera
682 2399 768 2454 extra
784 2399 816 2453 et
836 2395 913 2455 citra
929 2401 1046 2468 votum,
1072 2441 1081 2460 .

111 2481 153 2542 ,et
174 2475 280 2534 nescio
302 2474 422 2553 quantis
445 2475 588 2554 praemiis
617 2477 647 2535 iu
670 2476 759 2537 coslo
789 2475 855 2536 aliis
877 2476 1047 2555 praeieran-

121 2555 203 2618 dum.
236 2556 391 2618 Pharisaei
404 2558 488 2617 caeci
512 2563 542 2618 et
562 2559 657 2638 impii,
679 2560 731 2638 qui
753 2579 793 2619 ex
815 2577 941 2638 operum
964 2577 1047 2639 mag·

120 2638 257 2700 nitudine
285 2646 316 2700 et
345 2639 551 2720 multitudine,
581 2642 681 2702 aliave
709 2642 855 2721 qualitate
883 2643 1048 2704 metiuntur

118 2723 265 2783 iustitiam
302 2730 332 2783 at
358 2725 569 2802 sanctitatem,
605 2743 684 2803 quae
720 2745 760 2785 ex
794 2723 861 2785 sola
882 2724 943 2786 fide
965 2724 1046 2806 apud

120 2806 219 2865 Deum
244 2813 450 2884 mensuratur,
478 2807 560 2886 apud
589 2826 679 2886 quem
703 2807 786 2867 nulla
810 2815 856 2871 est
878 2808 1047 2870 differentia

121 2907 258 2968 operum,
282 2890 339 2948 nisi
361 2896 475 2968 quanta
498 2895 544 2950 est
565 2889 635 2950 fidei
658 2890 836 2951 differentia.

203 2971 331 3032 Faciunt
351 2971 411 3032 hac
434 2971 530 3032 bucca
552 2991 608 3033 sua
639 2973 779 3033 homiues
801 2974 886 3053 impii
919 2974 982 3034 suis
1003 2975 1046 3034 in·

119 3053 313 3115 ventionibus
344 3055 522 3135 opinionem
554 3063 584 3115 et
614 3074 709 3136 opera
742 3056 898 3116 homiuum
929 3055 1045 3134 inflant,

120 3136 158 3197 ad
183 3135 378 3196 alliciendum
394 3138 537 3198 stolidum
551 3138 672 3217 vulgus,
696 3138 778 3217 quod
799 3139 903 3219 specie
918 3158 1044 3218 operum

118 3219 182 3278 lere
204 3218 332 3298 ducitur,
354 3221 383 3279 iu
409 3239 551 3301 magnam
573 3222 719 3281 iacturam
742 3219 831 3300 fidei,
859 3221 1044 3283 oblivionem

119 3301 272 3380 baptismi,
294 3303 433 3361 iniuriam
457 3302 604 3363 libertatis
627 3302 826 3366 Christianae.
864 3303 940 3365 (lum
964 3305 1043 3365 anim

119 3392 223 3443 votum
247 3385 285 3443 sit
306 3383 358 3444 lex
381 3383 531 3468 quaedam
554 3392 585 3444 et
605 3387 743 3460 exactio,
772 3389 948 3450 necessario
970 3387 1043 3448 mul-

118 3465 262 3544 tiplicatis
286 3468 365 3527 votis
387 3467 471 3546 leges
494 3472 525 3527 ct
547 3485 642 3546 opera
664 3468 913 3547 multiplicantur,
936 3470 1043 3549 quibus

120 3547 327 3630 multiplicatis
348 3548 425 3609 fides
448 3551 667 3630 exstinguitur,
699 3557 730 3612 et
757 3551 899 3632 baptismi
922 3552 1044 3613 libertas

119 3629 297 3709 captivatur.
340 3630 395 3692 His
409 3630 562 3693 blanditiis
575 3633 675 3714 impiis
693 3652 754 3695 nou
771 3635 908 3698 conteuti
929 3635 1045 3698 addunt
