2262 4006
143 171 206 236 384
379 177 534 244 Responsio
553 171 586 228 D.
606 173 638 229 ll:
657 175 687 230 L.
708 175 743 228 ad
763 177 863 230 librum

145 327 285 407 papistae
308 347 384 387 voce
407 330 474 408 plus
502 339 591 407 quarn
614 331 729 409 tragica
750 339 781 389 et
795 337 962 406 stentorea,
987 327 1067 407 quod

144 411 342 470 iudicantium
365 412 464 472 throni
486 413 524 471 ab
537 412 594 471 hac
616 413 689 472 sede
706 415 858 492 accipiunt
872 413 1067 472 sententiam.

144 493 222 554 Hinc
243 496 273 553 in
297 494 434 554 Decretis
457 497 518 554 suis
549 495 648 554 multis
670 497 797 571 insanit,
831 495 914 575 quod
942 494 1069 554 inferior
1116 502 1117 536 ³

144 576 233 636 sedes
256 596 316 637 non
339 578 453 638 iudicet
466 580 662 656 superiorem.
707 579 774 638 Huc
795 579 868 639 illud
883 597 926 640 c.:
948 577 1071 638 Cuncta

145 679 200 740 per
224 659 366 720 mundum
390 662 475 721 novit
497 661 643 740 ecclesis,
666 662 747 740 quod
771 661 809 721 de
836 662 990 723 sententia
1013 659 1071 720 Ro-

145 762 255 804 maoue
276 743 425 803 ecclesiae
448 763 507 804 non
531 743 658 820 liceatlj
682 744 823 804 iudicare.
869 745 969 824 Rogo,
995 741 1070 822 quid

146 825 382 886 abominabilius
400 826 458 887 dici
487 835 517 886 et
544 828 640 886 audiri
671 837 771 906 potest
799 828 857 888 hac
886 825 1072 906 blasphema

144 919 174 970 et
207 910 356 990 sacrilega
391 909 490 971 voce?
528 909 596 970 Hoc
629 919 691 989 est,
726 909 807 989 quod
840 910 948 970 Petrus
985 910 1070 984 dicit,
1117 935 1118 968 ;

144 993 173 1055 2.
197 992 258 1052 Pet.
282 990 317 1056 2:
340 993 482 1053 Audaces
505 993 561 1052 sibi
585 993 749 1073 placentes.
794 993 904 1054 Nonne
934 993 996 1052 hoc
1025 1005 1072 1051 est

144 1077 257 1137 audere
279 1078 440 1136 audaciam
462 1076 645 1154 inauditam,
679 1077 761 1156 quod
790 1097 866 1136 unus
897 1077 993 1136 bomo
1017 1076 1070 1134 im·

145 1161 212 1238 pius
242 1167 272 1218 et
299 1159 466 1239 sacrilegus
500 1160 702 1239 omnibusque
731 1159 896 1220 sceleribus
932 1159 1071 1230 obrutus,

145 1253 206 1301 turn
236 1249 267 1301 et
293 1242 520 1302 indoctissimus
555 1252 585 1302 et
614 1243 808 1321 rudissimus,
843 1251 1023 1322 praesumat
1052 1261 1070 1299 a

144 1325 227 1385 nullu
252 1325 388 1402 iudicari,
409 1328 439 1384 in
464 1325 546 1386 uallo
563 1345 672 1401 errare,
694 1346 800 1386 ornnes
816 1324 974 1386 indicare?
1000 1323 1069 1384 Hoc

145 1417 192 1468 est
221 1407 303 1486 qnod
332 1408 523 1487 voluerunt,
544 1409 614 1470 dum
645 1411 897 1470 exsecratissimis
927 1408 1069 1487 blaspbe-

146 1493 212 1550 miis
236 1493 361 1551 docent:
384 1491 499 1572 Papam
522 1510 592 1552 esse
613 1511 703 1573 super
726 1493 908 1567 Consilium,
931 1493 998 1552 eius
1021 1509 1070 1550 ao-

145 1575 201 1635 lius
224 1593 292 1634 asse
315 1577 505 1655 interpretari
527 1575 715 1656 Scripturas,
746 1579 811 1637 eius
833 1576 976 1635 iudicium
1003 1575 1066 1632 uni·

146 1677 253 1717 versae
276 1660 425 1719 ecclesiae
447 1659 700 1738 praeferendum?
723 1659 787 1718 Nec
811 1667 927 1718 tanturn
952 1656 1068 1716 habent

145 1739 277 1818 cerebri,
308 1749 340 1801 ut
361 1743 495 1802 sentiant
518 1742 680 1802 ecclesiam
705 1745 862 1821 (quemvis
891 1739 1014 1800 fidelem
1037 1741 1067 1798 in

143 1821 285 1906 Christo)
324 1824 478 1904 spiritum'
499 1834 638 1886 sanctum
672 1825 800 1901 habore,
833 1824 919 1884 cuius
953 1823 1067 1882 iudicio

144 1913 233 1966 etiam
257 1910 384 1986 angelus
415 1908 524 1969 cedere
556 1915 715 1988 oportent,
749 1909 860 1967 nedum
889 1907 1016 1986 impium
1039 1915 1066 1964 et

146 1992 301 2051 indoctum
330 1992 483 2052 hominem
516 1993 562 2052 sui
591 2001 707 2052 tantum
734 1991 881 2050 similibus
910 1993 1066 2070 stipatum.

247 2073 315 2134 Hoc
358 2082 427 2154 est,
470 2074 552 2154 quod
594 2077 700 2135 iterum
752 2075 856 2134 Petrus
903 2073 1065 2154 praedixit,

144 2161 171 2220 2.
195 2159 257 2222 Pet.
281 2159 327 2232 3.,
354 2169 512 2233 venturos,
548 2159 599 2236 qui
621 2156 786 2218 secuudum
824 2158 963 2238 proprias
997 2174 1067 2216 con·

145 2242 350 2322 cupiscentias
370 2241 571 2302 ambularent.
615 2239 693 2316 Quid
730 2251 776 2300 ost
808 2239 977 2301 secundum
1000 2258 1066 2319 pro·

144 2325 225 2404 prias
259 2325 523 2403 concupiscentias
558 2323 728 2401 ambulare,
769 2344 858 2403 quam
899 2322 982 2403 quod
1020 2323 1067 2381 hic

145 2407 253 2467 Daniel
277 2407 366 2488 dicit,
400 2407 583 2468 adsensum
615 2415 645 2466 et
673 2409 847 2488 opinionem
878 2416 909 2467 et
930 2406 1066 2466 volunta·

144 2499 204 2552 tem
229 2511 315 2551 suam
338 2494 442 2551 omnia
462 2494 527 2571 geri
550 2491 588 2550 ab
618 2492 677 2551 boo
706 2491 798 2570 rege?
824 2484 890 2578 '³3ss
914 2491 995 2549 euim
1019 2489 1066 2547 he·

142 2597 254 2674 braice,
274 2597 304 2658 id
319 2597 401 2676 quod
416 2596 509 2658 latine
522 2616 618 2674 mens,
642 2616 759 2676 seusus,
771 2597 887 2675 opinio,
911 2595 1065 2656 arbitrium

144 2688 175 2739 et
205 2680 332 2740 affectus
362 2682 409 2739 sni
438 2699 546 2740 sensus
576 2680 699 2755 dicitur,
728 2680 810 2758 quod
840 2681 960 2740 Graece
990 2681 1066 2750 νοῦς

145 2763 193 2822 vel
222 2762 382 2847 πρόνοια,
414 2764 570 2844 quomodo
599 2763 637 2823 ad
668 2762 807 2835 sons.
830 2763 918 2824 dicit:
954 2760 1013 2836 Qui
1036 2762 1065 2819 in

146 2855 328 2927 carnesunt,
354 2865 400 2924 ea,
424 2866 502 2926 quae
524 2848 713 2922 carnissunt,
738 2847 878 2926 sapiunt,
901 2845 1066 2904 etiterum:

145 2928 307 2990 Prudentia
329 2931 429 2991 carnis
457 2950 538 2991 aiore
567 2941 621 2991 est.
665 2929 733 2989 Hoo
755 2949 879 3010 sapere,
909 2929 972 2988 hoc
1001 2947 1065 2986 seu·

145 3015 304 3074 timentum
329 3021 380 3088 (ut
402 3013 532 3094 vocant)
559 3013 667 3072 Daniel
698 3014 747 3072 liic
768 3015 879 3094 signat.
923 3011 1015 3087 Quod
1038 3013 1064 3070 in

143 3117 225 3178 papa
247 3097 308 3157 tale
336 3098 489 3172 videmus,
522 3103 554 3156 ut
584 3097 674 3156 etiam
705 3105 880 3178 contempta
911 3095 1065 3174 Scriptura

144 3181 257 3242 audaat
279 3181 316 3240 de
340 3181 408 3242 solo
431 3199 487 3240 suo
510 3179 635 3241 cerebro
654 3182 855 3260 pronunciare
878 3188 908 3240 at
931 3177 1065 3255 delinire,

144 3265 212 3326 sola
233 3264 326 3324 fretus
351 3263 517 3343 tyrannidis
529 3265 746 3342 magnitudine.
780 3263 859 3323 Hinc
883 3261 1063 3339 venitnucd

145 3368 178 3406 se
200 3348 363 3406 ecclesiam
387 3355 486 3426 vocat,
509 3345 652 3406 iudicium
676 3366 736 3407 non
760 3349 888 3426 patitur,
912 3346 1064 3424 magister,

145 3429 262 3506 doctor,
285 3438 378 3508 capnt
400 3429 597 3488 ecclesiarum
611 3449 679 3488 esse
696 3431 807 3504 nititur,
831 3428 970 3507 regulam
995 3425 1063 3485 fidei

200 3675 231 3741 l)
251 3675 282 3726 ln
301 3676 344 3729 ed.
361 3678 434 3731 lau:
453 3677 524 3730 licet.
679 3711 695 3746 0
