2262 4006
321 238 466 297 Ambrosii
489 239 599 295 Cstbsr.
619 255 645 294 a.
663 237 742 296 1521.
937 231 1000 302 313

67 401 253 482 sanptorum
276 395 456 458 credebatur
469 414 617 475 praesens
639 394 758 471 adesse,
779 395 824 455 ita
837 393 999 454 ecclesiam

69 497 173 539 nemo
203 479 303 558 ridet,
333 479 387 540 sed
419 479 518 540 solnm
549 479 645 540 credit
671 498 727 558 per
755 479 875 558 signum
905 475 1000 556 verbi,

69 561 161 640 qood
193 562 383 642 impossibile
411 569 457 624 est
484 581 612 637 sonare,
646 563 703 622 uisi
733 563 763 620 in
794 559 926 622 ecclesia
947 579 1002 639 per

68 645 218 722 spiritum
246 653 396 708 sanctum.
448 645 523 707 lude
552 646 684 707 ecclesia
711 645 793 706 Psoi.
815 645 843 707 9.
874 649 1002 704 vocatur

68 727 222 806 Aimuth‚
257 729 447 792 abscondita,
502 730 542 792 Et
574 729 718 789 articulus
750 727 838 804 fidei,
873 725 1001 786 credens

68 811 242 874 ecclesiam
274 819 411 873 sanctam
434 812 634 887 catholicam,
658 811 819 873 confltetur
841 829 909 870 sam
932 829 1002 869 nus·

69 913 171 973 quam
194 915 349 976 nunquam
371 913 535 976 oppenere,
563 897 722 975 aufertque
749 892 787 955 ab
817 912 855 956 eo
878 911 1001 954 omnem

68 977 181 1038 locum
212 987 242 1040 et
270 997 450 1058 personam,
482 982 561 1040 sicut
582 985 613 1038 et
634 979 747 1038 Pautns
769 976 838 1038 oar.
861 980 889 1041 b.
913 975 1003 1036 dicit:

68 1061 106 1120 ln
132 1060 258 1122 Christo
280 1062 348 1122 iesu
371 1081 432 1123 non
456 1069 503 1123 est
523 1062 678 1122 masculus
707 1068 760 1121 aut
780 1061 909 1136 femina,
937 1059 1003 1119 bar-

69 1143 171 1204 barus
201 1151 254 1207 ant
275 1144 428 1225 Graecus,
461 1145 537 1206 liber
566 1152 619 1205 aut
649 1162 770 1223 servus,
799 1141 930 1204 Iudaeus
952 1147 1005 1202 aut

71 1228 213 1304 gentitis,
235 1227 289 1288 sed
313 1247 420 1289 omnes
442 1247 498 1289 vos
521 1249 614 1289 onum
636 1229 709 1288 estis
731 1229 761 1287 in
781 1227 902 1288 Christo
923 1225 1002 1286 Iesu.

70 1309 128 1370 Sic
162 1319 227 1372 rste
259 1311 470 1390 apostolorum
500 1312 590 1374 trabit
617 1313 718 1390 pisces
747 1310 778 1370 in
814 1310 918 1389 equis,
941 1325 1003 1368 non

71 1393 112 1452 ad
139 1413 248 1474 aquas,
270 1394 324 1455 sed
346 1394 384 1456 sd
407 1395 489 1455 littus
512 1396 662 1474 exaquis,
684 1413 753 1455 cum
766 1411 827 1454 non
851 1393 911 1454 boc
932 1397 1005 1470 egat

72 1478 232 1556 piscator,
263 1484 296 1538 nt
317 1480 418 1557 pisces
447 1480 477 1538 in
500 1496 579 1558 aqua
604 1479 680 1553 sint,
711 1477 773 1537 hoc
794 1477 875 1536 enim
898 1481 1006 1535 natura

71 1578 185 1620 eorum
198 1561 259 1620 iam
272 1561 353 1638 fecit,
366 1560 420 1622 sed
433 1568 466 1621 nt
477 1581 516 1622 ex
528 1579 608 1640 eque
618 1561 785 1621 trahentur.
807 1559 853 1619 lta
867 1557 1004 1619 cbristus

72 1661 132 1722 pes·
167 1644 275 1704 vocale
305 1643 431 1704 verbnm
465 1664 483 1705 c
512 1644 619 1718 rebus,
652 1644 729 1704 loeis
762 1649 791 1702 et
824 1640 1005 1721 corporibus

73 1725 173 1786 trahit
195 1726 383 1788 Christianos
408 1745 469 1788 non
492 1728 522 1787 in
546 1747 610 1800 res,
644 1727 714 1788 loca
742 1732 773 1785 et
794 1743 941 1804 corpore,
973 1724 1003 1782 in

76 1809 193 1886 quibus
216 1810 275 1870 iam
300 1829 356 1869 sua
370 1811 670 1871 naturaconsistnnt.
713 1807 814 1870 Credo
828 1809 895 1868 istis
917 1825 1005 1886 ergu-

76 1893 192 1952 mentis
219 1893 280 1952 iem
311 1894 384 1954 sctis
412 1892 503 1953 fldem
525 1893 636 1954 factem
660 1894 712 1973 pio
735 1891 838 1964 cordi,
868 1900 899 1950 et
920 1889 1008 1970 pepi·

75 1982 196 2036 starum
228 1977 377 2036 insaniam
413 1977 486 2036 satis
509 1983 630 2048 notam,
661 1994 722 2056 qne
755 1973 916 2034 ecelesiam
947 1972 1005 2032 Dei

77 2057 117 2118 de
141 2059 228 2118 intus
245 2076 370 2138 rapere,
394 2065 424 2123 et
446 2060 476 2118 in
501 2060 577 2120 locis
599 2078 637 2118 sc
658 2058 798 2139 personis
822 2056 1005 2137 prostituere

77 2141 258 2204 moliuntur.

164 2224 234 2303 Ego
245 2233 346 2286 tamen
357 2243 418 2286 non
431 2245 514 2305 nego
526 2225 707 2304 papisticsm
722 2221 895 2295 eeclesiam,
906 2238 1006 2298 neque

77 2307 252 2386 potentiam
277 2310 358 2385 eius,
386 2327 454 2368 oum
477 2309 507 2368 in
530 2308 709 2386 Scripturis,
731 2307 804 2367 novi
826 2304 1006 2384 praesertim

77 2389 285 2468 Testamenti,
316 2391 355 2452 de
383 2391 516 2452 notiore
541 2392 691 2471 (excepto
714 2382 854 2465 consto)
887 2392 1004 2446 tantum

82 2471 254 2534 babeamus
283 2475 505 2550 testimonium,
540 2492 598 2534 nec
629 2491 736 2553 perum
767 2472 797 2532 in
819 2470 923 2530 veteri.
966 2468 1007 2529 ut

80 2571 136 2614 cur
163 2574 225 2618 non
254 2575 382 2637 pergam
410 2557 441 2616 in
470 2557 599 2638 gratiam
623 2556 778 2618 Ostharini
806 2553 881 2627 mei,
915 2558 945 2610 et
973 2553 1004 2610 in

79 2636 264 2718 obsequium
286 2641 470 2702 sanctissimi
491 2641 520 2698 in
544 2638 665 2700 Christo
687 2657 797 2719 papee,
817 2635 920 2696 vicarii
938 2634 1006 2711 Dei,

81 2721 220 2801 copiosis
241 2729 272 2784 et
292 2723 398 2784 solidis
422 2721 596 2802 Scripturas
624 2721 806 2782 testimoniis
834 2737 904 2779 eum
926 2717 1006 2796 prin·

82 2804 218 2883 cipetum
241 2805 419 2876 ostendere,
452 2812 484 2866 et
504 2805 596 2886 plane
624 2823 660 2866 ns
691 2803 829 2885 oppilare
858 2801 1005 2874 omnium,

83 2888 135 2965 qui
158 2895 273 2967 negant
295 2907 363 2949 cnm
387 2887 497 2949 divinis
510 2887 604 2948 literis
617 2886 756 2967 probari,
777 2883 917 2965 probabo
931 2900 1005 2961 ergo

81 2969 258 3031 fortissime.
300 2971 340 3032 st
361 2972 479 3051 primus
500 2971 572 3031 mibi
594 2969 723 3050 prodeat
745 2967 872 3044 Daniel,
901 2966 1005 3026 dicens

83 3071 129 3112 ca.
149 3054 178 3118 8.
202 3053 242 3114 ad
263 3053 389 3114 verbnm
412 3073 451 3115 ex
472 3053 628 3116 Hebraeo:

170 3136 216 3196 tut
246 3143 337 3217 post
365 3155 523 3217 regnum
553 3136 729 3210 illorum,
760 3129 1006 3194 obscuranti·

82 3218 152 3279 bus
191 3237 257 3280 eos
294 3217 731 3300 praevaricationibus,
777 3215 902 3276 stabit
939 3231 1005 3273 rex

83 3301 429 3381 potenstaciebus,
452 3307 489 3363 et
509 3301 745 3380 intelligens
764 3296 1006 3380 propositio·
1055 3306 1059 3314 '

84 3403 181 3446 num.
226 3382 270 3444 bt
293 3383 544 3446 roborabitur
567 3384 753 3445 efficacia
776 3401 850 3456 sus,
873 3385 909 3440 et
932 3396 1005 3438 non

85 3468 121 3527 in
152 3467 345 3528 citioscis
366 3485 438 3528 sue
476 3474 512 3528 et
541 3465 741 3527 mirabilia
773 3467 1005 3542 corrumpet,

87 3556 123 3610 et
150 3548 453 3631 prosperabitur
482 3556 518 3610 et
547 3549 681 3624 facist,
714 3554 750 3607 et
782 3549 1007 3624 corrumpet

86 3632 271 3714 robuste,
305 3638 341 3694 et
372 3633 569 3713 populum
604 3631 851 3705 Sanctorum,
887 3633 926 3688 et
957 3624 1005 3686 ad

87 3733 241 3777 sensnm
274 3734 382 3777 snum
412 3715 495 3778 erit.
539 3714 584 3775 Et
611 3710 917 3794 prosperabitur
938 3708 1005 3770 do=
