2254 4008
159 180 207 252 70
423 179 467 236 De
485 181 562 251 cept
579 179 678 250 Babyl.
697 181 837 236 Ecclesiae

165 355 222 418 pro
251 336 386 412 Christo,
414 355 470 416 pro
501 336 559 400 hso
589 336 738 398 duntaxat
768 336 867 396 clamo
897 333 1045 396 libertate
1065 337 1091 394 et

168 429 198 482 et
220 421 418 496 conscientia,
443 419 603 499 clamoque
624 419 771 480 fidenter:

251 503 429 564 Christianis
460 503 531 563 nihil
555 495 616 562 ullo
640 506 704 562 iure
726 523 819 583 posse
841 503 956 582 imponi
981 501 1092 579 legum,

166 589 232 646 siva
255 586 293 646 ab
323 585 497 647 hominibus
529 588 593 648 sive
620 586 658 647 ab
690 586 826 666 angelis,
860 587 916 645 nisi
946 589 1091 664 quantum

167 670 289 746 volunt,
323 670 410 730 liberi
442 672 521 730 euim
551 689 654 730 snmus
685 669 722 730 ab
751 668 903 730 omnibus.
954 667 1050 744 Quod
1072 669 1093 726 si

167 772 246 832 qpae
269 755 476 833 imponuntur,
499 755 544 812 sic
565 753 690 814 ferenda
713 758 793 830 sunl,
815 758 847 812 ut
860 752 1010 813 libertatis
1023 769 1093 812 con-

165 838 294 898 scicntia
316 837 403 896 salva
424 838 478 911 sit,
511 856 590 916 quae
611 839 689 896 sciet
711 843 741 896 et
762 843 846 896 certo
869 834 1021 910 affirmet,
1054 834 1092 892 in-

166 921 272 982 iuriam
296 919 353 978 sibi
376 919 450 997 fieri,
473 938 563 998 quam
588 939 657 980 cum
681 919 779 999 gloria
801 919 894 998 ferat,
915 919 958 977 ita
981 935 1092 977 cavens

167 1023 207 1062 ne
227 1003 370 1063 iustificat
387 1010 559 1082 tyrannum,
581 1009 664 1062 utne
687 1009 972 1063 murmuretcontra
995 1009 1094 1082 tyran·

166 1085 278 1146 uidem.
323 1086 397 1160 Quis
421 1087 501 1146 enim
525 1095 571 1146 est
596 1084 830 1165 (stipabunt),
855 1086 905 1163 qui
929 1084 1018 1145 vobis
1043 1103 1095 1143 no·

168 1175 245 1242 oeet,
266 1169 293 1228 si
316 1167 431 1229 bonum
453 1169 596 1232 aemulati
619 1171 744 1246 fueritis,
768 1171 872 1229 omnia
888 1175 1094 1246 cooperantur

169 1251 274 1316 electis
313 1253 342 1312 in
367 1252 501 1314 honum.
557 1254 700 1312 Attamen
736 1253 807 1331 quia
835 1251 916 1312 hanc
951 1251 1094 1330 baptismi

168 1335 297 1415 gloriam
315 1341 362 1398 -et
399 1336 546 1396 libertatis
575 1336 765 1396 Christianae
792 1335 969 1394 felicitatem
1005 1335 1094 1414 pauci

169 1425 334 1493 noverunt,
358 1437 416 1478 nec
437 1438 511 1498 prae
533 1418 694 1498 tyrannide
716 1438 816 1498 papae
838 1437 932 1478 nosse
954 1423 1096 1497 possunt,

166 1501 235 1580 ipse
258 1519 306 1562 me
327 1501 377 1564 hio
390 1502 533 1581 expedio,
556 1509 587 1562 et
609 1503 828 1562 conscientiam
851 1500 1096 1578 meamrcdimO,

167 1584 357 1664 compellans
380 1604 492 1664 papam
516 1590 546 1644 et
568 1605 675 1645 omnes
699 1589 845 1664 papistas,
869 1583 1024 1663 quodnisi
1041 1603 1098 1644 sua

168 1668 233 1726 iura
245 1674 276 1728 et
288 1667 466 1730 traditiones
478 1668 663 1746 sustulerint,
685 1676 716 1728 et
727 1667 864 1728 ecclesiis
883 1667 995 1728 Christi
1008 1666 1099 1727 liber-

166 1756 259 1810 tatem
293 1768 379 1812 suam
413 1753 614 1828 restituerint,
650 1770 779 1830 eamque
814 1750 917 1811 doceri
953 1749 1095 1826 fecerint,

166 1853 237 1896 reos
259 1853 328 1894 esse
350 1853 404 1894 eos
427 1836 563 1897 omnium
588 1835 776 1908 animarum,
800 1853 880 1913 quae
902 1833 961 1893 hac
984 1834 1099 1892 misera

169 1917 346 1995 captivitate
367 1926 511 1996 pereunt,
540 1937 670 1996 esseque
698 1925 843 1996 papatum
873 1915 958 1976 aliud
988 1935 1099 1976 revera

167 1999 241 2059 nihil
275 2019 367 2078 quam
402 2021 529 2081 regnum
559 2000 727 2081 Babylonis
756 2007 786 2060 et
818 2001 881 2059 veri
915 1999 1098 2060 antichristi.

152 2081 244 2156 ‚Quis
276 2085 356 2142 enim
389 2090 435 2144 est
462 2084 555 2144 homo
589 2085 709 2164 peccati
737 2091 771 2152 et,
795 2083 873 2142 filius
901 2081 1098 2162 perditionis,

167 2184 258 2244 quam
280 2167 322 2243 is,
350 2167 400 2244 qui
428 2168 490 2226 suis
521 2166 667 2228 doctrinis
694 2185 732 2226 ao
763 2167 882 2226 statutis
911 2171 1045 2245 peccata
1068 2172 1100 2224 et

166 2248 369 2328 perditionem
382 2251 550 2310 animarum
563 2257 655 2329 auget
665 2250 696 2308 in
709 2248 849 2328 ecclesia,
863 2247 976 2308 sedens
989 2254 1097 2309 temen

165 2331 196 2390 in
220 2331 352 2391 ecclesia
373 2333 451 2392 sicut
472 2333 579 2394 Deus?
612 2333 652 2392 At
679 2331 740 2392 hoc
766 2337 863 2392 totum
893 2330 1017 2392 abunde
1041 2333 1099 2391 im-

167 2413 262 2493 plevit
284 2417 420 2495 tyrannis
443 2415 577 2496 papalis,
605 2417 664 2476 iam
688 2435 706 2473 a
729 2415 830 2476 multis
853 2415 983 2494 seculis,
1014 2433 1098 2493 quae

167 2495 258 2557 iidem
280 2499 441 2576 exstinxit,
463 2505 656 2559 sacramenta
678 2497 869 2571 obscuravit,
899 2498 1097 2577 evangelium

167 2582 333 2660 oppressit,
355 2601 427 2642 suas
449 2589 551 2642 autem
574 2601 634 2642 non
659 2581 751 2641 modo
779 2581 889 2660 impias
918 2588 950 2640 et
971 2580 1098 2642 saerile-

168 2681 239 2740 gas,
267 2683 371 2723 verum
400 2665 491 2724 etiam
520 2663 664 2724 barbaras
694 2672 724 2724 et
750 2664 979 2726 indoctissimus
1007 2664 1097 2744 leges

166 2745 335 2824 imperavit,
358 2752 389 2807 et
410 2748 476 2806 sine
497 2747 558 2808 fine
577 2747 799 2827 multiplicavit.

242 2827 327 2888 'Vide
346 2833 423 2908 'ergo
447 2832 599 2892 miseriam
629 2831 813 2910 captivitatis
843 2835 981 2903 nostrae,
1014 2847 1095 2907 quo-

128 2975 130 2984 ,
169 2909 261 2970 modo
284 2911 391 2972 sedeat
411 2913 478 2973 sola
501 2915 608 2973 civitas
632 2913 724 2992 plena
745 2912 877 2992 populo,
900 2921 930 2971 et
953 2911 1035 2972 facta
1057 2914 1100 2972 sit

170 2991 261 3052 vidua
283 2993 407 3054 domine
429 2997 580 3074 gentium,
611 2997 752 3075 princeps
781 2995 1006 3076 provinciarum
1037 2993 1094 3052 sub

165 3075 288 3137 tributo.
332 3077 399 3137 Non
425 3079 543 3156 estqui
565 3078 740 3140 consoletur
763 3097 846 3153 cam,
877 3079 972 3138 etiem
1001 3077 1094 3138 amici

110 3158 112 3163 '
167 3159 231 3216 eius
260 3167 439 3236 spreverunt
466 3180 533 3220 eam
563 3167 620 3223 etc.
668 3162 728 3221 Tot
760 3161 899 3237 ordines,
933 3166 980 3220 tot
1005 3161 1092 3235 ritus,

166 3244 213 3302 tot
233 3246 354 3316 sectae,
384 3249 430 3302 tot
451 3244 675 3323 professiones,
705 3251 750 3305 tot
778 3243 893 3320 studia,
927 3247 973 3304 tot
996 3261 1095 3323 opera

167 3331 252 3400 sunt,
276 3323 384 3401 quibus
410 3325 500 3384 hodie
524 3327 685 3386 Christiani
709 3333 907 3406 occupantur,
930 3334 963 3385 nt
985 3325 1094 3387 oblivi-

169 3411 292 3464 scantur
312 3404 455 3484 baptismi
478 3409 540 3484 sui,
567 3416 597 3470 et
620 3429 711 3470 nemo
734 3429 807 3490 prae
830 3410 934 3470 harum
958 3409 1094 3468 locusta-

168 3507 252 3564 rum,
284 3506 458 3565 erucarum,
491 3489 672 3552 brnchorum
701 3492 891 3553 multitudine
913 3492 1094 3552 meminisse

224 3673 256 3738 ³¹³)
279 3674 302 3726 1.
322 3673 394 3728 Patr.
413 3673 438 3730 3.
