2254 4008
121 143 164 212 92
379 148 413 204 D.
432 147 510 220 caps.
530 148 627 220 Babyl
645 149 786 208 nouenos

120 308 192 364 sunt
212 322 259 378 ca,
282 321 362 384 qnae
383 303 528 365 divinitus
548 305 579 366 in
602 306 696 366 sacris
718 305 813 368 literis
834 303 945 366 tradita
962 309 1046 379 suut,

120 385 232 459 abiis,
261 405 340 465 quae
367 407 422 467 per
449 387 589 449 homines
617 391 647 448 in
677 390 824 464 ecclesia,
854 387 1048 468 quantalibet

120 471 282 530 sanctitate
304 470 503 550 doctrinaque
523 472 746 552 praepolleant,
769 480 840 534 sunt
860 473 996 533 inventa.

203 552 358 613 Hactenus
380 553 418 614 de
439 556 507 632 ipso
522 556 725 632 matrimonio,
748 555 820 635 quid
843 563 944 616 autem
963 553 1047 614 dioe-

121 655 188 696 mus
211 636 250 696 de
271 637 371 713 impiis
394 636 512 716 legibus
534 637 706 714 hominum,
737 637 846 718 quibus
874 639 934 698 hoo
961 637 1048 697 vitae

119 739 216 799 genus
238 719 380 779 divinitus
401 721 569 781 institutum
593 727 639 780 est
664 723 832 798 irretitum,
855 733 979 782 sursum
1009 731 1048 780 ac

119 803 261 864 deorsum
284 803 452 864 iactatum?
475 803 557 864 Deus
578 803 669 878 bone,
690 805 800 876 horror
817 810 863 865 est
883 802 1048 864 intendere

118 885 148 945 in
172 887 372 946 temeritatem
397 887 633 948 Romanensium
657 893 867 966 tyrannorum.
890 887 969 948 adeo
988 902 1046 966 pro

118 967 244 1029 libidine
267 989 323 1029 erra
346 968 565 1048 dirimentium',
592 990 710 1031 rursum
740 973 914 1050 cogentium
942 968 1047 1030 matri·

119 1053 231 1113 monia.
258 1052 412 1127 Obsecro,
434 1072 472 1114 an
496 1053 600 1114 datum
623 1060 671 1114 est
692 1073 797 1114 eorum
826 1053 959 1128 libidini,
991 1052 1046 1112 ho-

121 1135 235 1194 minum
260 1154 356 1208 penus
386 1155 445 1196 non
476 1137 533 1196 nisi
567 1136 605 1197 ad
634 1136 822 1209 illudendum
850 1140 882 1199 et
902 1151 1046 1215 quoquo·

119 1217 212 1278 modo
235 1217 431 1295 abutendum,
453 1226 484 1280 ot
505 1239 561 1300 pro
583 1221 721 1300 pecuniis
743 1221 871 1281 funestis
885 1218 1048 1298 quodlibet

119 1319 158 1360 ex
180 1319 218 1361 eo
240 1301 422 1365 iaciendum.

200 1383 338 1463 Vagatur
359 1385 472 1463 passim
496 1404 557 1445 non
586 1403 701 1464 parvae
723 1385 878 1462 opinionis
905 1383 984 1445 liber
1006 1403 1046 1442 ex

117 1465 248 1527 colluvie
281 1468 416 1527 omnium
445 1467 645 1528 humanarum
676 1467 873 1531 traditionum
897 1486 954 1528 ceu
978 1485 1046 1526 seu·

118 1548 182 1608 tina
204 1549 334 1627 quadam
359 1551 505 1611 collectus
527 1557 559 1610 et
581 1551 742 1628 contusus,
769 1552 821 1629 qui
843 1549 970 1611 Summa
993 1568 1046 1610 an·

119 1631 264 1710 gelioa*)
293 1633 481 1712 inscribitur,
518 1652 586 1694 oum
620 1635 720 1694 verius
750 1635 790 1694 sit
822 1653 941 1694 summa
975 1631 1046 1712 plns

119 1732 209 1791 quam
233 1715 395 1794 diabolice,
417 1719 447 1776 in
470 1735 532 1794 quo
556 1719 633 1776 inter
654 1715 772 1777 infinita
793 1722 952 1794 portenta,
982 1716 1045 1794 qui·

119 1795 175 1856 bns
198 1799 391 1860 confessores
421 1801 526 1859 instrui
555 1805 716 1879 putentur,
748 1799 818 1859 dum
847 1798 1045 1879 perniciosis·

118 1881 195 1941 sime
217 1881 435 1956 occluduntur,
465 1881 570 1943 decem
594 1889 625 1944 et
646 1888 717 1942 coto
739 1882 924 1942 matrimonii
950 1883 1046 1959 impe

119 1962 253 2024 dimenta
276 1970 489 2037 numerantur,
518 1985 597 2044 quae
626 1967 650 2025 si
673 1984 772 2044 aequo
796 1970 826 2024 et
853 1965 949 2025 libero
973 1962 1045 2024 fidei

120 2047 212 2107 oculo
234 2048 416 2127 inspexeris,
439 2047 638 2109 videbiscsse
661 2047 698 2108 de
720 2065 983 2120 numerosorum,
1008 2045 1047 2104 de

119 2127 228 2208 quibus
261 2126 485 2212 apostotus**)
511 2131 675 2209 praedixit:
713 2130 812 2190 Erunt
850 2129 1044 2190 attendentes

118 2210 273 2291 spiritibus
307 2213 556 2292 daemoniorum,
600 2214 631 2272 in
656 2213 818 2293 'hypocrisi
851 2213 1044 2291 loquentium

118 2294 329 2369 mendacium,
350 2295 574 2376 prohibentium
600 2295 720 2373 nubere.
768 2294 846 2371 Quid
875 2301 922 2356 est
942 2294 1044 2374 prohi-

117 2375 190 2437 bere
214 2378 344 2455 nuptias,
367 2379 393 2439 si
414 2378 474 2438 hoo
496 2396 559 2439 nou
582 2384 629 2438 est
649 2378 828 2458 prohibere,
851 2384 896 2438 tot
916 2377 1044 2458 impedi·

118 2466 222 2520 menta
243 2459 369 2538 fingere,
393 2466 424 2521 et
444 2461 571 2540 laqueos
584 2479 710 2542 ponere,
733 2481 772 2520 ne
790 2466 910 2532 coeant,
932 2466 997 2535 aut,
1019 2460 1043 2520 si

119 2543 256 2617 coierint,
279 2543 447 2604 dissolvere
469 2543 684 2604 matrimonia?
713 2543 789 2618 Quis
812 2542 896 2604 dedit
915 2542 1043 2604 homini·

117 2623 175 2684 bus
198 2626 284 2686 ,hanc
314 2626 519 2710 potestatem?
550 2627 642 2703 Esto,
673 2627 784 2687 fuerint
813 2628 909 2686 sancti
939 2631 970 2686 et
991 2627 1042 2705 pio

117 2707 184 2767 celo
205 2707 297 2778 duoti,
320 2709 392 2788 quid
417 2727 516 2768 meam
538 2708 709 2770 libertatem
733 2715 824 2770 vexat
838 2708 939 2769 aliena
957 2727 1042 2770 sano-

117 2789 208 2850 titas?
232 2790 311 2865 Quid
336 2811 384 2850 me
407 2791 541 2870 captivet
564 2793 681 2853 alienus
711 2791 815 2852 zelus?
847 2791 891 2852 Sit
913 2791 1042 2852 Sanctus

119 2875 149 2932 et
170 2871 286 2933 zelotes
298 2875 435 2953 quisquis
448 2875 531 2934 volet
553 2880 583 2934 et
594 2874 825 2954 quantumlibet,
848 2874 941 2936 modo
955 2873 1040 2935 alteri

118 2973 179 3016 non
203 2961 323 3029 noceat,
347 2963 378 3016 et
398 2956 570 3017 libertatem
592 2958 665 3017 mihi
685 2977 748 3018 nou
766 2958 875 3037 rapiat.
947 2973 949 2984 ¹

173 3133 329 3202 *)1lnctor
354 3136 434 3189 huius
466 3137 529 3190 libri
554 3141 597 3191 est
626 3137 777 3206 Angelus
807 3133 971 3189 Oarlctus
1002 3134 1040 3186 dc

118 3204 286 3259 clarasio
308 3206 418 3264 thodie:
442 3205 628 3272 Ohiavassol,
655 3208 761 3261 ordinis
786 3205 813 3259 S.
833 3207 971 3258 Francisoi
990 3209 1040 3258 irs·

117 3280 189 3328 trum
204 3278 440 3330 cismontanorum
455 3281 577 3332 Vioarins
590 3280 737 3345 generalis,
757 3280 803 3348 qui
823 3293 897 3330 anno
912 3278 980 3332 1494
997 3277 1037 3330 vel

117 3347 188 3403 1495
208 3347 334 3416 decessit,
354 3352 387 3402 cf.
407 3348 454 3402 Dr.
475 3351 613 3405 Roderich
633 3349 783 3420 Stintaing:
811 3348 974 3402 Geschichts
992 3348 1038 3402 der

117 3419 270 3484 popularen
297 3419 430 3473 Literatur
458 3421 506 3476 des
525 3421 863 3476 rdmisch-kanonischen
889 3420 988 3472 Rechts
1009 3421 1035 3472 in

98 3486 305 3542 ‘Doutsohland
325 3507 369 3542 arn
379 3491 458 3545 Eudo
477 3492 525 3544 des
544 3493 720 3546 idnizehnten
739 3493 796 3545 und
815 3492 852 3543 im
863 3489 974 3559 Ansang
991 3489 1036 3543 des

119 3559 316 3696 εεῖξεῖεἷιηῐὲη
335 3561 545 3688 JaLhrhundcrts.
581 3565 692 3638 Leipzig
712 3563 790 3640 1867,
809 3579 837 3636 p·
856 3561 908 3617 536
927 3577 986 3636 sqq.

245 3666 253 3684 .
306 3647 343 3685 m.
974 3643 976 3648 ·
