2252 4006
39 137 47 152 ⁹
149 133 212 200 222
346 135 472 214 Assertio
491 151 567 192 omn«
584 137 662 191 ertit.
681 135 717 190 Da
735 133 770 194 Ι.
788 133 820 193 L.
837 149 889 208 pst·
960 203 971 216 ⁴

150 292 283 370 spiritus,
306 295 388 373 quod
411 300 458 352 est
480 291 604 353 verbum
629 293 705 370 Dei,
735 292 875 352 dominus
901 313 981 374 pepe
1000 313 1058 352 oum

150 375 213 434 suis
240 375 515 455 pnpestris-subter
536 392 694 435 scamnum
716 371 915 437 interblsttns
934 379 1062 438 ettinees

149 466 318 537 posuerunt
341 467 371 518 et
392 477 512 518 rursum
534 458 607 518 tecti
629 466 700 518 sunt
721 460 837 519 robusti
860 469 1018 524 venatores
1037 471 1062 519 et

150 537 288 601 Nimrodi
310 543 341 601 in
365 550 461 618 torro⁷
489 543 538 620 qui
564 541 665 601 denuo
693 541 723 600 in
747 537 814 602 Deo
837 541 1062 618 Chaldaeorum,

150 625 201 702 qui
226 623 267 684 Ur
287 643 342 684 seu
364 626 444 704 ignis
466 624 530 700 suit,
560 625 673 704 omnis,
696 642 778 704 quoe
800 625 923 704 volunt,
952 627 1064 705 faciunt,

149 726 189 768 ns
211 708 282 786 quid
306 707 446 787 Bnbylon
459 707 628 767 novissime
638 707 790 786 discrepet
813 709 1064 790 anbylonepri-

150 808 218 868 soe,
247 789 302 850 ilis
329 791 447 850 exussit
475 789 580 850 Petres
603 789 730 868 Christi,
762 791 822 850 iste
858 795 958 852 exurit
993 791 1064 852 filios

149 871 270 952 Christi,
291 880 322 934 et
345 875 500 952 utriusque
522 873 602 933 idem
626 873 720 951 Deus,
742 872 785 934 Ur
806 891 929 956 semper
957 877 1014 935 urit
1040 883 1067 935 ct

149 957 256 1018 escrit.

232 1039 293 1099 Sed
317 1042 519 1119 ipsi·qnoque
544 1040 575 1098 in
600 1040 662 1098 suis
691 1040 865 1100 sacerrimis
894 1040 1064 1100 Curionibus

149 1121 313 1202 prohibent
341 1121 461 1182 clericis
494 1140 579 1183 arms
601 1129 632 1182 et
664 1123 807 1182 clericum
843 1123 912 1184 foro
945 1124 1065 1184 secuturi

150 1204 291 1266 treditum
314 1206 422 1266 volunt
444 1225 498 1286 per
520 1205 703 1284 ecclesiam,
726 1204 902 1268 efficacibus
932 1207 1067 1287 precibus

149 1289 257 1351 redimi
281 1307 300 1348 n
323 1296 430 1350 morte.
476 1289 588 1348 Vsrum
611 1288 658 1347 his
680 1287 780 1349 verbis
804 1289 911 1348 ludunt
933 1293 968 1349 in
997 1307 1066 1350 mor-

148 1371 228 1432 tibus
258 1371 466 1433 innocentum.
509 1371 587 1432 Nem
609 1373 728 1434 interim
757 1391 857 1452 pepo,
894 1373 1064 1434 clericorum

150 1455 305 1535 princeps,
328 1472 397 1515 cum
427 1453 569 1514 omnibns
597 1454 722 1534 regibus
750 1456 964 1519 cruentissime
991 1455 1066 1517 belli·

149 1543 288 1617 gerstun,
309 1540 371 1598 imo
395 1556 474 1617 quse
497 1545 616 1616 strages
639 1553 701 1598 non
723 1537 804 1598 iilius
826 1541 956 1618 imperio
977 1539 1066 1599 fiunti

149 1620 281 1696 Quendo
319 1639 381 1682 non
410 1623 536 1681 invocat
561 1621 721 1682 brachium
751 1622 889 1682 secuisse
917 1633 949 1682 et
976 1629 1065 1684 morte

150 1713 280 1783 utreque
301 1713 391 1764 terret
414 1703 581 1764 mundum?
619 1703 658 1762 Et
681 1713 782 1764 tomen
805 1706 926 1765 interim
945 1706 1065 1766 clericus

97 1861 99 1864 Ι
148 1789 216 1867 ipse
237 1789 353 1868 primus
372 1806 433 1848 non
456 1789 514 1848 fert
534 1805 630 1865 orme,
645 1786 716 1846 dum
739 1786 915 1848 efficaciter,
928 1799 994 1850 oret
1013 1807 1064 1869 pro

150 1870 337 1949 occidendis,
360 1870 431 1930 dum
453 1872 563 1947 instet,
599 1889 639 1930 ne
676 1887 758 1932 mors
780 1888 886 1931 eorum
910 1871 1065 1949 differetur,

150 1951 220 2034 utl)
244 1956 274 2014 in
298 1955 382 2015 omni
404 1953 486 2015 orbis
509 1953 622 2034 ungulo
646 1955 883 2032 exquisitissime
899 1957 1065 2035 perquiren-

150 2046 207 2098 tur.
250 2037 406 2116 Osetnn,
439 2055 458 2098 o
487 2047 592 2114 seton,
629 2055 647 2096 o
686 2045 791 2112 seton,
831 2055 890 2098 vce
919 2038 970 2098 tibi
999 2057 1062 2097 cunr

147 2138 233 2202 pepe
254 2128 285 2181 ct
315 2121 442 2201 pepistis
465 2119 577 2198 tuis²i‚
601 2121 652 2199 qui
676 2128 737 2180 tum
760 2121 952 2201 impudenter
973 2123 1003 2180 in
1024 2141 1062 2181 re

150 2205 206 2264 bus
229 2213 292 2263 tem
313 2205 399 2264 soriis
422 2203 572 2264 ecciesiae
594 2202 697 2263 luditis
719 2212 751 2264 et
772 2206 890 2264 enimes
913 2223 980 2264 oum
1005 2223 1063 2264 oor·

148 2286 275 2368 poribus
298 2287 447 2350 occiditis.
499 2304 501 2308 ’

386 2449 628 2514 Tricesimu's
661 2461 838 2532 questus:

211 2591 357 2652 Proelieri
380 2583 526 2652 adversus
541 2585 662 2671 Turoes
678 2599 724 2654 est
746 2605 918 2671 repugnare
931 2590 1004 2670 Deo,
1026 2593 1062 2652 vi·

212 2675 316 2736 citanti
337 2673 511 2753 iniquitates
533 2681 655 2734 nostros
678 2691 733 2752 per
753 2672 833 2735 iilos.

233 2791 376 2854 ruthuna
396 2790 496 2872 probo
524 2789 640 2870 duplici
666 2791 857 2872 experientia
883 2791 1059 2852 inistioitstis

149 2883 283 2937 nostroe.
332 2876 500 2952 Priorem,
523 2874 606 2953 quod
637 2873 784 2935 hactenus
813 2875 888 2934 nihil
908 2875 1060 2935 imbuimus
1110 2867 1111 2962 i

148 2978 328 3040 prosperum
351 2959 498 3020 advorsus
516 2957 659 3035 Turocm,
681 2965 710 3018 ot
732 2959 811 3018 viros
833 2961 899 3019 cius
912 2961 1060 3038 etqueim·

149 3045 267 3124 perium
292 3045 405 3104 nostris
428 3043 515 3104 bellis
538 3051 628 3102 sucta
650 3049 721 3101 suut
740 3043 771 3100 in
795 3044 986 3105 immensum.
1008 3041 1057 3104 Ubi

150 3128 281 3188 siDnus
305 3145 366 3188 non
394 3133 476 3186 esset
497 3135 605 3186 contre
630 3143 687 3186 nos
715 3133 745 3185 ot
769 3125 900 3186 Turnum
926 3141 990 3187 son
1016 3127 1058 3185 hs·
1110 3129 1111 3178 i

151 3211 235 3272 beret
255 3229 311 3291 pro
334 3213 419 3290 virga
440 3210 607 3289 iniqnitatis
628 3217 762 3289 nostroe,
785 3209 878 3290 ionge
900 3211 988 3270 utitor
1005 3210 1058 3270 ton

150 3295 328 3371 occidisset,
359 3294 461 3354 sdhnc
482 3301 583 3354 tomen
612 3291 765 3354 obstinate
792 3297 945 3358 coecitate
976 3312 1058 3376 opere

206 3560 237 3624 t)
257 3557 443 3615 Vocabulum:
462 3568 507 3628 nt,
530 3577 565 3616 ex
586 3562 649 3620 edit.
673 3560 787 3622 ienensi
816 3567 960 3634 repetitum
992 3561 1057 3621 deest
1110 3619 1111 3630 2

151 3627 180 3680 in
197 3628 261 3682 edit.
277 3632 415 3705 ortginsli.
456 3633 488 3701 2)
509 3633 540 3688 iu
559 3635 683 3692 ed.·1cn.
702 3639 793 3694 dccet:
813 3640 875 3693 tuis.
1110 3631 1111 3644 ¹
