2262 4006
131 147 196 218 380
362 152 838 225 representantem

129 329 200 390 gum
224 309 371 386 confiteri,
393 312 454 372 irno
477 310 554 371 baec
575 311 710 372 omnium
735 311 885 389 maxime,
910 309 1049 370 adhaec

130 401 176 455 tot
206 401 403 474 peccatorum
438 393 628 466 differentiis,
661 395 839 474 speciebus,
875 392 1049 474 generibus,

130 473 260 547 filiabus,
286 477 458 556 nepotibus,
481 480 583 556 ramis,
606 479 850 554 circumstantiis,
873 485 903 536 et
925 475 1051 537 infinitis

127 558 195 622 aliie
217 559 506 639 abominationibus,
529 568 560 619 ut
584 561 630 620 vel
642 561 901 640 spiritualissimus
924 560 1051 636 incipiat

130 643 180 704 bic
202 662 332 722 peccare
354 653 386 704 et
407 645 515 722 perire,
538 645 566 701 id
589 652 645 719 est,
667 645 777 706 invitus
790 639 940 704 confiteri.
984 642 1051 702 Stat

129 727 210 786 enim
235 726 346 804 ubique
368 730 518 786 sententia
541 727 641 789 liumu:
665 727 722 802 Qui
745 729 857 786 invitus
881 726 964 799 lacit,
988 745 1048 786 nou

129 810 217 886 iacit,
240 819 270 868 et
290 812 414 869 iterum:
439 811 503 868 Deo
528 829 587 869 non
601 809 723 889 placent
738 807 889 882 eoaota¹t
915 811 1049 868 servitia.

130 892 206 955 Oum
230 912 304 974 ergo
327 914 427 973 papae
451 893 531 952 nulla
554 895 590 951 sit
614 895 719 952 barum
744 894 843 972 legum
868 893 1049 970 necessitas,

127 976 184 1036 nisi
207 975 406 1036 stabiliendae
430 986 460 1034 et
482 967 728 1055 augendoesuae
751 975 932 1056 tyrannidis,
958 983 1049 1054 patet,

128 1058 209 1138 quod
233 1068 322 1119 autor
342 1069 388 1119 est
410 1057 594 1119 infinitorum
619 1067 831 1138 peccatorum,
863 1057 1049 1118 infinitarum

126 1140 346 1220 perditionum,
369 1143 439 1202 dum
464 1142 581 1220 legibue
604 1143 712 1220 positis
741 1163 865 1203 caueam
889 1141 1048 1201 efficacem

128 1231 262 1303 praestat
288 1226 389 1284 invitis
418 1228 629 1298 conscientiis,
664 1244 743 1303 quae
765 1234 865 1284 tamen
897 1226 996 1284 teneri
1020 1243 1050 1284 ee

128 1307 254 1374 credunt
276 1309 411 1368 eiusdem
436 1308 562 1386 legibus.
607 1308 739 1370 Credere
752 1311 832 1368 enim
850 1327 919 1368 sose
943 1310 1049 1382 teneri,

127 1399 158 1450 et
177 1390 208 1451 id
232 1410 293 1451 non
316 1410 354 1450 ex
378 1393 480 1452 auimo
502 1391 618 1468 facere,
652 1403 699 1451 est
726 1396 792 1452 siue
821 1393 1049 1452 intermissione

127 1492 267 1554 peccare,
291 1477 370 1535 sicut
391 1475 478 1536 Rom,
503 1475 550 1538 14.
574 1475 661 1534 dicit:
684 1473 741 1550 Qut
765 1474 893 1550 iudicat,
916 1477 941 1533 si
967 1493 1048 1534 man-

127 1556 229 1634 dueat,
251 1557 472 1620 condemnatus
495 1566 549 1633 eet,
573 1577 663 1618 omne
686 1559 783 1633 enim,
813 1557 895 1636 quod
919 1577 982 1616 non
1006 1564 1050 1616 est

127 1659 166 1700 ex
183 1637 259 1718 fide,
280 1645 443 1720 peccatum
466 1649 521 1700 est.
576 1643 616 1699 At
643 1641 703 1700 boo
731 1641 854 1700 credere
883 1661 967 1720 pape
989 1643 1048 1698 exi-

125 1725 169 1803 git
190 1724 220 1782 in
244 1725 305 1783 suis
328 1723 457 1802 legibue,
480 1733 509 1782 et
533 1731 633 1784 tamen
657 1724 789 1783 animum
813 1723 945 1784 faciendi
961 1742 1046 1803 prae·

125 1812 207 1866 stare
234 1825 295 1866 non
319 1816 437 1886 potest,
467 1815 525 1866 tam
550 1805 663 1866 nullam
688 1809 902 1866 necessitatem
927 1815 980 1866 eut
1003 1807 1044 1865 ius

125 1888 241 1950 habene
264 1889 337 1949 illud
360 1887 513 1968 exigendi,
536 1907 626 1967 quam
649 1889 762 1948 nullam
785 1897 972 1968 potestatem
989 1889 1045 1948 hoc

125 1971 309 2051 praestandi.
355 1972 427 2032 ldeo
452 1972 533 2048 nulla
556 1991 648 2031 eausa
672 1974 728 2030 nisi
751 1992 835 2032 mera
856 1972 983 2033 libidine
1004 1991 1045 2031 re·

125 2054 187 2135 plet
209 2053 313 2114 orbern
329 2058 463 2134 peccatis
487 2062 518 2114 et
539 2053 769 2132 perditionibus,
791 2063 823 2114 ct
845 2074 952 2115 omnes
966 2055 1044 2116 Obri—

125 2137 243 2198 stiones
267 2137 404 2216 devorat,
428 2140 506 2198 siout
528 2137 680 2213 Petrus*)
705 2137 794 2215 dicit,
816 2156 881 2210 eos,
905 2140 955 2217 qui
979 2157 1044 2198 vere

125 2219 310 2299 effugerant,
341 2222 378 2280 ab
401 2221 459 2281 illis
482 2222 511 2280 in
536 2239 668 2281 errorem
691 2224 766 2299 rupi.
811 2220 942 2280 Proinde
966 2220 1043 2281 Chri·

124 2301 254 2384 stus**)
280 2324 347 2363 eum
371 2323 432 2364 nou
448 2303 694 2379 abominabilem,
717 2304 770 2362 sed
784 2304 1042 2364 abominationem

125 2385 219 2446 voluit
241 2397 371 2464 vboare;
394 2379 424 2445 el
446 2383 638 2456 Paulus***)
664 2405 724 2444 nou
740 2387 1041 2465 peccatumhominis

125 2475 155 2528 et
176 2468 376 2548 perditionem
401 2470 469 2547 tilii,
497 2467 551 2528 sed
580 2469 734 2528 homiuem
759 2472 877 2548 peccati
900 2468 1041 2528 etlilium

125 2552 313 2631 perditionis,
337 2562 368 2613 ut
391 2551 462 2612 nibil
488 2554 543 2610 nisi
566 2560 726 2631 peceatum
752 2562 781 2612 et
796 2552 999 2632 perditionem
1017 2557 1042 2610 in

126 2655 163 2696 eo
187 2635 289 2696 valere
311 2633 505 2715 signiticaret.
550 2637 651 2712 Atque
673 2635 749 2694 haec
770 2637 891 2714 quidem
915 2637 944 2694 in
968 2654 1043 2715 papa

124 2717 277 2795 videmus,
299 2726 341 2795 ut,
364 2719 420 2778 nisi
440 2717 582 2778 ¹Christus
606 2717 763 2777 abbreviet
786 2720 850 2777 dies
873 2721 959 2792 istos,
983 2737 1039 2778 non

125 2799 177 2860 liet
198 2800 283 2861 salva
306 2803 405 2862 omrtis
429 2821 509 2862 caro.
555 2800 594 2860 Et
616 2801 681 2879 quis
705 2803 771 2874 scit,
794 2821 832 2861 an
859 2801 923 2860 dies
942 2801 1042 2860 abbre-

126 2884 198 2944 viati
220 2888 393 2962 pertineant
415 2883 456 2946 ad
477 2879 607 2943 instantes
636 2885 798 2943 morientes
827 2893 898 2943 aute
927 2890 1041 2964 tempus

125 2967 305 3047 capacitatis
327 2969 414 3028 huius
437 2965 695 3027 abominationis?

208 3049 453 3111 Satislaotiouum
484 3051 574 3110 etiam
598 3046 755 3130 tegibus2)
789 3048 928 3126 (Christe
950 3051 1041 3110 salva·
1069 3092 1073 3104 .

124 3137 188 3204 tor)
214 3143 289 3213 quot
311 3135 427 3193 animae
451 3132 570 3212 perdit?
598 3130 673 3206 Quis
697 3132 750 3190 bas
776 3151 892 3208 cruces,
916 3141 1040 3192 torturas

125 3225 155 3276 et
177 3223 291 3277 mortes
315 3218 568 3276 conscientiarum
591 3215 791 3296 percenseat?
816 3215 948 3276 Primum
967 3217 1039 3276 enim

125 3298 242 3376 legibus
266 3299 342 3358 datis
367 3317 426 3357 non
453 3297 544 3356 modo
568 3298 645 3356 tollit
676 3298 844 3359 libertatem
869 3300 898 3356 iu
923 3300 982 3359 hac
1002 3319 1038 3368 re,

183 3578 211 3641 t)
233 3578 265 3629 In
285 3580 325 3632 ed,
343 3582 415 3634 len:
435 3583 547 3634 servitia
564 3591 667 3636 coacta.
704 3585 738 3648 2)
758 3586 789 3637 lu
801 3586 844 3638 ed.
857 3588 941 3656 orig.:
962 3588 1036 3656 leges.

181 3649 211 3712 ⁸)
233 3645 258 3705 2
277 3650 332 3704 Pet.
351 3652 388 3727 2..
414 3651 462 3720 **t
481 3653 574 3712 Mattb.
595 3653 639 3718 24.
677 3657 738 3724 m)
760 3657 785 3718 2.
805 3657 901 3716 Thess.
921 3658 945 3714 2.
