2250 4008
118 155 182 224 tao
410 161 570 216 οοιιιιιιιι
588 163 753 216 maneam

118 315 313 396 philosophia
360 323 392 379 et
430 318 618 380 anhelantius
655 317 823 399 theologia.
880 317 957 380 llum
996 317 1031 378 de

116 402 234 464 'l'boma
257 404 395 482 Aquino,
418 423 456 464 an
480 402 640 464 damnatus
668 402 718 462 vel
741 401 850 462 beatam
871 403 925 481 sit,
948 402 1031 469 velas·

120 488 309 548 nantissime
331 487 454 565 dubito,
487 488 576 548 cilius
599 486 844 548 beneventorum
868 484 1032 546 crediturus

120 569 252 632 boatum.
296 570 431 631 Thomas
455 569 548 631 multa
566 569 721 630 haeretios
743 570 874 648 scripsit,
897 575 930 628 st
949 574 1033 628 antor

120 661 166 714 est
187 655 343 733 regnantis
367 652 539 715 Aristotelis
571 654 735 714 vastatoris
762 654 833 732 piae
867 652 1033 714 docuisse.

119 736 199 813 Quid
222 736 261 797 sd
285 755 348 812 me,
371 737 453 817 quod
476 735 630 796 Bullarum
661 736 826 816 episcopus
853 754 923 796 sum
948 753 1033 796 cano

67 853 72 868 ·
118 820 250 882 uicerit?

59 917 61 920 ’
201 904 341 965 Arbitror
360 904 454 984 igitur
474 910 504 962 at
529 901 603 962 mihi
627 920 688 963 oon
717 921 786 962 esse
813 904 938 982 penitus
961 917 1035 962 oras·

117 1007 183 1048 sam
206 989 236 1048 in
265 987 354 1047 rebus
382 988 447 1048 istis
475 985 636 1060 iudicium,
671 986 722 1066 qui
757 985 907 1046 educatus
935 985 967 1046 in
995 985 1036 1044 eis

119 1073 186 1148 sim,
208 1081 238 1132 st
262 1079 499 1131 coaetaneorum
515 1069 762 1130 doctissimorum
784 1070 910 1148 ingenia
932 1087 1036 1163 cxper

119 1164 184 1229 tus,
207 1155 323 1234 optima
345 1155 431 1214 istius
453 1153 575 1234 generis
596 1154 710 1234 scripta
733 1151 981 1234 contemplatus,
1009 1153 1036 1210 in

118 1239 214 1298 sacris
233 1238 327 1298 literis
350 1237 456 1297 saltem
481 1257 519 1298 ex
552 1245 638 1316 parts
667 1234 822 1311 eruditus,
856 1244 921 1296 tum
945 1253 1035 1314 expe

117 1322 225 1381 rientia
242 1320 443 1400 spiritualium
472 1322 596 1380 istarum
625 1337 723 1378 rerum
754 1281 895 1378 nonhihil
924 1317 1036 1378 exsuti

117 1410 222 1482 natus,
259 1423 351 1483 quam
373 1421 432 1484 ego
453 1403 590 1464 Thomas
614 1401 745 1462 defuisse
767 1401 849 1462 clare
870 1400 984 1477 rideo,
1011 1409 1039 1460 ct

117 1486 258 1548 omnibus
286 1488 335 1567 qui
358 1487 469 1548 similia
489 1485 625 1546 scribunt
644 1491 674 1544 et
703 1483 824 1544 docent.
868 1485 944 1545 ldeo
968 1503 1036 1544 meo

117 1570 258 1651 oonsilio,
282 1572 332 1649 qui
350 1569 442 1644 volet,
465 1575 571 1630 cnutus
594 1569 643 1643 sit,
664 1567 745 1629 lanio
766 1567 848 1647 quod
873 1567 986 1643 debeo,
1009 1574 1037 1626 et

116 1655 226 1714 iterum
248 1672 361 1714 moneo
393 1671 461 1714 oum
486 1651 638 1731 Apostolo
652 1648 709 1731 ἢ)
743 1650 871 1730 Videte,
904 1671 945 1711 ne
972 1651 1036 1728 quis

117 1756 173 1798 ros
196 1736 328 1816 decipiat
348 1755 404 1816 per
425 1734 650 1815 philosophiam
683 1735 743 1794 et
736 1753 858 1794 inanem
879 1733 1034 1794 fallaciam

118 1820 216 1894 (banc
237 1838 298 1899 ego
319 1819 535 1880 scholasticam
557 1817 744 1895 theologiam
772 1818 960 1896 interpretor
981 1816 1034 1875 lor·

115 1903 186 1962 titsr
208 1911 240 1964 et
266 1921 334 1962 cum
364 1901 495 1975 fiducia)
523 1899 691 1960 seeundum
727 1898 908 1960 traditiones
940 1899 1034 1960 homi-

88 1977 94 1996 “
117 2005 206 2066 uum,
234 1984 402 2046 meandum
435 1985 588 2044 clementa
610 1983 700 2042 huius
721 1982 825 2044 mundi
848 1983 945 2063 (hoec
966 1988 1034 2042 suut

117 2069 183 2152 iura
205 2068 377 2145 saltarum,
408 2075 439 2127 et
467 2065 613 2146 quidquid
640 2065 721 2125 ultra
741 2065 916 2146 Scripturas
944 2073 1034 2126 statu·

117 2161 179 2212 tum
209 2152 285 2211 est
277 2171 306 2210 ιιι
338 2151 487 2232 ecclesis)
524 2156 556 2209 st
588 2167 650 2209 non
682 2147 851 2208 seeundum
874 2149 1032 2210 Christum.

117 2235 240 2296 Glanum
268 2241 314 2294 est
342 2233 391 2294 hic
419 2233 518 2294 solum
551 2231 703 2292 christum
740 2231 844 2292 doceri
876 2237 908 2293 et
941 2230 1033 2292 audiri

117 2317 195 2378 velle
212 2317 348 2378 Paulum.
384 2315 481 2392 Quam
505 2333 579 2376 vero
601 2312 788 2374 Academiae
809 2314 914 2395 legant
927 2313 1031 2380 Biblis,

117 2403 268 2480 quianon
292 2398 395 2460 ridet?
437 2398 550 2460 Goniar
572 2399 728 2477 legentes,
751 2397 922 2458 scribentes
942 2417 1031 2476 supsr

117 2482 307 2556 Sententia,
329 2501 420 2562 super
442 2481 686 2562 philosophiam,
720 2498 790 2542 cum
811 2482 847 2540 iis
869 2483 922 2560 ‚qni
944 2499 1032 2560 snper

118 2565 215 2626 Biblia
237 2567 439 2646 scripserunt,
466 2573 520 2626 eut
548 2585 585 2624 ee
613 2564 728 2624 docent
755 2562 844 2644 (cum
866 2565 919 2625 illa
942 2565 1031 2643 potis·

116 2649 194 2708 sime
216 2650 352 2709 omnium
374 2647 485 2708 florere
505 2655 536 2708 et
557 2665 687 2726 regnare
705 2647 884 2722 debuerint)
902 2655 933 2707 et
954 2646 1030 2706 ride·

117 2730 163 2792 bis
184 2749 247 2810 quo
267 2730 338 2792 loco
363 2731 489 2791 verbnm
512 2731 567 2792 Dei
590 2730 777 2801 Academiae
798 2730 943 2792 habeant.

200 2813 262 2874 Sed
282 2813 331 2874 ad
345 2821 375 2874 te
389 2823 537 2892 revertor,
558 2813 634 2874 lona
656 2813 706 2890 usi,
729 2821 760 2872 st
780 2813 863 2873 hunc
873 2813 1028 2873 Latonium

117 2917 135 2957 a
157 2916 205 2956 me
227 2896 358 2958 extrudo
379 2897 417 2957 ad
441 2904 481 2973 te,
504 2916 542 2956 ne
565 2896 638 2956 mihi
654 2895 731 2956 ultro
750 2896 899 2957 molestos
913 2898 962 2973 sit,
984 2897 1030 2974 qui

115 2982 175 3041 iam
188 2979 345 3058 Elpistolas
367 2988 398 3040 et
413 2979 582 3059 Evangelia
603 2997 744 3038 enarrare
757 2979 923 3039 vernacula
938 2980 1029 3058 coepi,

115 3082 201 3156 quae
217 3081 311 3122 causa
333 3070 394 3136 cst,
419 3071 452 3122 ut
474 3062 637 3122 molestum
659 3061 746 3120 fucrit
776 3063 843 3122 eius
864 3061 973 3122 sordes
994 3062 1029 3120 le

114 3153 188 3226 gere
209 3154 241 3206 st
262 3107 457 3225 respondere
502 3145 535 3205 si
557 3144 727 3219 videbitur,
749 3144 811 3204 alio
833 3151 973 3225 tompore
994 3143 1028 3203 nd

116 3229 220 3290 omnia
236 3227 443 3308 respondebo,
467 3227 561 3289 modo
578 3227 665 3288 exsul
684 3189 767 3288 libris
784 3247 885 3306 careo,
909 3236 941 3287 ct
961 3227 1029 3288 iudi

116 3314 196 3372 cium
219 3311 293 3372 illud
316 3311 540 3371 haereticorum
564 3311 796 3390 Magistrorum,
819 3329 881 3389 quo
903 3299 1030 3372 Iudaeos

116 3394 162 3456 sd
177 3393 290 3456 nudam
314 3393 441 3454 bibliam
471 3412 584 3474 cogere
614 3393 778 3453 volucrunt
789 3401 920 3488 ,porto
964 3393 1032 3454 Sola

117 3475 199 3534 uim
211 3474 310 3534 biblis
330 3493 448 3536 mecum
471 3484 553 3552 suut,
572 3495 635 3537 uon
652 3474 736 3557 quod
757 3477 860 3557 magui
882 3475 965 3557 apud
986 3493 1031 3536 me

477 3615 541 3624 ...ι-

188 3658 219 3722 ’)
241 3657 349 3714 coloss.
371 3659 396 3715 2.
