2250 4008
158 145 222 211 480
452 147 612 202 Oontntstio
631 149 797 204 Lnthcrisna

159 303 242 362 Ecce
264 319 325 362 non
349 310 396 360 est
417 313 577 381 peccatum
591 303 774 379 damnabile,
797 323 866 364 oum
888 305 936 364 sic
949 302 1067 366 debuerit

159 384 358 446 concludere:
380 384 463 444 Ecce
486 404 546 446 non
570 392 618 446 est
639 395 818 465 peccatum,
842 407 881 446 ne
903 385 1068 466 ignoscibile

158 468 292 548 quidem,
315 486 373 528 nco
392 471 440 526 cui
463 487 540 548 opus
562 471 601 528 sit
624 470 841 532 misericordia.
878 469 965 548 Sicut
985 471 1010 528 si
1031 489 1069 528 me

158 551 373 630 redargueres,
405 552 455 630 qui
478 553 570 611 risum
595 552 715 612 veniate
738 561 900 632 peccatum
927 549 1071 627 dixissem,

158 646 189 694 et
220 644 291 715 post
317 631 445 694 effusam
472 643 554 694 tuam
590 654 712 695 omnem
743 636 873 696 salivam
908 644 940 696 et
971 635 1070 700 sudore

159 717 310 777 exhausto
334 715 455 776 tandem
479 717 640 779 anhelares
663 719 693 778 in
720 738 767 777 me
789 719 911 788 diceris:
936 718 981 778 En
1003 721 1071 778 risus

158 819 219 861 non
256 807 303 859 est
332 799 460 858 mortale
489 811 661 879 peccatum.
715 801 797 861 'Palis
833 809 881 862 est
913 801 1072 881 disputatio

157 883 246 944 Eiihu
270 882 416 942 adversus
436 881 554 959 Iob*).
598 884 690 943 Putas
720 893 821 946 autem
852 903 981 964 parvam
1013 903 1075 956 esse

157 975 276 1048 partem
299 966 481 1045 patientiae,
516 967 593 1026 ferre
623 967 678 1028 has
707 970 875 1049 nequitias,
908 967 1017 1044 dolos,
1049 980 1075 1026 et

158 1061 239 1110 artes
261 1068 378 1126 eorum,
400 1049 452 1126 qui
465 1049 629 1129 Magistros
642 1051 725 1112 orbis
740 1060 887 1110 terrarum
910 1070 946 1110 se
969 1053 1077 1110 iactant

158 1135 189 1192 in
212 1152 245 1192 rs
268 1141 329 1192 tam
366 1149 454 1191 sacra
481 1139 512 1191 et
542 1133 740 1194 necessaria?
782 1134 851 1193 Non
881 1151 995 1212 queror
1020 1136 1077 1192 ianr

154 1235 213 1288 ¹eos
235 1215 390 1295 ignorare,
412 1215 484 1292 quid
507 1218 544 1275 sit
559 1225 732 1294 peccatum,
756 1218 809 1276 sed
828 1217 911 1295 quod
931 1218 1077 1277 malitiose

158 1298 303 1358 simulent
324 1305 354 1356 et
376 1305 490 1377 negent
511 1317 580 1360 sese
602 1299 762 1378 ignorare,
791 1310 822 1358 et
843 1302 1007 1380 imponant
1026 1302 1078 1380 piis

158 1381 303 1442 cordibus
324 1381 495 1460 impudenti
518 1382 678 1442 mendacio
701 1400 767 1444 suo.

241 1464 301 1525 Sed
323 1462 467 1524 fiduciam
504 1465 575 1524 mihi
608 1464 680 1524 facit
711 1465 930 1526 formidolosus
953 1475 984 1524 et
1007 1466 1077 1544 iugi-

159 1550 238 1609 tivus
260 1545 415 1626 Sophiste·
459 1546 585 1607 Paulum
609 1548 769 1608 infaciem
794 1550 858 1608 aius
882 1558 1077 1622 statuemur

158 1631 293 1711 effugere
313 1647 374 1689 non
402 1631 515 1709 possit,
552 1649 718 1711 persequar
750 1640 780 1690 et
808 1629 1078 1711 comprehendam,

159 1735 197 1775 ne
219 1722 392 1789 convertar,
415 1711 516 1774 donec
537 1712 667 1775 deficiat.
700 1714 922 1776 AotLatomus
942 1714 1077 1786 Paulum,

159 1807 210 1858 aut
233 1795 342 1857 Paulus
364 1795 524 1857 Latomum
548 1797 683 1876 occidet,
711 1797 821 1859 frustra
843 1798 1008 1878 praesidiis
1030 1799 1079 1858 hu-

160 1881 257 1940 manis
278 1878 433 1941 fidentem.
477 1877 600 1953 Quaero
623 1882 715 1959 igitur
742 1882 889 1961 primum:
924 1881 971 1940 An
998 1883 1079 1953 mihi,

160 1971 193 2024 ut
213 1963 387 2024 Christiano
410 1962 610 2040 Evangeiium
633 1963 782 2042 professo,
805 1964 898 2024 liceat
920 1963 1080 2044 appellare

181 2057 335 2122 cacatum,
358 2045 441 2124 quod
463 2046 622 2125 apostotus
645 2046 756 2108 Paulos
779 2056 871 2108 vocat
892 2049 1081 2128 peccatum?

158 2067 242 2192 dicit
263 2131 323 2189 iam
347 2128 480 2208 disputo,
503 2128 575 2208 quid
598 2129 934 2210 peccatumsigniticat,
957 2132 998 2191 de
1024 2131 1082 2192 hoc

158 2225 231 2295 post
251 2213 367 2274 videro.
410 2211 490 2273 Volo
514 2214 690 2291 simpliciter
713 2212 785 2273 mihi
814 2214 1019 2292 responderi,
1045 2233 1082 2274 an

159 2300 218 2357 isto
241 2295 368 2356 Paulino
392 2295 543 2356 vocabulo
566 2296 638 2356 miti
661 2297 751 2356 liceat
774 2295 838 2357 uti?
860 2297 893 2358 si
912 2317 974 2368 non
1002 2297 1083 2369 iicet,

159 2380 296 2442 deleatur
319 2379 440 2456 Paulus,
463 2379 487 2438 si
511 2379 598 2456 iicet,
621 2380 691 2459 quid
717 2382 839 2460 tragicis
861 2382 925 2440 istis
950 2381 1083 2442 vocibus

137 2465 189 2524 ,in
213 2482 262 2523 me
280 2463 418 2541 mugiunt
434 2461 608 2541 sophistae,
630 2463 712 2542 quod
737 2482 814 2544 opus
839 2463 952 2524 bonum
976 2463 1084 2544 appet-

158 2548 245 2607 larim
267 2543 449 2626 peccatum?
492 2544 603 2606 Nonne
630 2547 703 2626 ipsis
732 2547 818 2621 licat,
853 2546 967 2606 bonum
1003 2565 1083 2626 opus

159 2649 272 2692 vocare
293 2629 502 2709 imperfectum
527 2637 557 2690 et
574 2627 751 2692 infirmum?
774 2628 853 2704 Quid
876 2630 975 2709 ergo?
1001 2629 1085 2690 Nun-

159 2713 232 2792 quid
255 2721 368 2793 cogent
390 2731 448 2790 me,
471 2720 503 2771 ut
524 2712 625 2772 verbis
648 2731 751 2774 eorum
775 2711 866 2774 utar?
902 2713 967 2774 Aut
984 2731 1086 2792 quare

158 2797 268 2858 nolunt
296 2798 381 2875 cogi,
417 2804 449 2854 ut
483 2797 557 2856 meis
591 2805 622 2855 et
644 2795 777 2856 Paulinis
806 2795 906 2856 verbis
933 2796 1086 2856 utantur?

112 2911 114 2915 ·
158 2879 220 2958 lpsi
242 2880 350 2938 nolunt
372 2885 531 2958 peccatum
546 2879 710 2959 appellare.
754 2879 844 2956 osten
867 2888 898 2940 et
921 2898 982 2959 ego
1009 2878 1086 2940 nolo

158 2961 363 3023 infirmitatem
399 2973 429 3022 et
452 2961 712 3042 imperfectionem
749 2981 870 3024 vocare.
917 2965 959 3024 At
982 2964 1089 3022 sancti

158 3047 264 3108 Patres
287 3053 447 3126 peccatum
469 3047 656 3126 interpretati
679 3056 748 3106 sunt
763 3045 1033 3126 imperfectionem
1059 3056 1089 3105 et

157 3129 374 3192 infirmitatem.
417 3128 511 3206 Est03
543 3129 610 3208 quis
646 3129 694 3188 m'e
717 3139 808 3208 coget
829 3128 952 3190 Patrem
976 3129 1088 3189 verbis

158 3213 223 3276 uti?
258 3213 325 3292 quis
359 3218 451 3291 coget
483 3231 532 3272 me
554 3211 639 3274 Pauli
673 3212 797 3273 verbum
832 3211 997 3273 deserere?
1039 3215 1087 3272 An

158 3299 276 3376 dicent,
309 3297 381 3376 quia
403 3294 567 3355 absurdum
591 3303 622 3356 et
648 3295 878 3374 periculosum?
918 3295 987 3356 Hoc
1023 3299 1087 3356 iam

158 3398 221 3439 non
243 3382 273 3439 in
307 3399 355 3439 me
376 3378 553 3456 Lutherum,
587 3376 641 3438 sed
671 3381 700 3438 in
724 3377 850 3441 Paulum
879 3387 910 3440 et
937 3382 1087 3459 spiritum
1120 3449 1121 3460 χ

159 3461 269 3520 Christi
292 3462 398 3540 vergit.

230 3655 261 3718 ⁸¹)
275 3654 340 3708 iob.
362 3653 406 3709 18.
473 3669 476 3674 ’
550 3685 551 3688 =
