2254 4008
311 184 344 236 b.
364 183 397 237 lt.
415 183 497 238 Lntlr.
514 182 699 242 Praelndium.
925 180 967 250 ‚67

9 315 11 396 i
62 347 85 397 te
103 337 162 394 sive
185 355 241 415 per
249 339 480 416 poenitentiam,
503 339 568 397 sive
580 356 634 416 per
651 355 865 420 quamcunque
880 337 972 396 aliam

61 423 128 478 riam
150 421 265 494 redire,
289 422 346 479 nisi
374 421 412 480 ad
441 423 503 480 vim
530 419 688 561 bapstismi,
717 439 754 480 ac
777 421 876 479 denuo
898 419 972 480 illud

59 505 155 575 iacere,
177 465 265 580 quod
287 503 455 582 baptisatus
478 524 510 562 es
534 505 593 562 utl
594 522 708 578 aceras,
731 503 876 582 quodque
899 504 972 582 bap·

9 593 11 648 l
58 590 150 645 tismus
190 595 261 644 tuus
290 585 491 664 significabat.
546 587 708 664 Nunquam
742 586 776 646 fit
804 587 971 665 baptismus

9 665 11 720 l
58 669 152 742 irritus,
175 669 279 728 donec
301 669 465 749 desperans
488 669 586 729 redire
615 670 653 729 ad
676 669 805 729 salutem
828 670 971 747 nolueris,

57 751 185 810 aberrare
208 751 332 830 quidem
345 754 458 830 poteris
482 754 519 812 ad
544 762 663 832 tempus
687 753 817 832 asigno,
839 751 894 811 ssd
910 772 970 812 non

9 865 11 880 ι
56 835 113 894 idco
139 835 257 893 irritum
286 843 334 895 est
360 837 492 914 signum.
534 835 579 894 lta
608 836 701 894 semel
734 854 767 894 es
802 836 971 914 baptisatus

9 955 11 978 ι
55 918 316 993 sacramentaliter,
339 919 393 977 sed
407 937 528 998 semper
547 918 745 998 baptisandus
758 918 828 997 fids,
850 938 973 997 semper

10 1007 11 1010 ’
56 1000 249 1081 moriendum,
271 1020 452 1081 semperque
465 1001 639 1061 vivendum.
682 1001 856 1081 Baptismus
873 1008 971 1060 totum

54 1101 152 1162 corpus
176 1083 352 1161 absorbuit,
375 1093 528 1144 strumus
551 1084 660 1162 edidit,
689 1085 732 1144 ita
759 1103 807 1143 res
831 1084 972 1163 baptismi

55 1175 134 1226 totam
157 1169 254 1226 vitam
280 1175 363 1228 tuam
388 1186 456 1228 cum
479 1185 609 1263 corpore
632 1175 661 1226 et
683 1168 785 1228 anima
807 1167 971 1226 absorbere

55 1249 149 1329 debet,
187 1259 219 1309 et
247 1250 404 1310 reddere
397 1271 426 1310 ιιι
456 1252 625 1311 novissimo
658 1250 706 1309 die
733 1249 869 1309 indutam
892 1251 971 1310 stola

54 1296 258 1394 olaritdtist
226 1338 258 1394 et
291 1333 543 1411 immortalitatis,
580 1335 683 1411 itaque
722 1352 876 1412 nunquam
906 1335 971 1392 sine

53 1417 219 1494 baptismit
221 1436 270 1474 am
294 1419 382 1496 signo
405 1435 495 1495 quam
519 1437 551 1474 re
574 1417 641 1495 ipsa
663 1435 785 1496 sumus,
807 1416 869 1476 imo
891 1435 969 1475 seni-

53 1517 95 1578 per
114 1518 223 1558 sumus
240 1499 411 1578 baptisaudi
425 1501 522 1578 magis
547 1518 584 1558 ac
596 1501 705 1578 magis,
728 1463 828 1559 dodec
849 1502 970 1578 signum

54 1581 177 1661 perfecte
200 1583 412 1661 impleamus
404 1603 436 1642 ru
459 1584 627 1644 novissimo
650 1583 709 1642 die.

10 1672 16 1745 Ι
122 1665 274 1746 intelligis
307 1685 398 1744 ergo,
436 1666 581 1745 quidquid
603 1666 633 1724 in
661 1665 720 1726 bae
741 1666 804 1726 vita
827 1667 971 1744 gerimus,

55 1747 123 1826 qnod
151 1748 193 1807 ad
234 1749 499 1811 mortificationem
533 1749 633 1809 carnis
669 1757 699 1807 et
732 1746 969 1806 vivificationem

53 1832 164 1909 spiritus
191 1831 283 1908 valet,
305 1833 344 1892 ad
367 1833 550 1911 baptismum
574 1832 740 1910 pertinere,
764 1838 794 1889 ct
815 1849 877 1911 quo
901 1830 969 1890 bre·

54 1916 107 1973 vius
128 1933 147 1973 a
170 1913 237 1974 vita
259 1913 455 1994 absolvimur,
478 1933 517 1976 eo
539 1915 626 1974 citius
637 1913 820 1994 baptismum
833 1921 969 1972 nostrum

11 2063 12 2068 η
53 1997 235 2076 impleamus,
259 2005 289 2057 et
311 2017 372 2077 quo
385 1999 539 2058 atrociora
551 2001 691 2077 patimur,
714 2015 751 2058 eo
768 1996 884 2056 felicius
899 1996 970 2077 bap·

54 2081 130 2140 tismo
152 2081 408 2162 respondeamus.
451 2082 587 2160 ldeoque
604 2081 767 2142 ecclesiam
791 2080 968 2139 lunofuisso

52 2163 261 2240 felicissimam,
285 2165 407 2242 quando
431 2173 579 2244 martyres
602 2162 864 2224 mortificabantur
884 2165 966 2223 omni

54 2245 93 2304 die
121 2254 152 2306 at
185 2247 429 2308 aestimabantur
467 2250 545 2307 sicut
576 2267 651 2308 oves
684 2248 863 2326 occisionis,
898 2255 971 2306 tunc

11 2376 12 2384 ,
53 2331 120 2388 enim
152 2331 306 2410 regnabat
332 2333 361 2390 in
397 2331 529 2391 eeclesia
568 2333 661 2390 virtus
695 2330 839 2409 baptismi
876 2330 969 2409 pleno

53 2413 180 2492 imperio,
205 2433 297 2492 quam
320 2414 410 2474 bodie
433 2416 611 2496 ignoramus
633 2415 742 2489 etiam,
771 2433 845 2492 prae
874 2414 969 2474 multi·

54 2497 146 2556 tudina
176 2515 305 2576 operum
335 2508 365 2556 et
391 2497 596 2558 doctrinarum
624 2497 834 2559 humanarum.
879 2496 971 2571 Quid·

54 2579 113 2656 qnid
136 2581 218 2638 enim
230 2581 371 2657 vivimus,
394 2580 564 2660 baptismus
588 2599 656 2640 essa
680 2579 779 2658 debet,
802 2587 834 2639 et
849 2580 969 2660 signum

55 2680 97 2720 scu
119 2672 344 2722 sacramentum
374 2664 516 2744 baptismi
544 2664 688 2743 implere,
722 2681 790 2722 cum
821 2664 970 2722 austeris

56 2745 184 2806 omnibus
207 2745 326 2806 liberati
351 2749 400 2806 uni
422 2755 540 2807 tantum
563 2747 715 2826 baptismo
728 2747 822 2806 simus
844 2746 969 2822 addicti,

55 2827 78 2886 id
97 2837 150 2905 est,
174 2830 265 2889 morti
287 2839 317 2890 et
338 2833 561 2890 resurrectioni.

11 2915 12 2932 ²
125 2911 213 2972 Hanc
235 2913 363 2992 gloriam
388 2914 533 2974 libertatis
556 2920 680 2972 nostrae
709 2918 739 2972 et
761 2911 841 2972 banc
872 2912 968 2972 scien·

56 2995 116 3053 tiam
139 2995 281 3074 baptismi
311 3015 379 3056 esse
408 2996 500 3056 hodia
528 2998 699 3075 captivam,
728 2995 777 3054 cui
805 3014 970 3074 possumus

11 3143 12 3150 ,
57 3078 154 3137 referre
182 3087 358 3157 acceptum,
395 3098 485 3158 quam
514 3081 566 3140 uni
596 3079 746 3159 tyrannidi
770 3078 859 3139 Rom.
892 3079 970 3138 Pon·

57 3159 154 3220 libais?
177 3162 228 3241 qui
251 3175 447 3242 utpastorem
472 3166 600 3243 primum
617 3163 715 3241 decet,
737 3181 814 3222 unus
832 3163 967 3222 omnium

58 3246 179 3304 maxime
206 3245 310 3309 nabun
340 3265 408 3306 esse
437 3245 629 3326 praedicator
656 3251 686 3304 et
719 3253 853 3306 assertor
880 3245 969 3305 huius

59 3325 191 3387 libertatis
218 3335 250 3388 et
278 3331 439 3408 scientiae,
478 3332 555 3390 sicut
585 3328 696 3388 Paulus
729 3327 749 3390 l
781 3325 918 3392 Corinth
940 3331 976 3391 4.·

60 3407 134 3469 dicit:
155 3410 204 3471 Sic
227 3431 284 3472 nos
305 3415 459 3472 existimat
475 3413 568 3472 homo
590 3413 669 3472 siout
683 3414 836 3472 ministros
850 3411 970 3490 Christi,

62 3499 86 3550 et
116 3494 337 3590 dispensatores
372 3497 585 3576 mysteriorum
622 3515 675 3554 seu
708 3501 968 3553 sacramentorum

62 3573 327 3656 oci··,1pses01um
351 3578 381 3638 id
404 3580 482 3658 agit,
505 3585 539 3638 ut
565 3579 628 3638 suis
651 3577 779 3636 decretis
803 3583 832 3634 et
853 3575 968 3634 iuribus

61 3660 209 3738 opprimat,
231 3662 288 3720 et
280 3682 312 3721 m
334 3664 494 3743 potestatis
517 3680 592 3721 suae
614 3658 805 3803 tyrannidgrp
828 3659 1010 3736 captivos
