2258 4002
249 205 460 264 Bullam'Leon.
480 207 518 264 X.
538 207 667 262 demnst..
681 225 704 263 a.
727 203 806 266 1520.
942 205 1007 272 1631

78 361 281 442 interpretari,
302 363 356 422 sed
380 381 432 444 per
454 379 488 423 se
509 363 608 444 ipsam
631 367 662 422 et
683 380 739 422 suo
754 363 863 444 spiritu
874 355 1004 445 intelligi

79 443 173 586 mkbn
183 545 293 606 quare,
304 545 343 588 ne
352 529 431 590 iuste
442 528 603 589 videantur
617 527 788 607 vociferari,
799 525 1003 608 praeclarissi-

77 629 158 669 mum
186 611 361 692 exemplum
384 611 484 672 habeo
507 611 684 696 Augustini,
706 610 931 692 quemsaepius
953 607 1003 670 ad-

75 691 162 769 duxi,
186 701 216 752 et
231 695 302 772 quia
324 694 415 754 surda
438 714 506 755 eum
529 711 602 756 aure
624 700 791 771 transeunt,
814 693 939 773 saepius
960 694 1002 751 in·

74 775 201 836 calcare
223 783 354 861 oportet,
376 778 426 838 ubi
450 778 523 840 dicit
543 781 573 837 in
589 775 720 858 epistola
741 776 780 837 ad
803 775 840 838 D.
853 775 1002 856 Hierony·
1119 807 1120 816 ¹

76 877 171 918 raum:
216 859 286 938 ligo
315 860 387 921 solis
410 855 454 920 eis
483 859 582 940 libris,
610 861 660 940 qui
690 861 832 920 canonici
855 858 1004 935 dicuntur,

74 959 145 1001 cum
171 941 290 1003 deferre
311 943 461 1004 honorem
484 943 585 1020 didici,
608 941 767 1004 utnullum
782 960 888 1004 eorum
911 942 1002 1024 scrip-

76 1033 177 1084 torem
201 1043 319 1085 errasse
339 1024 465 1087 firmiter
488 1027 623 1106 credam,
638 1033 757 1087 ceteros
771 1043 855 1106 vero,
878 1031 1005 1104 quauta·

75 1107 150 1166 libet
182 1107 346 1169 sanctitate
374 1109 574 1190 doctrinaque
604 1109 833 1192 praepolleant,
855 1109 898 1167 ita
920 1108 1001 1192 lego,

76 1198 108 1250 ut
127 1209 196 1250 non
219 1191 289 1252 ideo
312 1211 416 1253 verum
441 1192 577 1270 credam,
599 1194 671 1273 quin
685 1193 743 1274 ipsi
766 1191 811 1251 sic
834 1195 1005 1270 senserunt,

76 1273 128 1332 sed
152 1274 179 1334 si
194 1293 250 1354 per
265 1277 431 1336 canonicas
445 1275 616 1357 Scripturas
640 1284 692 1336 aut
714 1275 832 1338 ratione
854 1273 1005 1356 probabili
1065 1281 1068 1286 '

81 1355 154 1416 milri
178 1358 364 1438 persuadere
385 1365 559 1439 potuerunt.
602 1359 664 1420 Cur
685 1376 746 1421 non
770 1358 1005 1438 ethunoAugu-

82 1441 196 1499 atinum
221 1443 415 1520 arrogantiae
437 1441 589 1524 arguunt?
611 1443 662 1522 qui
683 1459 808 1524 prorsus
836 1459 944 1502 omnes
966 1440 1004 1500 ad

79 1539 174 1582 unum
199 1530 382 1585 tractatores
405 1524 579 1606 Scripturas
602 1533 800 1585 contemnere
811 1524 912 1602 audet,
934 1541 1006 1603 quc-

78 1613 168 1666 tenus
180 1605 348 1687 Scripturis
365 1615 396 1668 et
417 1608 586 1670 rationibus
598 1627 658 1669 non
676 1607 860 1692 persuadent
874 1614 904 1670 et
916 1608 1004 1667 nobis

74 1686 156 1748 idem
177 1688 361 1758 ¹laciendum,
377 1690 469 1751 docet
498 1690 550 1755 lib.
573 1690 600 1756 3.
626 1691 666 1751 de
687 1689 834 1751 Trinitate
880 1689 1000 1753 dicens:

77 1770 148 1832 Noli
172 1773 250 1832 meis
275 1773 370 1833 literis
392 1774 476 1834 velut
493 1775 649 1835 canonicis
671 1775 818 1834 inservire
841 1779 899 1835 etc.

159 1855 201 1914 Et
222 1853 356 1917 Hilarius
379 1857 428 1916 rel
448 1859 527 1918 inter
548 1859 663 1940 primos
685 1857 809 1918 Petrum
830 1858 861 1918 in
884 1875 941 1916 suo
964 1855 1003 1918 de

9 1963 10 2010 3
77 1937 229 1999 'trinitate
252 1937 303 2002 lib.
328 1943 355 2002 1.
379 1939 466 2000 dicit:
490 1939 631 2022 Optimus
644 1942 793 2021 interpres
808 1940 859 2000 hic
871 1946 926 2016 est,
951 1941 1002 2020 qui

9 2019 11 2096 ξ
76 2039 201 2080 sensam
226 2041 244 2082 e
265 2019 422 2104 Scriptura
444 2025 544 2106 potius
573 2023 710 2084 retulerit
739 2041 830 2104 quum
860 2021 1002 2102 attulerit,

76 2121 133 2163 nec
153 2113 252 2184 cogat
270 2103 333 2167 lroc
353 2107 383 2165 in
408 2106 495 2166 dictis
510 2113 686 2168 contentum
700 2106 806 2182 videri,
830 2106 913 2186 quod
931 2113 1002 2166 ante

9 2201 10 2254 ξ
75 2186 309 2268 intelligentiam
333 2187 445 2250 docere
466 2193 690 2272 praesumserit.
713 2189 796 2251 Ecce
809 2189 858 2250 hic
874 2189 1002 2272 insignis

9 2273 14 2334 ³.
77 2276 166 2332 autor
187 2269 481 2353 reluctamine
504 2275 626 2350 referri,
648 2292 710 2335 non
734 2273 834 2334 afferri
857 2274 888 2333 in
901 2272 1001 2353 Scrip·

9 2375 10 2414 3
75 2361 160 2414 turus
182 2355 427 2435 intelligentiam.
450 2357 519 2418 Non
542 2375 615 2438 ergo
638 2355 698 2418 hoc
720 2366 766 2416 eet
788 2354 943 2419 elucidare
956 2373 1002 2416 sa·

9 2423 11 2490 i
78 2437 225 2516 pientiam
256 2439 313 2513 (de
335 2457 396 2518 quo
419 2438 626 2521 gloriantur),
649 2439 744 2500 multa
766 2437 887 2501 Petrum
920 2437 1002 2499 diota

81 2538 247 2600 congerere
269 2528 300 2582 et
328 2539 368 2582 ex
389 2523 426 2582 lis
449 2522 635 2604 Scriptorum
664 2521 850 2598 intellectam
879 2539 1001 2604 praesu·

47 2637 49 2644 ›
80 2621 171 2684 mere,
195 2604 248 2664 sed
271 2623 290 2665 e
311 2605 468 2686 Scriptura
488 2606 691 2688 intelligentia
713 2605 810 2669 relata
833 2612 863 2665 et
884 2623 938 2691 per
955 2606 1002 2666 sui

9 2695 10 2702 ’
82 2686 173 2746 solius
198 2687 393 2748 collationem
416 2688 590 2769 elucidata,
612 2689 732 2749 illorum
755 2689 837 2749 dicta
856 2689 1002 2750 uncae.
1036 2755 1040 2762 ,

9 3279 11 3320 l

9 3321 11 3352 r

9 3453 11 3486 ι

80 2767 129 2829 Sic
150 2778 183 2830 et
203 2769 294 2830 beata
316 2772 402 2850 virgo
425 2771 602 2833 conterebat
624 2771 717 2833 verbe
740 2773 843 2862 omnic
860 2773 891 2832 in
907 2771 1002 2866 corde

80 2869 144 2914 m·
160 2933 253 3011 Quod
275 2935 311 3014 si,
331 2943 365 2995 ut
386 2931 447 2997 hoc'
470 2937 652 3000 auderemus
674 2946 706 2999 et
728 2937 918 3020 deberemus,
941 2937 1002 3002 An-

83 3019 218 3096 gustinns
241 3024 272 3078 et
292 3017 424 3080 Hilarius
446 3021 559 3100 aliique
588 3041 649 3082 non
678 3020 869 3100 docuissent,
900 3039 1003 3083 nonne

83 3099 206 3161 Paulum
227 3101 376 3162 habemus
403 3101 443 3163 ad
472 3103 763 3166 Thessalonicenses
796 3103 997 3185 dicentem*):

9 3215 10 3218 ¹
84 3183 190 3246 Omnia
222 3184 361 3265 probate,
379 3186 476 3266 ,qnod
510 3186 623 3247 bonurn
657 3195 703 3247 est
735 3192 848 3266 tenete,
881 3196 911 3248 et
941 3184 1001 3250 Ga·

85 3267 131 3330 lat.
165 3272 192 3331 1.
236 3266 269 3330 Si
287 3270 356 3347 qnia
386 3269 470 3330 aliud
506 3269 777 3351 evangelisaverit,
815 3277 934 3354 praeter
961 3270 1002 3351 ld,

9 3367 10 3372 ¹
86 3350 162 3428 quod
187 3352 361 3432 accepistis,
376 3352 540 3414 anathema
554 3355 602 3433 sit,
616 3361 646 3414 et
658 3351 805 3417 l.lohan.
827 3353 908 3430 4.¹):
931 3351 1003 3414 Pro·

9 3435 10 3444 ’
86 3431 150 3494 bate
171 3435 306 3514 spiritus,
329 3443 427 3496 utrum
451 3455 491 3497 ex
513 3437 579 3498 Deo
602 3437 673 3498 sint.
696 3437 760 3497 Has
783 3443 865 3497 certe
879 3447 1002 3518 aposto·

134 3699 165 3771 ‘)
186 3703 201 3758 1
221 3701 318 3756 Thess.
337 3703 362 3758 5.
400 3704 432 3769 1)
454 3704 485 3756 ln
503 3703 546 3757 ed.
565 3705 650 3772 σήμ
669 3701 693 3757 3.
724 3767 786 3834 w
