2258 4002
7 639 9 710 l

332 209 367 270 o.
386 211 421 268 u.
438 211 522 280 unu
540 209 724 268 eunoun.
919 207 997 278 Ι101

84 385 167 448 quom
189 368 349 430 reversuri.
391 365 487 448 Urget
508 356 601 430 meet
621 366 701 428 molo
722 365 876 428 hobelhio
898 385 998 449 mus,

84 449 261 530 quotidianis
285 451 449 532 exemplis,
478 451 544 512 sive
570 451 599 511 id
621 450 767 531 singulari
795 451 931 530 nequitis
951 469 998 512 ss-

7 603 9 632 Ι
82 541 176 607 tonos,
199 534 265 594 sive
287 534 429 614 neglectu
453 533 535 596 verbi
557 535 614 595 Dei
637 535 796 614 contingit.

155 615 224 695 Ego
248 636 337 695 sono,
367 618 418 697 qui
441 618 514 679 solis
544 624 654 678 oontro
683 635 791 678 omnes
811 622 945 678 statuere
966 617 996 678 in

7 747 8 770 1
79 700 132 760 hoo
158 719 193 760 re
222 699 295 761 nihil
317 719 461 780 possum,
489 701 686 763 vehementes
707 707 861 781 optarem,
889 699 997 764 saltem

78 781 146 844 illud
167 781 190 843 1.
214 782 351 845 Corinth.
367 786 396 847 7.
417 783 478 844 huo
498 786 615 865 aptoni:
637 783 727 861 Quod
749 781 917 844 siinddslis
940 781 999 846 dis·

7 861 8 942 l
78 865 163 942 ondit,
192 864 340 928 discedet.
392 866 462 928 Non
498 869 578 928 enim
607 867 743 930 servituti
771 866 926 928 subiectus
951 871 999 928 sot

7 981 8 990 κ
78 949 164 1008 freter
185 955 240 1010 sut
260 968 347 1010 soror
368 951 399 1010 in
422 951 582 1012 eiusmodi.
641 951 698 1012 llio
719 949 879 1030 spostolus
901 948 997 1010 disoe-

77 1031 194 1094 dentem
218 1032 372 1093 infidelem
396 1033 538 1094 oonoedit
559 1034 685 1114 dimitti,
714 1042 746 1096 et
766 1032 847 1094 fideli
869 1031 997 1094 liberum

76 1115 142 1176 lenit
166 1115 295 1176 alterum
308 1117 459 1196 oooipeso.
493 1117 555 1178 Cur
567 1136 629 1179 non
641 1116 721 1178 idem
744 1116 855 1194 volent,
877 1115 902 1175 si
924 1113 997 1178 lide·

76 1196 117 1275 lis,
138 1197 202 1258 hoo
224 1205 280 1273 est,
302 1201 426 1260 nomine
449 1199 563 1277 fidelis,
591 1201 713 1281 seipso
735 1217 832 1280 seque
853 1196 996 1277 infidelis,

76 1281 235 1359 ooniugem
266 1281 442 1359 dessrst¹l‚
474 1283 652 1364 praesertim
683 1301 837 1363 nunquam
860 1300 997 1342 reversu-

75 1363 141 1424 rus?
170 1363 242 1446 Ego
272 1385 347 1426 sono
368 1366 441 1426 nihil
464 1365 646 1427 discriminis
668 1367 809 1446 utrinque
831 1363 997 1446 deprehen·

75 1446 141 1508 dero
162 1467 303 1527 possum.
355 1449 454 1510 Gr'edo
483 1457 601 1525 sutem,
634 1451 660 1510 si
693 1449 827 1529 spostoli
858 1455 998 1528 tempore

75 1529 228 1592 discessor
247 1531 379 1593 infidelis
401 1551 541 1594 reversus
564 1532 676 1611 denuo,
697 1539 750 1594 out
766 1531 865 1594 fldelis
886 1531 996 1608 fostun,

75 1621 122 1674 out
142 1611 228 1674 fideli
251 1613 428 1676 oohnbitore
451 1616 603 1689 pollicitus
621 1615 738 1694 luisset,
759 1614 912 1676 admissus
933 1632 996 1674 non

73 1695 190 1774 luisset,
221 1696 276 1757 sed
307 1705 336 1758 et
357 1699 415 1778 ipsi
445 1699 571 1760 alterum
599 1697 729 1760 ducendi
750 1704 888 1779 potestus
914 1695 997 1758 looto

73 1778 186 1842 luisset.
231 1780 345 1840 Tamen
368 1782 399 1843 in
421 1783 458 1842 iis
480 1781 553 1843 nihil
575 1781 706 1858 definio,
734 1787 768 1842 ut
789 1779 870 1856 dixi,
894 1775 999 1860 quom·

74 1879 159 1940 quom
188 1863 262 1924 nihil
284 1865 383 1944 magis
413 1873 516 1945 optem
541 1883 609 1926 esso
631 1863 803 1939 delinitum,
831 1882 900 1926 oum
923 1862 998 1924 nihil

7 1961 9 2000 t
72 1945 166 2024 magis
189 1965 241 2008 me
263 1953 293 2006 et
313 1948 426 2009 multos
449 1965 567 2008 meeum
591 1956 684 2010 vexet
705 1946 807 2010 hodie.
850 1945 924 2010 Sole
946 1964 997 2008 on·

7 2003 10 2118 l
75 2028 194 2089 toritote
231 2048 332 2110 popae
363 2037 415 2092 out
446 2031 662 2111 episeoporum
691 2029 741 2092 hio
775 2028 893 2090 definiri
923 2028 997 2089 nihil

8 2127 10 2154 Ι
74 2110 153 2187 volo,
176 2111 232 2172 sed
246 2113 271 2172 si
286 2111 347 2174 duo
370 2113 477 2176 eruditi
491 2113 605 2175 etboni
619 2115 674 2174 visi
696 2114 726 2174 in
749 2112 873 2174 nomine
886 2111 997 2173 curisti

74 2193 294 2272 consentienti,
332 2207 364 2257 et
399 2198 429 2256 in
464 2197 571 2278 spiritu
605 2197 717 2260 Christi
750 2196 998 2276 psonunoisrent,

74 2294 176 2338 eorum
216 2294 275 2358 ego
315 2278 460 2340 iudioium
497 2280 681 2361 praeferrem
724 2279 816 2340 etium
853 2277 999 2354 oonsiliis‚

77 2360 175 2439 quelle
198 2379 281 2422 nuno
301 2362 402 2424 solent
424 2364 509 2444 oogi,
533 2369 649 2425 tontum
681 2379 809 2424 numero
837 2365 868 2422 et
888 2361 999 2421 outoni·

75 2447 132 2503 toto
153 2443 233 2505 uitro
254 2444 454 2507 eruditionem
477 2447 752 2507 etsenotimonism
770 2446 893 2506 ioototo
927 2441 997 2506 Sus·

75 2525 173 2604 pendo
204 2544 279 2606 ergo
309 2527 359 2588 hio
393 2547 541 2610 osgsnum
576 2549 695 2604 meum,
728 2527 829 2590 donoo
861 2525 999 2588 oonletst

78 2626 195 2670 menum
219 2609 297 2672 ulios
318 2611 435 2674 melior.

414 2791 468 2853 De
495 2790 653 2856 Ordine.

9 3001 10 3006 ,
151 2944 222 3005 Hoo
250 2951 475 3005 soorsmentnm
497 2946 629 3008 eoolesis
652 2945 762 3007 Christi
790 2945 928 3026 ignoret,
955 2945 998 3004 in-

9 3027 10 3038 *
75 3033 255 3106 ventumque
276 3033 324 3088 ost
344 3026 384 3088 ob
406 3028 659 3110 eoelesispspse.
702 3028 771 3090 Non
793 3028 873 3090 onim
896 3027 995 3089 solum

76 3109 184 3170 nullom
209 3108 302 3170 babet
323 3111 559 3190 promissionem
581 3113 714 3193 modos,
747 3110 830 3172 ullibi
851 3111 995 3192 positum,

78 3191 188 3254 sedne
218 3192 312 3253 verbo
341 3193 462 3274 quidem
492 3196 557 3256 sius
590 3194 728 3255 meminit
755 3200 851 3256 totum
881 3211 996 3254 novum

80 3280 301 3338 testamentum.
352 3275 524 3338 Ridiculum
558 3284 659 3339 sutem
698 3284 745 3337 est
778 3294 915 3338 asserere
940 3291 997 3354 pro

78 3365 263 3420 snorsmento
291 3359 366 3436 Dei,
395 3360 477 3439 quod
506 3379 525 3422 s
552 3361 621 3422 Deo
647 3359 816 3421 institutum
845 3374 996 3436 nusquam

9 3519 10 3526 ἵ
78 3448 173 3519 potest
203 3443 375 3504 monstruni.
417 3442 486 3504 Non
515 3442 597 3523 quod
619 3441 825 3505 domnsudum
852 3459 996 3505 oeoseom

418 3613 493 3621 ...—

129 3712 161 3784 1)
180 3713 212 3768 ln
230 3711 272 3770 od.
295 3713 379 3787 orig-o
398 3710 524 3770 disserat.
561 3689 572 3694 “
