2252 4006
153 164 215 232 272
460 165 603 227 Resolutm
622 171 730 244 Disput.
749 164 783 228 de

154 321 213 398 Qui
231 341 310 401 ergo
333 341 394 384 nou
418 327 565 405 proponit
585 328 744 388 actualiter
759 345 900 407 peccare,
921 325 1059 405 diguam·

153 406 234 466 cedit
254 407 293 465 ad
315 417 549 484 sacramentum,
573 411 692 471 etiamsi
714 429 774 472 non
797 415 950 490 proponat
971 407 1060 468 iacere

153 487 267 550 bonum
293 498 351 548 etc.
395 489 521 551 Obicam
545 510 605 553 non
628 513 743 574 ponere
765 502 813 552 est
840 490 972 552 medium
992 491 1060 550 iular

153 573 346 632 declinares
368 572 449 633 malo
472 582 501 633 et
523 574 624 636 iacere
647 576 770 655 bonum,
793 575 864 636 dum
880 567 978 653 neque
998 573 1061 633 lacit

152 655 265 715 malurn
288 673 388 733 neque
411 656 540 716 bonurn:
563 659 616 718 sed
640 659 737 719 solum
763 667 856 720 tama
870 658 962 733 bono,
980 675 1060 735 quam

152 757 171 798 a
193 737 292 816 malo,
314 756 376 799 non
398 739 515 800 habens
538 747 653 802 motum
676 743 768 802 animi
790 760 810 801 a
832 741 932 816 malo,
954 757 1010 799 nec
1030 740 1062 799 ad

152 821 275 882 bouum.
318 820 408 882 Ratio
430 822 518 884 huius
541 826 696 905 opinionis
719 832 779 905 est,
815 826 887 904 quia
920 825 949 882 in
972 842 1006 883 se
1025 825 1063 882 sic

151 912 344 986 sacramenta
365 923 464 966 novae
491 905 568 987 legis
599 927 661 969 nou
689 914 793 969 essent
820 907 949 968 meliora
969 924 1063 965 saura·

153 989 262 1048 mentis
287 989 397 1048 veteris
425 989 521 1068 legis,
540 1009 624 1052 cum
654 1001 684 1052 et
705 993 734 1050 in
764 992 858 1051 veteri
881 989 953 1070 lege
973 1007 1063 1050 sacra

152 1079 254 1131 menta
276 1073 405 1151 gratiam
427 1070 548 1146 darent,
567 1076 592 1132 si
615 1075 681 1153 quis
704 1082 788 1134 motu
812 1073 893 1134 bono
918 1072 1018 1132 cordis
1038 1073 1062 1130 iu

151 1153 211 1214 fida
233 1156 429 1234 suscepisset,
451 1163 484 1215 ut
506 1155 610 1216 dicunt
627 1176 744 1218 omnes.
788 1156 874 1217 Haec
887 1157 1064 1216 omniasuut

152 1253 281 1301 erronea
303 1246 335 1298 et
354 1238 441 1320 falsa,
463 1247 500 1298 nt'
516 1239 633 1318 patebit
654 1239 826 1320 probando.

233 1320 337 1381 Altera
360 1323 465 1400 opinio
498 1330 544 1382 ast
572 1322 760 1402 asmodeus„
795 1322 878 1402 quod
911 1339 1002 1388 namo,
1032 1321 1064 1380 sit

151 1411 261 1483 certus,
284 1424 322 1464 au
345 1405 473 1482 gratiam
504 1401 708 1484 consequatur
736 1407 765 1465 in
796 1411 1009 1479 sacramento,
1038 1411 1064 1462 et

150 1487 339 1567 distinguunt
367 1489 396 1546 in
419 1487 500 1547 huuc
521 1489 656 1568 modum,
677 1489 771 1569 quud,
794 1495 941 1568 quantum
964 1495 1011 1546 eat
1029 1505 1064 1545 ex

150 1582 237 1651 parte
259 1571 441 1630 sacramenti
471 1569 643 1650 efficientis,
666 1583 749 1632 carta
770 1582 818 1650 est
844 1573 963 1650 gratiae
990 1587 1063 1629 asse

150 1656 242 1733 cutio,
265 1653 318 1713 sed
342 1661 487 1732 quantum
511 1665 557 1714 εει
579 1675 618 1714 ex
636 1663 721 1744 parte
734 1655 938 1736 suscipientis,
955 1654 1065 1714 incerta

77 1785 79 1789 ,
150 1746 205 1815 eat,
229 1738 300 1816 quia
321 1737 417 1796 nescit
439 1737 548 1816 homo,
579 1757 620 1800 an
655 1737 726 1803 odio
749 1737 798 1797 vel
821 1756 928 1798 amore
962 1735 1063 1818 dignus

150 1821 197 1882 sit.
241 1821 354 1880 Dicunt
375 1828 476 1881 tamen
499 1840 538 1880 ex
552 1828 638 1901 parte
652 1822 845 1902 suscipientis
857 1819 962 1880 haberi
979 1819 1064 1899 possa

150 1905 281 1984 aliquam
305 1903 526 1980 certitudinem,
549 1904 666 1964 scilicet
687 1905 833 1965 moralem
864 1914 897 1964 ει
924 1921 1063 1978 crassam,

149 1987 286 2063 honest,
310 1986 498 2065 probabilem
522 1995 552 2046 et
575 1988 786 2065 uerisimilem,
809 2005 869 2048 non
893 1992 995 2046 autem
1017 1985 1062 2046 ab·

148 2071 280 2132 solutam
303 2078 332 2129 at
359 2070 482 2150 plenam
512 2070 740 2152 certitudinem,
768 2089 826 2130 nec
856 2071 895 2147 sit
926 2087 1063 2130 neeessa-

147 2155 192 2214 ria
215 2154 293 2215 talis.
341 2158 345 2171 ¹

173 2291 175 2298 ,
232 2237 346 2298 Contra
374 2236 451 2298 haec
477 2235 637 2317 probativa
668 2237 745 2298 haec
776 2255 918 2317 propono
952 2237 1062 2297 ratione

148 2320 218 2382 lali:
250 2321 363 2399 Primo,
386 2321 558 2399 ubicunque
580 2327 627 2380 εει
648 2319 772 2380 verbum
796 2319 851 2380 Dei
887 2320 1062 2400 promittens

148 2403 410 2483 aliquiihomini,
431 2405 472 2464 ibi
494 2403 669 2464 necessaria
689 2402 833 2464 esafides
852 2403 996 2477 hominis,
1014 2404 1061 2480 qui

148 2488 253 2551 credat
274 2488 355 2549 hano
377 2487 611 2567 promissionem
634 2506 702 2547 esse
717 2503 819 2546 veram
838 2494 869 2545 et
879 2485 1060 2566 implendam

148 2571 227 2632 adeo
250 2579 331 2631 certe
353 2581 384 2632 et
410 2569 548 2648 firmiter,
582 2577 613 2629 ut
645 2571 760 2650 potius
780 2589 902 2633 ornnem
934 2587 1060 2642 sensum,

148 2672 269 2718 omnem
291 2655 459 2730 rationem,
493 2671 623 2716 omnam·
641 2654 814 2727 scientiam,
847 2671 971 2713 ¹ornnem
994 2670 1059 2710 con-

145 2737 374 2818 tradictionem,
418 2755 539 2798 omnem
580 2743 749 2799 creaturam
785 2734 911 2796 deberat
943 2753 1060 2814 negare,

147 2837 238 2900 quam
262 2821 310 2880 dei
332 2821 426 2881 verbo
456 2839 517 2880 nou
540 2819 678 2880 credere:
711 2820 781 2898 quia
808 2820 861 2900 qui
892 2817 985 2880 verbo
1014 2816 1058 2877 dei

147 2922 209 2965 nun
231 2904 341 2986 credit,
372 2903 460 2964 deum
488 2904 560 2964 lacit
583 2901 778 2977 mandacem,
815 2909 845 2961 et
881 2909 973 2980 negat
1000 2902 1058 2960 eius

143 2986 304 3048 'veritatem
327 2995 357 3046 et
370 2994 488 3066 ¹paueat
508 2993 616 3048 contra
630 2987 982 3066 primumpraaoeptum.
1004 2981 1058 3044 seu

145 3071 175 3130 iu
199 3072 282 3131 omni
304 3077 496 3130 sacramento
519 3076 566 3129 est
593 3069 717 3128 verbum
742 3067 789 3129 dai
812 3069 992 3148 promittens
1012 3066 1057 3126 ho-

146 3156 218 3215 mini
241 3152 369 3233 aliquid:
408 3160 440 3213 ut
461 3149 588 3232 Baptiso
611 3159 640 3212 te
662 3154 692 3212 in
716 3153 838 3212 nomine
860 3152 955 3230 patris
989 3156 1057 3226 eta,

144 3237 297 3318 Immergo
319 3246 349 3298 ιε
371 3245 401 3298 ει
423 3238 526 3299 omnia
546 3243 675 3316 peccata
696 3235 857 3312 lua‚ilem:
874 3233 1012 3298 Absolvo
1033 3239 1057 3292 ta

145 3329 219 3399 eta,
252 3321 386 3381 Remitto
413 3319 466 3379 tibi
496 3326 625 3399 peccata
647 3327 698 3378 tua
721 3325 779 3381 eto.
824 3317 959 3398 [lngoin
982 3316 1056 3378 omui

145 3409 337 3462 sacramento
359 3406 602 3463 necessariaest
630 3400 706 3462 fides
734 3401 901 3463 cautissima
930 3399 970 3460 da
996 3415 1056 3480 pro·

146 3485 292 3544 missione
315 3484 362 3544 dei
385 3491 444 3546 etot
694 3504 697 3514 ·

189 3643 192 3650 Ι
229 3567 369 3628 Secundo
397 3566 543 3646 probatur
570 3540 741 3628 autoritate.
798 3565 887 3627 Rom.
916 3562 1054 3646 tabra-

148 3646 368 3710 hamcredidit
389 3649 448 3710 deo
468 3651 654 3732 promittenti
684 3647 741 3725 sibi
762 3648 857 3710 fllium
887 3644 917 3708 ἐι
945 3654 1053 3734 reputa·
