2254 4008
171 176 215 250 20
409 183 445 241 De
465 179 544 256 capt.
564 184 661 256 Babyl.
682 186 820 244 Ecclesiae

171 341 260 401 rinth.
284 339 492 417 11.¹addueit,
524 341 575 420 qui
597 343 753 421 aeeepisse
777 363 793 403 a
816 343 948 404 Domino
979 361 1028 416 se,
1064 349 1096 403 et

175 423 336 485 tradidisse
357 423 520 485 Corinthiis
551 433 581 483 et
613 426 701 504 panis
724 434 754 484 et
775 425 879 486 caliois
902 445 988 486 usum
1013 425 1095 488 dieit.

172 506 230 567 Hie
250 508 357 567 iterum
380 513 483 567 noster
504 509 657 588 speoiator
688 509 767 568 sieut
788 507 899 587 ubique
921 507 1093 588 Scripturas

173 591 296 672 egregie
325 597 458 651 tractans
487 588 593 668 dooet,
624 591 748 650 Paulum
778 590 890 651 ibidem
919 592 1094 670 permisisse

175 680 336 751 utramque
363 673 515 753 speeiem,
548 691 608 733 non
639 673 810 734 tradidisse.
854 673 981 749 Quaeris
1013 673 1093 734 unde

171 755 301 836 probat?
323 756 463 836 anpite
485 775 552 833 sue,
574 757 653 816 siout
675 763 705 816 et
726 755 800 816 iliud
822 757 927 818 lobau.
941 759 970 820 6.
1014 756 1092 817 Nam

171 838 253 898 huno
274 837 432 899 Leetoram
457 857 517 900 uon
543 839 635 898 deeet
657 841 804 898 rationem
827 838 955 899 reddere
976 857 1093 908 eorum,

171 939 251 1000 quae
273 921 354 995 dieit,
377 939 444 981 oum
468 923 505 980 sit
527 920 566 980 de
587 921 776 1001 professione
799 940 920 998 eorum,
951 923 1002 1000 qui
1026 923 1094 980 visi-

172 1002 281 1065 onibus
313 1005 376 1064 suis
408 1005 511 1065 omnia
540 1003 670 1084 probant
703 1012 733 1064 et
766 1003 886 1066 doeent.
940 1003 1095 1065 Doeemur

171 1104 245 1168 ergo
282 1094 312 1146 et
340 1086 405 1162 bie,
442 1087 615 1166 apostolum
650 1106 688 1147 eo
724 1086 783 1147 loei
819 1106 880 1162 non
914 1085 953 1148 ad
976 1089 1093 1148 univer-

171 1189 223 1230 sos
256 1168 430 1230 Corinthios
462 1171 637 1249 scripsisse,
673 1170 727 1230 sed
764 1170 801 1230 ad
834 1169 931 1232 laioos
962 1175 1090 1248 tantum,

173 1252 244 1314 ideo
267 1251 477 1314 sacerdotibus
499 1251 561 1312 illio
582 1252 654 1312 nihii
676 1254 860 1332 permisisse,
882 1252 936 1314 sed
958 1255 1094 1334 privatos

172 1355 241 1398 esse
263 1337 405 1397 universo
426 1345 636 1412 sacramento,
658 1336 767 1395 deinde
789 1336 871 1416 quod
894 1335 1094 1398 novaGram-

173 1421 298 1498 medea,
321 1419 436 1498 Aesepi
460 1438 479 1477 e
500 1419 649 1495 Domino,
672 1417 750 1478 idem
774 1421 827 1498 sit,
857 1420 939 1499 quod
961 1421 1092 1500 permis-

172 1521 239 1562 sum
259 1510 306 1562 est
328 1522 347 1562 a
368 1502 517 1562 Domino:
551 1508 581 1562 et
602 1500 725 1561 Tradidi
748 1501 851 1583 vobis,
883 1501 913 1562 id
937 1511 999 1579 est,
1027 1522 1094 1583 per·

172 1585 240 1645 misi
262 1583 358 1648 vobis.
401 1584 469 1645 Hoe
497 1603 574 1664 rogo
606 1585 764 1664 insigniter
792 1595 873 1645 nota.
920 1585 997 1645 Nam
1019 1586 1093 1646 bine

172 1687 234 1729 non
258 1667 350 1728 modo
380 1666 545 1742 eeclesiae,
577 1667 630 1726 sed
653 1667 777 1728 ouilibet
804 1669 918 1748 passim
948 1667 1094 1728 nebuloni

172 1749 291 1826 iioebit,
310 1750 372 1810 boo
393 1751 553 1830 magistro,
588 1750 818 1830 permissionem
842 1751 943 1812 iaeere
966 1770 1006 1811 ex
1029 1753 1093 1812 uni-

170 1834 266 1894 versis
293 1834 482 1914 praeseptis,
516 1835 677 1912 institutis,
711 1833 954 1895 ordinationibus
982 1832 1094 1895 Christi

171 1923 202 1978 et
223 1916 443 1997 apostolorum.

253 1999 353 2060 Video
383 2000 486 2079 itaque
522 1999 675 2059 hominem
713 1999 793 2060 hune
825 2000 936 2080 angelo
966 2007 1094 2062 satanae

171 2083 316 2162 agitatum
345 2089 375 2142 et
409 2100 477 2159 eos,
506 2082 557 2162 qui
579 2081 752 2160 colludunt,
782 2083 841 2144 boe
863 2101 1027 2163 quaerere,
1062 2093 1094 2144 ut

170 2184 226 2246 per
247 2184 296 2225 me
318 2181 430 2224 nomen
454 2172 644 2246 auoupeutur
676 2167 706 2225 in
730 2165 859 2244 mund0,
893 2169 980 2246 quasi
1009 2167 1093 2247 digni

169 2248 279 2308 fuerint
301 2266 369 2308 oum
391 2247 522 2308 Luthero
545 2248 699 2328 congredi.
743 2248 804 2310 Sed
825 2249 1016 2311 frustrabitur
1039 2269 1093 2311 eos

169 2349 328 2411 spaerae,
351 2337 382 2391 et
403 2333 568 2411 contempti
590 2350 653 2390 non
683 2332 919 2394 nominabuntur
946 2354 964 2394 a
992 2352 1041 2394 me
1063 2335 1091 2392 in

170 2418 361 2494 perpetuum.
406 2413 473 2474 Una
493 2414 551 2474 heo
573 2421 733 2474 eontentus
756 2434 808 2476 ero
830 2416 1033 2496 responsione
1054 2416 1092 2477 ad

169 2498 330 2557 universos
353 2513 457 2556 eorum
481 2495 582 2559 libros.
627 2497 763 2573 Quodsi
786 2498 869 2578 digni
898 2507 984 2579 sunt,
1015 2515 1107 2580 quos·

170 2579 308 2641 Christus
331 2578 369 2639 ad
392 2599 497 2640 sanam
513 2585 645 2641 mentem
660 2579 795 2654 redueat,
816 2600 880 2659 oro,
902 2592 934 2642 ut
955 2583 985 2643 id
999 2583 1093 2645 faeiat

170 2662 378 2724 misericordia
399 2682 463 2724 sun.
508 2662 538 2723 Si
563 2663 644 2744 digni
661 2683 720 2724 non
739 2672 818 2745 suut,
840 2685 958 2745 preeor,
981 2674 1091 2727 utnon

173 2753 294 2807 cassant
316 2744 447 2806 seribere
471 2747 547 2807 teies
569 2747 679 2826 libros,
702 2754 731 2807 et
753 2748 858 2808 hostes
882 2750 1034 2827 veritatis,
1063 2759 1094 2810 ut

172 2849 232 2890 nou
256 2829 333 2889 alios
356 2836 528 2889 mereantur
550 2829 660 2910 legere.
705 2830 806 2912 Vulgo
824 2838 854 2892 et
876 2851 947 2893 vere
969 2832 1092 2894 dieitur:

173 2912 241 2973 Hos
263 2912 328 2972 seio
350 2929 406 2992 pro
429 2920 529 2989 certo,
563 2913 660 2992 quod,
695 2915 721 2974 si
750 2933 817 2974 eum
840 2921 975 2976 stercore
998 2924 1094 2994 oerto,

171 2997 262 3056 vineo
284 2993 333 3055 vel
347 2995 463 3070 vinear,
485 3013 608 3076 semper
620 3016 678 3077 ego
694 2998 838 3058 marulor.
871 2999 1000 3076 Deinde,
1022 3002 1093 3079 quia

169 3078 259 3139 video
281 3077 339 3138 iilis
362 3079 456 3138 otium
479 3085 509 3138 et
520 3079 640 3140 obortas
662 3079 828 3159 abundare,
851 3080 931 3142 dabo
954 3100 1092 3163 operam,

171 3169 205 3222 ut
227 3162 382 3241 negotium
405 3160 555 3222 soribendi
580 3160 712 3223 habeant
736 3165 906 3244 eopiosum.
949 3165 1092 3226 Praeeur·

169 3264 233 3304 ram
258 3245 349 3322 enim,
372 3250 413 3320 ut,
437 3244 505 3304 dum
530 3245 741 3324 gloriosissimi
763 3249 894 3308 viatores
907 3247 945 3308 de
958 3268 1020 3310 uua
1041 3250 1092 3310 ali·

170 3346 231 3406 qua
254 3345 323 3386 mea
354 3325 471 3387 haeresi
502 3328 552 3406 (ut
573 3329 617 3389 eis
641 3327 776 3412 videtur)
801 3330 1003 3414 triumphant,
1032 3352 1090 3412 ego

169 3411 289 3469 interim
312 3426 424 3468 novam
448 3410 563 3473 moliar.
610 3411 706 3492 Cupio
730 3414 810 3472 enirn
832 3421 862 3473 et
889 3433 948 3494 ego
971 3414 1027 3476 bos
1051 3418 1092 3476 iu·

173 3493 276 3570 signes
296 3489 444 3551 beliorum
467 3492 560 3553 duees
593 3493 693 3554 multis
717 3494 808 3555 titulis
831 3499 942 3558 ornari.
984 3496 1092 3578 Itaque

171 3573 242 3633 dum
264 3573 306 3633 illi
330 3581 531 3652 murmurant,
554 3595 637 3636 ame
659 3577 774 3637 laudari
797 3580 952 3658 utriusque
977 3582 1091 3660 speeiei

184 3657 429 3743 ommunionem,
450 3665 481 3717 et
501 3659 531 3719 in
555 3660 689 3720 maxima
709 3661 767 3720 ista
789 3679 883 3742 seque
913 3663 1092 3744 dignissima
