2262 4006
126 184 190 252 320
357 190 513 260 Roeponsio
531 186 566 242 D.
576 189 617 243 Ἰί.
636 187 663 244 t.
685 188 720 242 ad
737 186 841 245 librum

128 350 242 423 negant
253 342 419 404 Dominum
442 341 687 421 esseOhristum,
708 361 823 422 exquo
845 341 939 404 nobis
950 340 1053 402 Mosen

128 426 280 506 quendam
304 425 455 502 leserunt,
483 444 553 487 oum
574 425 627 486 ille
648 426 717 486 fuso
739 428 892 506 sanguine
914 443 972 486 suo
995 443 1053 484 non

127 510 159 569 in
180 509 240 569 boe
262 517 413 568 mereatur
436 511 490 586 sit,
527 519 559 570 ut
580 510 682 569 solum
703 510 816 570 doceat
844 509 925 570 bene
944 509 1054 585 vivere,

128 593 201 652 sed
193 611 259 670 ipse
269 593 352 652 vivet
364 602 396 652 et
403 601 510 671 regnet
521 593 551 652 in
560 591 660 670 nobis,
676 594 776 672 sitque
786 593 940 654 Dominus
954 598 1056 650 noster

127 694 265 755 operans
284 676 315 734 in
336 675 425 735 nobis
448 677 552 736 omnia
574 693 670 755 opera
692 687 813 753 nostra,
840 676 925 755 quod
948 673 984 734 fit
1005 693 1056 752 per

127 759 225 819 solam
248 757 368 820 fidem
361 778 390 818 in
413 777 494 818 eum.
535 761 576 818 At
598 760 650 837 qni
672 778 754 819 nuno
775 759 982 838 Evangelium
1006 775 1057 836 op·

65 901 70 924 ,
128 844 201 902 bine
223 841 344 920 dooent,
368 842 544 920 Magistrum
569 841 960 904 aeuministrumnostruin
976 839 1057 900 Obri-

128 934 208 984 etum
230 887 360 1006 laoiunl,
388 927 439 1003 qui
466 925 539 985 ioris
569 944 698 986 manens
726 926 838 986 dooeat
860 925 963 1000 bona,
997 941 1056 982 nou

129 1009 210 1068 intus
232 1006 405 1068 dominetur
427 1026 559 1087 operans
583 1007 674 1072 bona.

212 1090 272 1151 Sed
295 1091 383 1170 bene,
403 1091 488 1169 quod
510 1092 642 1150 aeleram
664 1109 757 1171 super
779 1089 972 1151 seinduoent
994 1106 1058 1168 per·
1128 1141 1129 1156 ,

130 1174 285 1251 ditionem,
308 1176 379 1252 quie
400 1173 658 1234 abbreviabuntur
679 1174 744 1250 dies
766 1173 826 1252 illi,
854 1173 973 1251 alioqui
996 1189 1058 1231 non

130 1258 217 1318 lieret
238 1257 325 1316 salva
346 1259 445 1318 omnis
467 1275 549 1316 earo.
592 1257 626 1316 ld
650 1258 731 1335 quod
755 1275 838 1318 nune
859 1258 926 1316 fore
947 1273 1059 1335 prope

130 1341 210 1401 diem
233 1359 402 1419 speramus.
445 1340 530 1398 Multi
554 1347 656 1400 autem
670 1351 838 1419 sequentur
859 1358 968 1400 eorum
992 1357 1059 1417 per·

130 1425 251 1499 nioiem,
273 1423 387 1482 indicat
407 1441 525 1502 pauoos
547 1424 662 1484 servari
684 1422 723 1482 ab
746 1442 851 1483 eorum
874 1422 1061 1503 perditione,

131 1507 212 1568 unde
234 1516 265 1566 et
286 1505 423 1566 Christus
445 1506 551 1566 blattb.
574 1507 624 1568 24.
646 1506 795 1584 oonsulit,
824 1516 856 1566 ut
877 1507 999 1585 fugiant
1020 1503 1062 1564 ad

131 1596 267 1671 montes,
300 1596 330 1648 et
364 1608 425 1650 non
460 1597 650 1649 revertantur
683 1551 818 1650 domurb.
872 1588 912 1648 Et
945 1587 1062 1646 Paulus

130 1673 305 1753 periculosa
321 1679 414 1732 voest
435 1681 574 1752 tempore
595 1687 720 1752 propter
733 1672 814 1733 bano
836 1672 973 1752 speeiem
997 1670 1063 1750 pie

132 1761 213 1820 tatis.
256 1757 297 1814 At
320 1755 426 1815 dieunt
446 1757 504 1815 illi:
538 1755 620 1816 bona
641 1763 712 1816 sunt
733 1765 858 1832 statuta,
879 1755 981 1815 saneti
1004 1753 1062 1813 viri

133 1859 170 1900 ea
193 1837 389 1916 tradiderunt,
411 1840 610 1917 Augustinus,
632 1838 827 1916 Benedictus,
851 1837 1063 1914 Bernhardus,

132 1923 330 2000 Francisous,
369 1922 549 1983 Dominieus
593 1931 624 1982 et
666 1922 791 1984 similes.
853 1921 1063 2000 Respondeo:

131 2005 200 2066 Hoe
221 2014 277 2083 est,
300 2005 383 2084 quod
407 2005 515 2066 volunt
532 2003 668 2065 Christus
690 2013 721 2065 et
742 2005 876 2084 apostoli
899 2005 1009 2064 Petrus
1033 2012 1066 2062 et

132 2089 254 2164 Paulus,
276 2089 464 2167 quodopera
485 2090 546 2148 sint
559 2089 668 2148 similia
691 2090 807 2148 traditis
829 2089 859 2146 in
874 2086 1065 2166 Evangelio.

130 2171 199 2233 Hoo
221 2173 302 2246 enini
327 2180 453 2250 vooant,
481 2173 569 2231 iuxta
590 2172 762 2232 doctrinam
790 2179 822 2231 et
847 2172 932 2230 iuxta
959 2174 1064 2229 intro·

132 2256 324 2331 duotionem,
348 2256 430 2334 quod
452 2254 596 2334 exempla
625 2273 752 2334 operum
780 2275 798 2314 e
819 2254 957 2314 Patribus
989 2253 1066 2313 sola

133 2341 274 2418 sapiunt,
306 2337 398 2398 fidam
421 2355 483 2399 non
514 2339 648 2417 sapiunt.
691 2338 738 2398 lta
764 2339 915 2417 contingit
936 2337 998 2414 eis,
1030 2345 1064 2395 ut

132 2443 180 2502 ea,
203 2441 282 2501 quae
303 2421 409 2481 Patres
433 2422 481 2481 vel
504 2431 639 2482 errantes
662 2421 882 2498 uendiderunt,
915 2420 1010 2498 (quia
1032 2426 1066 2479 at

134 2505 223 2566 eleoti
245 2506 294 2565 bio
316 2506 346 2564 in
367 2523 501 2565 errorem
525 2505 656 2565 duoendi
677 2505 909 2584 praedicuntur)
933 2505 994 2582 ipsi
1018 2503 1064 2562 in·

133 2591 247 2648 sensati
269 2590 400 2666 irruunt,
431 2597 462 2648 et
488 2607 621 2648 errorem
652 2589 700 2648 vel
723 2597 892 2648 extremam
919 2587 1063 2666 speeiem

133 2672 358 2750 amplectuntur
387 2691 442 2752 pro
465 2672 514 2731 vie
536 2672 633 2748 bona,
655 2680 686 2731 et
707 2673 752 2730 sio
773 2670 812 2732 ab
834 2671 1008 2752 Evangelio
1033 2679 1065 2729 et

132 2754 194 2814 fide
214 2755 381 2816 insensibili
409 2755 532 2816 lallaoia
560 2755 768 2831 abduonntnr,
799 2757 976 2834 praesertim
1008 2753 1062 2814 ubi

134 2839 287 2898 aeoedens
309 2837 463 2919 pontificis
485 2838 574 2898 Rom.
595 2839 742 2899 autoritas
771 2858 825 2898 eas
855 2840 924 2897 vias
946 2857 1063 2919 appro-

135 2921 187 2982 bat
208 2932 238 2982 et
259 2921 403 2983 liduoiam
424 2923 542 2982 illarum
565 2922 735 3000 confirmat,
757 2940 795 2981 ao
815 2924 876 2982 iam
899 2921 983 3002 leges
1009 2941 1062 2982 ne·

135 3008 284 3066 oesserias
308 3024 347 3066 ex
370 3007 414 3065 eis
436 3006 518 3086 laoit,
539 3024 617 3085 quas
630 3005 736 3067 Patres
759 3025 821 3066 non
846 3006 903 3064 nisi
918 3005 1061 3066 libertate

134 3089 255 3169 spiritus
278 3097 308 3148 et
322 3089 524 3150 condiderunt
545 3101 575 3150 et
592 3097 800 3167 servaverunt,
824 3090 976 3149 neminem
1000 3089 1060 3149 illis

133 3181 284 3252 perpetuo
306 3173 479 3252 alligantes,
502 3183 556 3234 aut
576 3175 602 3232 si
623 3174 684 3234 boe
705 3173 853 3250 feserunt,
876 3174 942 3234 sine
965 3172 1059 3233 dubio
1124 3165 1125 3170 ’

136 3264 271 3318 errantes
293 3275 348 3335 pro
371 3259 506 3318 bumana
523 3256 696 3337 fragilitate.
852 3265 855 3270 '

218 3339 275 3399 Per
304 3358 381 3418 quos
411 3343 459 3399 via
487 3341 621 3400 veritatis
653 3339 920 3436 blasphemabitur
972 3338 1058 3434 Quae

137 3431 183 3481 est
204 3422 257 3481 illa
278 3425 328 3481 via
351 3422 506 3482 veritatis?
529 3423 639 3483 Nonne
660 3442 740 3520 quae
757 3424 923 3504 opponitur
945 3423 1057 3504 speeiei
1112 3426 1115 3434 '

137 3511 168 3560 et
190 3504 344 3583 hypoorisi
368 3506 516 3585 operum?
548 3507 655 3586 Neque
687 3510 767 3566 enim
800 3505 935 3587 apostoli
965 3505 1056 3565 ullam
1123 3534 1124 3562 l

138 3584 293 3662 religionis
315 3595 432 3648 saetam
453 3591 660 3668 instituerunt,
683 3591 736 3650 sed
760 3590 857 3650 solam
882 3589 952 3650 fidei
976 3587 1056 3650 chri-

139 3667 256 3726 stianae
278 3670 358 3729 viam
380 3671 520 3732 omnibus
545 3680 774 3734 communemt
761 3674 959 3737 tradiderunt.
988 3667 1056 3734 Cre·
