2254 4008
311 179 349 234 o·
365 178 399 233 lt
418 179 497 234 Lutlr.
514 177 701 234 Praeludlum.
931 173 972 241 79

64 335 102 394 nis
123 331 212 393 verbo
234 332 329 394 horno
357 339 456 393 eertus
478 334 531 414 sit,
560 333 585 392 si
607 331 812 412 baptisarstur
833 330 971 411 eredens,

62 417 178 477 salutern
209 435 277 476 sese
310 427 558 491 eonseoutnrum,
585 415 638 475 ubi
665 415 738 475 nihil
768 433 891 494 prorsus
918 433 972 494 po·

61 500 167 559 testatis
189 498 343 576 tributum,
366 499 419 559 sad
433 500 630 560 ministerium
653 498 803 558 duntaxat
821 498 974 578 baptisan-

60 586 123 643 tium
144 583 314 643 institutum
336 583 389 660 sit,
414 584 458 642 ita
479 583 529 642 liin
550 601 619 642 eum
642 581 730 641 dioit:
761 581 974 660 Quodcunque

60 666 191 745 ligaveris
214 673 271 727 eta.
295 663 385 725 fidam
409 659 767 745 prouocatpoenitentis,
789 664 973 744 uthoupro

60 749 203 808 missionis
234 745 330 808 verbo
364 758 463 808 certus
486 750 538 826 sit,
575 749 600 808 si
633 748 802 808 solveretur
835 747 974 825 eredens,

60 851 120 890 vere
144 831 278 890 solutum
301 850 335 890 se
356 849 425 890 esse
447 835 477 891 iu
499 832 606 909 coelo,
636 831 686 892 ubi
709 832 800 910 plane
822 830 895 889 nihil
917 849 973 911 po·

59 913 185 991 testatis,
222 913 276 973 sed
308 915 504 974 ministerium
536 916 669 994 tangitur
695 915 892 974 absolventis.
935 913 975 973 Et

58 998 122 1056 satis
143 998 254 1056 mirum
278 1005 341 1074 est,
375 997 446 1076 quid
470 997 616 1057 acciderit
636 998 737 1058 saenis
759 997 817 1057 illis
841 1006 870 1056 et
893 1015 975 1057 arro·

58 1079 191 1160 gentibus
220 1079 411 1157 hominibus,
445 1088 478 1140 ut
500 1101 539 1142 ex
566 1081 771 1160 promissione
801 1080 974 1160 baptismali

58 1183 110 1223 non
132 1164 227 1221 etiarn
249 1163 307 1222 sibi
336 1165 527 1243 tyrannidem
557 1164 742 1243 arrogarint,
776 1173 827 1222 aut
857 1164 881 1222 si
904 1163 975 1222 hino

58 1265 109 1305 nan
122 1253 279 1326 arrogant,
302 1262 355 1306 our
367 1248 396 1306 in
408 1247 618 1325 poenitentiali
631 1248 834 1326 promissione
848 1247 877 1304 id
888 1265 974 1326 pras-

58 1332 249 1407 sumpserint,
278 1347 347 1388 eurn
372 1330 532 1408 utrobique
554 1331 593 1390 sit
612 1349 668 1410 par
690 1331 904 1407 ministerium,
934 1330 976 1388 si·

59 1413 126 1470 milis
148 1413 332 1492 promissio,
365 1412 473 1472 eadem
502 1414 683 1474 saorameuti
716 1414 804 1491 ratio,
848 1421 881 1472 ut
913 1431 974 1473 uon

58 1495 149 1575 possis
172 1513 299 1574 negare,
322 1497 347 1554 si
371 1495 538 1576 baptismus
560 1515 622 1556 non
645 1496 703 1556 soli
726 1497 816 1555 Petro
840 1496 976 1573 debetur,

58 1579 140 1638 etiam
163 1579 269 1638 olsves
295 1580 390 1658 impia
417 1580 578 1659 tyrannide
606 1579 663 1640 soli
689 1597 791 1660 papae
819 1579 976 1658 arrogari?

130 1661 178 1720 lta
201 1679 271 1722 oum
294 1661 380 1722 dicit:
404 1662 558 1742 decipite,
580 1663 642 1721 hon
663 1671 710 1722 est
731 1681 842 1741 eorpus
865 1681 976 1741 meum,

59 1744 132 1822 quod
154 1762 214 1823 pro
237 1743 325 1804 vobis
347 1745 491 1828 traditur,
523 1745 573 1805 hio
602 1754 649 1805 est
670 1746 751 1805 aalix
773 1747 804 1804 in
827 1746 977 1825 sanguiue

58 1845 118 1886 meo
141 1835 202 1890 eto.
224 1826 316 1888 fidem
338 1837 489 1907 provonat
509 1829 767 1904 manducantium,
790 1834 825 1888 ut
844 1829 892 1888 liis
913 1847 977 1889 ver·

58 1910 96 1968 bis
115 1929 172 1989 per
201 1910 292 1971 fidem
328 1909 448 1972 firmata
480 1914 685 1990 annsoientis,
719 1913 792 1972 oerti
820 1913 881 1971 siut
908 1931 976 1972 sese

58 1995 263 2053 remissionem
284 2001 483 2074 pennatorum
504 1996 654 2075 accipere,
678 1997 703 2053 si
718 1994 977 2058 manducaverint.

58 2076 114 2135 lise
134 2077 187 2135 bie
209 2077 324 2156 aliquid
344 2079 506 2157 potestatis
528 2085 636 2154 sonat,
650 2079 703 2138 sed
727 2080 825 2139 solum
844 2081 977 2138 ministe-

59 2161 136 2218 rium.
181 2159 243 2220 Sed
266 2162 408 2240 baptismi
430 2162 593 2242 promissio
616 2167 770 2241 uteunque
794 2163 842 2222 vel
859 2162 977 2222 intanti·

58 2243 105 2300 bus
128 2243 315 2322 permansit,
347 2246 436 2324 panis
458 2251 490 2304 et
513 2245 616 2304 salinis
638 2247 801 2324 promissio
824 2247 977 2305 exstinata

59 2329 83 2384 in
104 2329 252 2384 avaritiae
274 2329 450 2387 servitutem
480 2329 638 2408 migravit,
669 2334 701 2388 et
730 2347 770 2388 ex
798 2327 858 2388 fide
888 2347 977 2408 opus,

7 2437 8 2460 2
59 2427 91 2467 ex
112 2415 299 2469 testamento
329 2409 512 2471 saerifieium
539 2419 645 2471 natum
674 2418 738 2490 est,
770 2413 978 2492 poenitentiae

60 2495 216 2571 promissio
250 2493 325 2552 abiit
355 2495 385 2552 in
417 2493 610 2574 tyrannidem
645 2495 913 2576 violentissimam,
947 2499 978 2554 et

59 2579 211 2654 imperium
237 2577 304 2656 plus
327 2595 421 2656 quam
442 2579 611 2658 temporale
633 2578 836 2639 statuendum.

123 2660 197 2718 Nou
219 2661 280 2718 hoe
301 2667 447 2721 oontenta
468 2661 641 2742 Babylonia
664 2671 770 2722 nostra
790 2661 881 2722 fidem
904 2679 979 2741 quo·

60 2760 110 2818 que
131 2744 213 2802 adeo
237 2744 401 2826 exstinxit,
424 2751 457 2803 ut
477 2746 645 2825 impudenti
667 2745 768 2806 fronte
796 2765 863 2806 eam
887 2765 980 2824 nega·

61 2833 99 2884 ret
118 2843 325 2885 neeessariam
356 2845 424 2886 esse
444 2829 474 2886 in
497 2836 689 2888 santamento
711 2829 787 2906 isto,
819 2832 881 2889 imo
901 2830 979 2888 anti·

62 2908 196 2967 christina
216 2910 375 2988 impietate
398 2909 535 2971 deliniret
556 2911 707 2971 haeresim
730 2929 816 2989 esse,
839 2914 864 2971 si
885 2911 977 2971 fidem

62 2994 261 3052 neeessariam
283 2993 351 3072 quis
365 3011 434 3056 esse
446 3004 606 3055 assereret.
646 2994 724 3069 Quid
737 2997 867 3076 emplius
882 2996 980 3074 potuit

63 3077 191 3153 tyrannis
215 3078 275 3135 ista
293 3077 405 3152 tenere,
428 3085 458 3136 et
480 3095 542 3138 nnn
565 3079 658 3138 lenit?
683 3079 862 3159 Veresuper
884 3077 980 3137 llumi-

62 3159 144 3236 na*)
168 3159 335 3239 Babylonis
357 3160 499 3220 sedemus
529 3170 561 3226 et
586 3161 709 3239 flemus,
740 3161 811 3221 dum
840 3162 980 3221 reeorda-

64 3259 121 3301 mur
148 3244 192 3300 tui
213 3243 308 3320 ’Δίους
334 3245 365 3302 in
392 3243 535 3304 salicibus
557 3247 587 3304 in
612 3245 713 3304 medio
736 3246 801 3305 eius
823 3245 981 3324 suspendi·

64 3343 122 3384 mus
145 3343 263 3405 organa
276 3334 389 3390 nostra.
427 3327 592 3388 Maledioat
603 3329 754 3388 Dominus
766 3328 884 3388 steriles
906 3329 980 3390 istos

65 3409 166 3468 salines
188 3409 349 3469 fluminum
369 3411 507 3488 istorum,
531 3413 640 3472 Amen.
680 3410 854 3471 Obliteratis
876 3411 980 3490 itaque

66 3509 97 3549 so
122 3493 276 3552 subversis
313 3495 517 3573 promissione
550 3502 581 3554 et
615 3495 676 3554 lide
716 3493 874 3554 videamus
908 3492 980 3574 quid

115 3677 142 3742 ⁸)
164 3677 235 3731 Paul.
256 3678 315 3732 134.
