2254 4008
131 157 173 224 78
390 159 441 216 Dc·
452 161 528 231 tlapt
547 161 645 230 Babyl.
665 162 805 218 Ecclesiae

132 313 296 374 tationibus
318 315 391 374 salis
414 315 527 375 multos
549 315 679 394 offendi,
702 317 827 396 etquid
849 318 879 376 in
903 335 941 378 ea
962 319 1059 378 senti·

131 417 195 457 rem
224 398 344 457 abunde
373 401 519 478 exposui:
552 417 634 459 nuno
662 399 792 460 breviter
812 401 979 480 repetenda
1000 420 1059 480 pro

132 481 293 560 tyrannide
314 481 488 560 revelanda,
512 501 592 562 quae
604 501 666 542 non
688 485 809 562 parcius
826 484 875 542 hie
889 495 1060 563 grassatur,

132 581 222 642 quam
245 565 275 624 in
304 573 498 624 sacramento
526 567 626 645 panis.
679 566 711 625 ln
746 566 792 625 his
824 567 904 626 enim
935 567 1059 626 duobus

131 648 340 725 sacramentis,
363 649 434 726 quia
456 649 572 708 lucrum
596 655 626 708 et
649 656 794 728 quaestus
817 650 917 709 locum
931 650 1059 725 habeut,

129 730 298 789 incredibili
333 733 457 810 negotio
492 733 636 791 insanivit
668 735 796 792 avaritia
831 742 988 812 pastorum
1025 735 1060 792 in

130 832 205 873 oves
229 813 355 890 Christi,
384 831 587 893 quamquam,
611 822 642 874 ut
663 816 724 875 iarn
748 815 786 875 de
813 817 891 876 votis
912 817 1059 896 vidimus,

130 905 160 956 et
181 897 366 976 baptismus,
390 903 422 956 ut
443 900 591 958 avaritiae
619 900 799 977 serviretur,
830 901 938 960 misere
965 919 1060 960 occu-

130 979 195 1039 buit
216 982 245 1038 in
269 981 390 1039 adultis.

206 1063 338 1124 Primum
371 1064 460 1123 huius
480 1065 678 1126 'sacramenti
712 1073 742 1124 et
774 1066 906 1144 capitale
939 1067 1056 1125 malum

129 1153 186 1225 est,
208 1146 290 1224 quod
313 1155 538 1208 sacramentum
558 1148 658 1226 ipsum
681 1148 711 1206 in
730 1154 825 1208 toturn
841 1149 1058 1228 aboleverunt,

130 1247 168 1289 ne
190 1231 320 1309 vestigio
342 1230 504 1309 quidem'
479 1249 543 1289 erus
565 1231 683 1291 relicto.
712 1230 790 1290 Nam
803 1250 872 1290 curn
895 1241 925 1291 et
940 1233 1057 1312 ipsum,

128 1314 208 1372 sicut
229 1320 259 1372 et
281 1314 341 1373 alia
363 1313 435 1393 duo,
457 1320 578 1373 constet
591 1315 684 1373 verbo
702 1316 914 1392 promissionis
932 1315 1059 1375 divinae

129 1403 159 1455 et
180 1394 241 1456 lide
263 1403 378 1476 nostra,
401 1359 562 1475 utrumque
584 1395 810 1474 subverterunt,
833 1417 903 1458 nam
927 1398 1057 1458 verbum

129 1480 357 1558 promissionis,
387 1479 438 1540 ubi
467 1479 604 1540 Christus
635 1480 707 1539 dicit
736 1481 841 1542 Matth
868 1483 919 1544 16:
949 1480 1057 1555 Quod-

129 1580 249 1640 cunque
271 1562 414 1642 ligaveris
436 1568 494 1622 stc.
517 1567 585 1624 etl
572 1563 621 1626 128
653 1562 872 1661 Quodcunque
887 1565 1057 1643 ligaveritis

70 1635 74 1656 '
129 1652 186 1705 eto.
210 1654 240 1704 et
261 1645 326 1707 loh
349 1645 405 1706 ult·
431 1645 567 1720 Quorum
589 1647 765 1709 remiseritis
787 1657 934 1731 peccata,
954 1650 1057 1707 remit-

128 1736 230 1788 tuntur
252 1731 295 1788 eis
319 1730 519 1808 etc.qu1bus
532 1735 718 1808 provocatur
729 1730 806 1791 fides
829 1732 1057 1811 poenitentium

129 1830 184 1890 pro
207 1813 388 1873 remissione
411 1819 606 1891 peccatorum
630 1813 832 1892 impetranda,
855 1833 929 1874 suae
951 1817 1058 1891 tyran-

128 1895 190 1954 nidi
213 1903 403 1974 aptaverunt.
448 1895 602 1956 Universis
625 1896 704 1955 enim
728 1899 789 1956 suis
813 1897 911 1975 libris,
934 1897 1057 1974 studiis,

127 1979 318 2039 sermonibus
353 1997 415 2039 uon
448 1978 509 2037 hoc
540 1988 683 2057 egerunt,
715 1991 748 2038 ut
782 1981 943 2057 docerent,
978 1981 1055 2058 qu'id

127 2061 305 2121 Christianis
328 2063 359 2122 in
382 2062 429 2121 his
451 2061 550 2122 verbis
573 2063 757 2141 promissum
781 2073 871 2142 esset,
895 2061 966 2142 quid
988 2081 1058 2122 cre·

127 2144 199 2204 dere
222 2144 384 2224 deberent,
415 2153 444 2204 at
473 2153 625 2223 quantum·
649 2147 870 2208 consolationis
893 2146 1056 2226 baberent,

125 2227 179 2286 aed
203 2247 293 2306 quam
317 2229 387 2305 late,
409 2230 512 2309 longe,
535 2229 685 2307 profunde
707 2231 765 2310 ipsi
782 2232 919 2310 potentia
941 2236 972 2288 et
988 2231 1056 2290 vioe

126 2309 221 2370 lentie
257 2313 503 2391 tyrannisareut,¹
531 2313 630 2372 donec
659 2313 781 2390 quidam
816 2321 846 2374 et
879 2313 998 2392 angelis
1023 2315 1054 2373 in

126 2394 215 2454 coelo
239 2397 398 2473 coeperint
428 2395 588 2473 mandare,
622 2403 653 2455 et
678 2397 795 2456 iactent
822 2395 991 2456 incredibili
1024 2403 1057 2456 et

126 2478 333 2538 furentissima
360 2480 531 2559 impietate,
554 2497 587 2538 se
609 2479 758 2539 coelestis*
774 2484 805 2542 et
824 2482 934 2540 terreni
957 2481 1056 2558 impe-

124 2563 160 2620 rii
182 2563 248 2622 iura
270 2563 358 2622 iubis
372 2563 539 2642 accepisse,
562 2572 655 2642 atque
676 2564 707 2622 in
720 2565 815 2624 coelis
831 2565 921 2624 etiam
936 2563 1054 2642 ligandi

124 2652 309 2724 potestatem
332 2645 454 2706 babere.
497 2644 544 2704 Ita
569 2663 694 2725 prorsus
722 2648 795 2706 nihil
823 2647 861 2706 de
888 2645 948 2706 fide
972 2645 1054 2706 salu-

125 2730 182 2788 tari
204 2731 325 2808 populi,
360 2729 412 2789 sed
436 2729 474 2788 de
500 2736 655 2808 potestate
684 2728 1053 2810 tyrannicapontiiicum

126 2816 230 2872 omnia
258 2812 424 2889 blaterant,
456 2831 526 2872 cum
554 2813 689 2873 Christus
718 2815 791 2876 nibil
821 2814 860 2874 de
888 2821 1053 2893 potestate,

125 2895 179 2956 sed
204 2895 242 2956 de
263 2895 323 2956 lide
346 2898 449 2957 omnia
470 2902 551 2976 agat.

207 2979 276 3040 Nou
300 2981 380 3040 enim
403 2982 546 3060 imperia,
568 2997 629 3042 non
657 2987 845 3060 potestates,
869 2999 930 3040 non
955 2980 1053 3042 domi-

102 3066 281 3142 nationes,
312 3065 365 3126 sed
389 3064 555 3124 ministeria
582 3066 611 3122 in
641 3065 771 3125 ecclesia
799 3083 856 3126 sua
883 3067 1051 3145 constituit,

115 3149 202 3208 ¹sicut
230 3167 270 3208 ex
292 3149 435 3228 apostolo
460 3148 636 3227 didicimus,
661 3147 796 3209 dicente:
830 3147 880 3208 Sic
906 3166 965 3209 uos
988 3153 1051 3210 exi-

124 3233 226 3292 stimet
253 3233 346 3293 homo
384 3240 417 3293 ut
445 3233 598 3292 ministros
621 3233 730 3293 Christi
758 3241 788 3292 ct
810 3234 1051 3313 dispensatores

124 3319 339 3396 mysteriorum
374 3316 442 3378 Dei.
491 3315 592 3390 Quare
626 3318 705 3376 sicut
737 3316 778 3376 ibi
807 3335 875 3376 cum
908 3315 997 3377 dicit·
1012 3317 1046 3394 J

125 3398 306 3477 Quicunque
320 3400 482 3461 crediderit
469 3405 533 3460 tet
555 3400 724 3482 baptisatus
736 3401 836 3479 fuerit
859 3400 961 3460 salvus
985 3403 1050 3480 erit,

123 3479 215 3540 fidem
237 3485 421 3561 provocavit
441 3483 515 3562 bapt
516 3485 770 3604 isandcrum,ut
759 3485 852 3546 tboc
873 3485 1049 3563 promissio-

155 3659 388 3732 '*..'.)lCor4
