2252 4006
144 199 207 267 306
374 202 530 273 Responsio
550 203 582 258 D.
598 201 633 258 lt
654 204 678 258 t.
699 203 734 256 sd
753 200 852 258 librum

144 377 204 420 nae
230 357 309 418 haee
328 357 446 418 ferent?
463 411 465 414 .
482 357 547 418 Vos
578 359 669 418 etiarn
697 322 827 418 finxistis
855 359 1063 419 commentam

147 441 282 502 omnium
307 441 526 520 nequissimum
547 440 620 500 illud
643 441 779 502 informis
800 439 887 514 lidei,
910 457 970 518 quo
993 439 1064 500 isoi-

144 524 202 584 lius
224 531 254 584 et
276 525 369 584 tutius
391 523 552 603 saerilegia
574 531 675 584 vestre
696 525 725 584 in
746 523 918 604 Scripturas
929 521 986 582 Dei
1010 541 1067 583 oen

144 607 279 667 latrones
301 606 393 668 Moab
406 607 573 670 mitteretis.
618 606 713 668 Nobis
730 616 830 668 autem
843 605 954 666 Paulus
978 605 1066 667 dieit:

145 687 232 765 Quae
253 691 386 752 societas
409 689 484 750 lueis
508 699 537 748 et
559 689 773 750 tenebrarum?
797 689 885 765 Quae
901 691 1066 750 eonsentio

76 758 79 776 ¹
146 773 257 834 Christi
278 780 309 832 et
331 771 451 833 Belial?
473 774 535 832 Aut
557 791 630 854 ergo
653 767 740 853 petra
761 772 857 834 eolarn
881 771 991 852 lueem,
1016 779 1068 833 aut

145 855 227 916 solae
250 857 409 932 tenebras,
438 855 553 936 idest,
582 857 681 916 solum
703 865 857 935 sanatum,
890 864 941 916 aut
962 855 1066 916 solnm

145 939 270 1018 impium
292 937 461 1018 signifieat,
489 948 650 1018 utrumque
672 938 844 1018 significare
865 956 929 999 non
950 945 1066 1019 potest,

145 1024 235 1100 quia,
267 1024 319 1100 qui
341 1041 402 1082 non
426 1029 474 1082 est
495 1041 631 1100 meeum,
655 1035 762 1082 eontra
790 1041 844 1096 sne
863 1031 919 1083 est
962 1021 1069 1097 Quare

146 1105 303 1166 Romanus
325 1105 467 1166 Pontifex
489 1107 513 1164 ei
536 1107 575 1165 sit
596 1107 717 1185 impios,
738 1114 824 1185 petra
835 1123 906 1164 esse
928 1123 992 1166 non
1013 1122 1068 1185 po

145 1195 218 1264 test,
245 1206 283 1247 ao
304 1207 358 1270 per
378 1189 438 1248 hoo
465 1196 551 1268 petra
581 1195 692 1268 papam
715 1187 889 1269 signifloare
909 1207 1069 1267 nunqnam

148 1275 257 1350 potest
300 1269 403 1332 Habes
425 1271 508 1350 qnod
530 1272 580 1330 hio
601 1274 745 1350 gannias,
775 1273 866 1332 miser
886 1262 1069 1332 Themista?

212 1349 297 1413 'Non
326 1371 401 1434 ergo
434 1355 565 1413 feremus
593 1355 649 1414 has
674 1355 797 1414 rabidas
818 1356 1009 1434 papistarum
1041 1361 1071 1414 et

145 1436 370 1496 Themistarurn
393 1437 613 1516 blasphemias,
635 1444 668 1496 ut
689 1437 768 1497 idern
792 1438 830 1496 sit
852 1438 880 1497 in
904 1437 1069 1518 Soriptnris

145 1520 261 1580 sanetis
281 1527 442 1599 peceatum
465 1527 495 1579 et
518 1522 632 1599 gratia,
654 1521 748 1580 virtus
771 1530 802 1580 et
823 1521 945 1598 vitium,
968 1523 1070 1581 bonus

146 1609 176 1662 et
199 1602 314 1680 malua,
345 1604 414 1683 pius
442 1611 472 1662 et
493 1605 619 1682 impios,
651 1609 682 1662 et
704 1604 844 1683 impietas
867 1604 924 1664 aab
945 1606 1070 1684 pietalis

148 1687 273 1746 nomine
295 1705 364 1746 sese
390 1695 510 1747 tueatur
531 1695 562 1745 et
591 1696 717 1766 regnet,
749 1705 788 1746 ne
806 1686 879 1746 illud
906 1685 1020 1746 Esaiae
1043 1689 1070 1750 ὁ.

147 1772 216 1828 dum
240 1769 284 1828 eis
306 1769 481 1830 audiamus:
521 1769 586 1829 Vae
616 1767 720 1846 vobis,
752 1770 804 1848 qni
833 1769 932 1832 dioitis
955 1770 1072 1830 malum

147 1850 273 1930 bonum,
296 1852 409 1912 bonurn
431 1851 556 1929 malum,
580 1859 730 1932 ponentes
743 1853 841 1912 lueern
866 1853 1022 1930 tenebras,
1044 1860 1075 1912 et

148 1934 291 1995 tenebras
314 1935 431 2013 lueem,
462 1944 613 2014 ponentes
635 1955 773 1996 amarum
794 1935 901 2012 duloe,
930 1944 960 1995 et
983 1934 1074 1995 dulae

148 2037 299 2080 amarum.
343 2019 455 2084 Verum
478 2017 613 2078 haeresis
627 2019 816 2079 Thomiatiea
837 2018 888 2078 illa
912 2027 969 2098 eet,
992 2037 1074 2098 quae

150 2099 259 2160 Daniel
281 2102 310 2164 8.
333 2102 442 2162 dieitur
463 2100 622 2180 impudens
636 2102 723 2182 faeie,
746 2109 776 2162 et
798 2102 904 2162 lerern.
918 2105 951 2166 3:
976 2101 1073 2162 Frons

150 2185 317 2244 meretricis
346 2185 428 2245 faeta
458 2185 595 2262 esttibi,
624 2185 748 2245 noluisti
777 2183 968 2256 embeeoere.
1014 2183 1072 2259 Qui

149 2267 230 2326 enim
252 2268 297 2326 sie
318 2267 447 2332 frontem
471 2267 700 2348 perfrienerunt,
723 2276 756 2327 ut
776 2267 910 2328 audeant
923 2269 954 2328 in
977 2267 1073 2347 publi-

150 2367 187 2410 oo
211 2350 362 2424 eeclesiae
386 2351 498 2412 bonum
523 2358 552 2410 et
574 2351 687 2410 malurn
699 2351 779 2412 idem
794 2351 906 2430 faeere,
930 2360 960 2410 et
973 2351 1072 2410 Deum

150 2451 219 2492 enm
243 2432 377 2510 diabolo,
400 2433 550 2495 Christum
574 2451 643 2494 eum
655 2434 751 2494 Belial
773 2451 971 2512 oomponere,
994 2452 1073 2513 qnae

149 2517 266 2594 reliqua
289 2517 337 2576 vel
358 2515 432 2596 fingi
455 2525 597 2596 poterunt
616 2525 771 2596 oronam,
794 2537 873 2596 quae
894 2536 957 2578 non
982 2517 1071 2577 aude·

149 2607 215 2658 rent
235 2599 388 2660 statuere?
409 2601 423 2660 l
445 2619 539 2678 nune,
576 2601 739 2662 Ostharine
759 2601 881 2677 infelix,
912 2609 943 2660 et
966 2597 1073 2662 distin-

150 2701 210 2761 gue
233 2683 322 2742 nobis
344 2683 486 2744 informia
508 2683 589 2745 bona
611 2692 642 2744 et
664 2684 921 2770 mala„inlormes
933 2683 1072 2744 Christos

150 2772 179 2824 et
203 2764 309 2846 Belial,
330 2775 458 2844 estoque
481 2765 573 2846 digne
593 2767 767 2844 Thornista,
789 2767 850 2828 hoe
872 2777 929 2844 est,
951 2767 1072 2827 saerile-

151 2866 208 2926 gns
230 2853 261 2908 et
282 2849 485 2910 monstrificas
499 2849 673 2930 scripturae
695 2851 751 2910 Dei
774 2849 861 2911 latro.

232 2930 296 2992 lam
329 2951 419 3010 quaro
442 2932 629 2992 Themistiee
657 2942 689 2994 et
709 2934 769 2994 hoe
790 2933 952 3008 dissolvis,
989 2933 1070 3012 quod

150 3013 213 3074 dixi
235 3033 289 3094 per
310 3025 490 3094 pronomen,
513 3015 622 3095 Meam,
644 3016 779 3078 subverti
802 3019 905 3077 omnia
930 3015 1072 3093 Decreta,

150 3116 219 3158 eum
243 3097 379 3158 Christus
401 3098 442 3158 ibi
467 3099 504 3160 de
526 3106 592 3159 tota
613 3101 745 3160 ecelesia
766 3100 989 3180 sualoqnatnr,
1011 3117 1070 3159 non

152 3186 269 3243 tantum
298 3181 336 3240 de
356 3181 513 3256 Romana,
539 3189 570 3242 ut
597 3185 735 3242 samniae
763 3192 794 3244 et
815 3183 994 3266 blasphema
1016 3181 1072 3242 De·

150 3263 369 3326 orelavolunt,
396 3263 485 3346 Quia,
507 3267 617 3344 inquis,
639 3265 775 3330 Christus
798 3285 858 3326 non
872 3267 962 3326 dieit:
985 3265 1072 3325 aedi-

150 3344 251 3406 lioabo
266 3347 413 3406 ecelesiae
424 3367 508 3408 meae
520 3347 686 3427 pluraliter,
708 3350 762 3409 sed
774 3350 939 3410 eeclesiam
962 3367 1071 3426 meam,

153 3446 227 3504 ergo
249 3429 420 3488 Romanam
442 3432 539 3490 solam
561 3432 659 3491 voluit
672 3433 827 3492 aedificari
850 3451 943 3513 supra
955 3440 1070 3512 petram

155 3509 203 3578 (id
220 3517 275 3586 eal,
297 3511 442 3593 papam).
470 3513 574 3572 Placet
586 3513 756 3593 dissolutio,
778 3524 811 3576 ut
823 3515 1072 3576 Catharinissima

154 3588 456 3672 Romanissimaque,
488 3615 558 3656 nam
580 3597 651 3657 hino
681 3599 836 3678 sequitur,
867 3600 983 3662 nullam
1006 3616 1071 3657 esse

154 3670 316 3732 ecelesiam
338 3675 368 3734 in
391 3675 465 3736 orbe
475 3686 620 3738 terrarum
636 3700 729 3760 supra
739 3691 860 3762 petrano
869 3683 1069 3759 aedificatam,
