2250 4008
144 169 208 237 472
298 213 305 226 ,
432 171 591 228 mannua
609 171 775 227 botharisna

146 329 218 390 hoio
239 329 325 411 operi
357 345 427 389 soso
449 347 489 388 ox
515 327 619 388 animo
641 325 741 389 tradit.
785 325 847 390 snt
869 334 900 388 at
922 326 1064 388 latomos

146 430 269 493 qnoque
292 411 381 486 diois,
421 410 552 474 Saootos
574 411 697 490 saepius
719 427 873 491 peooara,
908 418 1013 490 potsst
1037 421 1064 470 st

147 497 234 578 virgo
256 494 371 556 nubere
393 492 541 574 aliqu01)
567 493 677 553 veniali
701 501 832 574 peooato
855 501 1064 568 concurrente,

146 599 220 660 ergo
238 585 346 640 oontrs
367 577 550 658 Apostolum
574 578 663 657 virgo
685 575 803 637 nubens
826 575 981 657 psooabit.

229 661 289 725 seo
313 659 461 722 audacem
484 659 669 740 Apostolum
699 659 786 737 vido,
819 661 870 739 qui
908 663 975 720 sino
998 679 1064 720 oon-

146 763 239 806 sonsu
261 745 425 806 Faouttatis
438 739 846 822 theologioaaLovanisnsia
869 743 1002 824 amptius
1024 743 1063 802 Ιο-

147 830 249 908 quitur
260 829 312 904 *):
334 827 437 888 Nolite
469 825 610 889 fraudare
641 826 790 903 inviosnr,
826 827 884 885 nisi
914 827 993 887 torte
1028 846 1064 886 ex

148 930 301 973 oonsensu
324 911 363 972 ad
387 917 517 990 tompus,
538 921 570 970 ut
593 909 708 969 vuootis
730 911 880 986 orationi,
904 912 1063 970 etiterum

147 995 331 1055 revertimini
354 995 385 1054 in
406 993 437 1054 id
459 995 579 1074 ipsum,
609 1012 647 1052 ne
681 991 758 1054 torto
781 1001 878 1054 tentat
899 1012 958 1054 vos
978 1002 1064 1054 satan

147 1085 272 1159 proptor
303 1077 556 1138 inoontinsntiam
595 1083 738 1138 vestram.
782 1074 857 1152 Quis
891 1085 923 1136 tu
952 1076 1065 1138 Paule?

146 1160 263 1241 ubsque
283 1159 378 1220 literis
417 1169 447 1220 at
469 1159 570 1238 sigilio
592 1157 758 1219 Faoultatis
793 1158 990 1239 theologicae
1012 1158 1065 1218 Lo·

147 1244 301 1305 raniensis
323 1243 419 1304 audes
440 1242 693 1303 inoontinoutiam
729 1261 844 1322 ponere
876 1243 906 1302 in
934 1241 1063 1320 Sanctis,

147 1332 178 1388 et
198 1325 247 1398 iis,
269 1344 348 1406 qnos
371 1326 502 1387 orationi
526 1343 636 1385 vsoars
659 1324 778 1386 donea?
800 1324 891 1386 Certe
914 1333 946 1386 tn
959 1326 1064 1386 Troia-

145 1429 203 1470 nus
226 1408 492 1490 cataphrygarum
514 1414 663 1488 patronus
685 1427 733 1484 es,
764 1409 815 1486 qui
837 1409 1062 1469 matrimonium

145 1499 274 1572 poooato
295 1491 438 1570 involvis,
459 1493 521 1552 imo
545 1509 606 1551 noo
620 1497 737 1551 tantum
751 1491 991 1568 matrimonium,
1012 1491 1064 1551 ssd

146 1575 278 1638 Sanotos
300 1575 367 1636 Dei.
395 1575 434 1636 Et
456 1575 555 1636 omnis
576 1573 628 1634 itta
640 1592 757 1654 pompa
768 1574 798 1634 in
822 1582 851 1633 ts
872 1583 951 1648 ruet,
974 1593 1062 1653 qnam

147 1659 293 1720 latomus
315 1677 371 1740 pro
394 1656 632 1719 absurditatibus
662 1667 770 1718 oontra
792 1656 958 1718 Lutherum
981 1657 1063 1718 indo·

147 1743 198 1822 oit,
222 1750 253 1803 st
273 1742 403 1802 futurum
427 1749 490 1820 sat,
512 1751 544 1800 ut
567 1738 633 1799 libri
657 1740 697 1800 tui
722 1747 904 1814 exurantur,
927 1749 991 1800 tum
1014 1760 1063 1822 po·

145 1829 214 1887 stoa
234 1822 375 1885 terribilis
397 1823 483 1884 Bulla
505 1823 646 1883 onttrioss
670 1822 735 1884 illas
758 1821 863 1883 fldslss
881 1824 949 1902 agri
972 1821 1064 1884 domi·

146 1908 207 1970 nioi
228 1905 461 1987 comprobabit,
495 1913 660 1984 surgatque
680 1905 844 1982 Latomus,
883 1923 922 1966 ao
949 1907 1066 1968 rationo

145 1989 264 2052 reddita
286 1988 438 2070 probabit,
460 1988 784 2068 qood-inoontinontis
806 1985 857 2048 itta
880 2007 943 2049 noo
966 1990 1007 2050 sit
1027 1991 1066 2050 in·
1115 1993 1116 2066 t

146 2073 354 2151 oontinantia,
390 2071 445 2133 ssd
476 2071 635 2134 infirmitas
674 2076 706 2134 et
726 2089 837 2152 poena.
881 2070 921 2132 ut
942 2073 1066 2152 qnando

145 2164 273 2219 satanas
295 2175 350 2216 sos
372 2161 485 2230 tentat,
508 2174 569 2216 non
592 2153 632 2214 ud
654 2154 927 2231 iooontinantiam,
950 2155 1007 2216 sed
1029 2156 1065 2216 ad

143 2238 350 2300 infirmitatem
374 2245 481 2300 tentat.
525 2235 614 2314 Quod
637 2238 663 2298 si
681 2256 743 2318 quo
757 2256 830 2298 oasu
854 2241 1067 2300 consenserint

145 2323 396 2396 incontinentias,
419 2341 479 2382 non
502 2329 631 2402 peoosto
654 2320 882 2396 oonsanserint,
907 2320 962 2382 sad
985 2321 1065 2382 infir·

143 2406 242 2468 mitoti
266 2412 297 2466 st
316 2423 454 2486 poenae,
477 2423 515 2465 oo
535 2423 590 2484 por
611 2402 687 2480 hoo,
710 2402 780 2463 dum
803 2412 951 2486 peceant,
974 2407 1065 2466 etiam

144 2507 205 2550 noo
227 2485 420 2570 peooabunt,
459 2486 544 2562 vide,
576 2504 668 2566 quam
702 2485 810 2548 foedos
841 2495 872 2546 tu
891 2506 924 2547 ea
947 2487 1066 2548 iuturus

142 2571 324 2634 haeretious.

225 2655 366 2734 Denique
387 2652 459 2714 hino
481 2651 547 2730 fiet,
571 2657 604 2714 ut
626 2651 729 2712 divina
753 2651 899 2714 mandata
922 2654 1065 2714 universa

144 2755 206 2797 non
245 2735 457 2819 prohibuerint
491 2740 675 2815 prosatum,
708 2734 762 2795 ssd
795 2734 1002 2796 infirmitatem
1038 2744 1065 2796 et

143 2837 275 2897 poenam
310 2819 438 2901 peooati.
482 2817 521 2878 Et
553 2836 635 2878 novs
663 2816 820 2898 theologis
852 2818 882 2878 in
918 2820 1064 2882 mundum

142 2903 255 2976 veniat,
277 2901 358 2982 qnod
373 2909 534 2982 peooatum
549 2899 599 2973 sit,
612 2918 672 2961 non
691 2901 865 2963 oonssotirs
877 2910 1011 2982 peooato
1022 2902 1063 2982 ²),

143 2983 198 3046 sod
220 2983 386 3046 infirmitati
409 2995 439 3043 st
462 3003 590 3063 poenae.
633 2983 673 3044 Et
695 2983 851 3045 Densnon
874 2985 1062 3064 prohibuerit

144 3069 240 3128 vitare
261 3073 434 3148 psoostum,
458 3067 511 3127 sed
533 3065 724 3129 infirmitates
741 3072 770 3126 ot
793 3086 911 3146 poenas
934 3071 1062 3149 paooati.

142 3151 181 3212 Et
203 3152 260 3212 orit
280 3169 390 3212 sensus
412 3147 497 3208 Pauli
520 3149 629 3212 Roma.
652 3151 686 3212 6:
728 3149 798 3210 Non
830 3157 940 3231 regnat
961 3172 1062 3232 poena

142 3235 260 3312 peooati
282 3235 311 3294 in
337 3249 467 3312 oorpore
492 3239 604 3309 vestro,
627 3230 675 3292 vet
698 3252 759 3293 non
775 3241 882 3312 regnat
903 3233 1059 3295 infirmitas
1114 3233 1115 3270 ³

400 3405 558 3412 mnu-..--

212 3503 243 3570 1)
264 3503 295 3556 In
314 3503 378 3556 adit.
403 3505 490 3571 orig.:
521 3503 622 3573 aliqua.
660 3505 692 3573 2)
718 3508 746 3559 tn
773 3508 815 3563 ad.
833 3507 911 3563 Jam:
933 3523 1059 3562 ¹consan-

142 3571 195 3621 tire
217 3589 274 3626 non
294 3578 414 3636 psooato.

213 3640 242 3702 ⁴)
265 3646 286 3696 t.
307 3643 431 3697 Corinth.
451 3644 475 3698 7.
