2252 4006
244 177 351 234 baham
373 179 454 233 Leon.
474 177 506 234 X.
525 177 644 233 damnat.
665 129 690 233 a.
710 177 787 236 itm.
873 169 880 182 ’
917 177 979 244 211

50 339 81 393 et
105 335 255 415 ecstasis,-
291 341 321 394 st
343 333 475 394 habeant
504 335 631 394 similem
655 334 929 414 tumultuassent,
952 341 983 396 et

51 417 183 497 dignum
206 417 319 498 patella
341 420 380 476 sit
402 418 588 496 operculum.
972 431 973 434 ’

135 499 204 561 Nos
227 519 319 576 vero,
347 501 398 579 qui
420 519 481 560 uon
505 502 634 580 papam,
671 497 725 560 sod
746 498 909 561 Christiani
931 517 982 561 su·

52 603 129 658 mus,
155 585 282 660 scimus,
305 583 387 663 qnod
409 583 483 643 nihii
495 591 541 642 est
553 581 623 643 fidei
646 581 840 644 othonorum
853 599 982 661 monim,

50 665 134 744 quod
162 684 224 727 non
248 666 373 727 abunde
392 668 423 728 in
448 666 541 726 literis
564 667 658 726 sacris
678 666 717 724 sit
737 667 928 748 expositum,
950 675 984 732 ut

50 765 155 828 nsque
180 751 238 822 ius,
265 767 364 829 neque
385 749 471 810 locus
495 751 533 809 sit
555 749 614 811 alia
628 749 779 809 statuendi
804 749 872 811 ullis
886 750 981 812 bomi-

50 832 153 892 nibus.
199 832 295 893 Porro
320 833 510 892 ceremonias
538 832 638 913 potuit
670 832 801 892 ecclesis
830 833 982 913 ordinare,

49 915 103 976 sad
128 914 236 1060 eaclg
260 918 290 975 iu
315 914 438 975 arbitrio
459 921 530 975 sunt
551 917 685 975 omnium
719 914 868 995 fidelium,
904 919 983 977 siout

54 998 130 1058 dicit
155 1003 185 1061 1.
236 999 347 1061 oiinth.
368 1001 406 1065 7:
430 999 531 1079 Empti
553 999 626 1058 estis
653 999 767 1078 pretia,
801 999 899 1059 notite
917 999 990 1060 tisri

50 1083 136 1143 servi
158 1081 338 1156 hominum
364 1089 395 1141 et
417 1079 485 1146 Coi.
508 1084 540 1144 2:
566 1081 683 1158 Videte,
705 1083 831 1160 nequis
855 1099 909 1146 vos
932 1083 981 1143 de

52 1165 152 1244 aipiat
177 1175 233 1245 per
253 1166 375 1226 inanem
397 1164 623 1244 philosophiam
647 1174 678 1223 et
691 1164 853 1242 fallaciam,
875 1179 982 1226 secun·

50 1248 123 1307 dum
142 1247 339 1308 traditionem
350 1248 519 1326 hominum,
541 1247 708 1308 secundum
727 1247 879 1309 elementa
891 1248 981 1308 huius

52 1329 171 1408 mundi,
195 1339 227 1392 et
247 1349 309 1391 non
332 1331 498 1391 secundum
521 1330 683 1408 Christum.

136 1413 288 1475 Concedo
311 1432 400 1493 ergo,
432 1433 544 1494 papam
567 1414 680 1474 hahere
704 1420 886 1493 potestatem
911 1433 983 1475 con·

50 1495 144 1556 dendi
178 1497 279 1577 leges,
310 1498 389 1557 siout
410 1497 506 1557 Assur
527 1495 652 1558 Nimrod
684 1496 804 1574 habuit,
837 1504 871 1558 ut
903 1504 984 1558 esset

50 1581 199 1644 robustus
221 1587 349 1642 venator
369 1581 400 1642 in
421 1587 501 1652 terra
523 1598 625 1642 coram
650 1580 793 1660 Domino,
816 1587 848 1640 ut
869 1583 982 1642 exstin-

52 1670 128 1744 guat
151 1663 324 1726 libertatem
348 1663 562 1725 Christianam.
605 1662 754 1728 Probatur
783 1663 861 1726 haec
896 1673 979 1744 pote·

53 1756 115 1808 stas
140 1765 199 1826 per
222 1745 295 1808 illud
318 1745 616 1810 christinianum:
641 1746 760 1824 Videte,
784 1765 822 1818 nc
837 1747 903 1826 quis
926 1765 981 1807 vos

52 1829 194 1910 seducat,
217 1829 302 1902 multi
324 1830 405 1891 anim
427 1830 550 1892 venient
581 1831 611 1890 in
635 1830 758 1904 nomine
786 1847 857 1893 mcc
881 1829 982 1889 dicen-

51 1920 106 1990 tes,
129 1931 192 1993 ego
206 1931 273 1985 sum
283 1911 431 1992 Christus,
454 1917 485 1974 et
497 1911 645 1974 seducent
658 1912 787 1991 multos3
809 1920 839 1972 st
850 1913 958 1982 iterum
973 1934 980 1972 ε

55 1993 134 2058 Cum
158 1995 295 2056 videritis
307 1995 567 2057 abominationem
580 1997 710 2056 stantem
724 1996 753 2056 in
765 1995 836 2058 loco
858 2005 979 2076 sancto,

55 2098 133 2160 quae
158 2078 241 2140 dicta
264 2084 310 2139 est
332 2099 348 2140 a
372 2079 501 2143 Daniele
521 2079 687 2160 propheta,
710 2080 760 2158 qui
785 2079 875 2162 legit,
897 2079 981 2138 intel-

59 2162 144 2244 ligat.
193 2159 326 2244 Surgent
358 2163 437 2222 enitn
468 2161 755 2244 pseudoprophetae
796 2168 826 2222 et
853 2162 1001 2242 pseudo·

57 2245 173 2320 christi,
197 2252 229 2306 et
251 2244 397 2307 seducent
414 2247 534 2308 multos.
577 2245 663 2304 Tunc
684 2245 709 2304 si
731 2243 877 2307 dixerint:
901 2243 983 2308 Ecce

57 2329 104 2388 hic
135 2334 191 2389 aut
223 2327 285 2388 illic
316 2334 362 2388 est
383 2328 536 2406 Christus,
569 2329 664 2390 nolite
698 2327 838 2410 credere,
869 2326 984 2388 dabunt

59 2413 138 2472 enim
168 2411 257 2491 signa
287 2419 317 2472 et
339 2409 496 2492 prodigia,
530 2414 613 2472 utin
637 2429 769 2473 errorem
793 2406 922 2486 ducant,
958 2411 982 2484 si

58 2493 120 2554 fieri
144 2501 260 2574 potest,
284 2495 373 2554 etiam
397 2495 522 2572 electos,
545 2512 619 2558 coce
641 2494 778 2577 praedixi
802 2491 898 2557 vobis.
944 2486 983 2554 m

61 2580 85 2638 i.
107 2577 189 2638 Tim.
211 2578 246 2640 i:
270 2575 397 2657 Spiritus
420 2579 578 2638 manifeste
601 2578 687 2655 dicit,
710 2579 781 2658 quia
802 2578 833 2638 in
857 2577 983 2641 novissi·

59 2661 113 2720 mis
138 2657 329 2742 temporibus
354 2660 512 2722 discedent
533 2661 656 2743 quidam
680 2681 697 2722 a
720 2660 795 2738 fide,
828 2659 984 2722 attenden-

61 2751 103 2803 tes
127 2742 284 2825 spiritibus
307 2745 433 2824 erroris,
456 2751 486 2804 et
508 2743 653 2804 doctrinis
676 2743 922 2823 daemoniorum,
953 2741 983 2804 in

59 2823 213 2906 hypocrisi
243 2826 429 2905 loquentium
472 2826 679 2904 mendacium,
717 2836 747 2888 et
787 2829 984 2890 cauteriatam

63 2909 238 2970 habentium
261 2928 346 2969 suam
370 2911 604 2990 conscientiam,
626 2909 849 2991 prohibentium
872 2909 986 2973 nubere

63 2999 91 3054 et
112 2992 266 3054 abstinere
288 3012 307 3051 a
329 2992 419 3070 cibis,
455 3012 533 3075 quos
556 2993 639 3054 Deus
663 2995 777 3055 creavit
798 2993 837 3054 ad
858 2995 984 3076 percipi-

64 3073 171 3137 endum
194 3095 262 3136 cum
285 3076 449 3155 gratiarum
480 3077 603 3139 actione
624 3075 781 3154 fidelibus,
814 3083 844 3138 at
865 3077 911 3137 his
934 3075 985 3162 qui

66 3164 276 3240 coguoverunt
295 3158 464 3221 veritatem.

141 3238 225 3304 Ecce
249 3259 309 3303 nou
335 3241 432 3302 solum
457 3243 507 3303 hic
528 3241 689 3322 probaturi
703 3247 841 3323 potestas
863 3241 986 3323 papisti-

69 3343 166 3386 carum
191 3324 398 3386 doctrinarum
422 3332 453 3386 et
474 3325 596 3406 legum,
629 3323 682 3386 sed
704 3328 794 3387 etiam
816 3323 985 3389 admonitio

66 3409 174 3486 nostri,
197 3415 229 3468 ut
251 3406 289 3471 ab
313 3409 348 3468 iis
372 3406 644 3490 pseudomagistris
662 3426 843 3488 caveamus⁷
866 3407 917 3490 qui
939 3427 985 3470 ce·

66 3491 203 3552 remoniis
224 3488 274 3551 bic
304 3498 333 3551 et
354 3491 417 3552 illic
440 3491 592 3553 Christum
620 3482 842 3564 ostentantibus
879 3505 936 3554 nos
967 3510 986 3566 a

113 3679 145 3749 1)
169 3677 202 3733 Iu
221 3678 263 3734 ed.
281 3679 338 3734 Jen.
357 3680 472 3751 legitur:
491 3679 557 3735 hae.
706 3744 769 3813 w
