2250 4008
311 202 437 258 Rationis
458 203 632 257 srtomisnss
650 205 701 256 ets.
747 235 749 242 κ
911 199 972 268 421

48 351 123 413 Non
150 361 197 416 est
218 356 270 436 qui
287 356 412 419 insonet
432 375 545 419 nomeu
567 363 663 436 tuum,
684 357 735 437 qui
758 365 924 437 consurgat
945 363 976 420 et

49 445 336 582 teneaAtldddondisti
357 521 466 583 leoiem
497 530 580 583 tunm
611 522 757 600 anobis,
791 529 822 584 st
856 523 975 585 allisisti

47 621 108 663 nos
135 605 166 664 in
191 625 282 666 msnu
302 605 469 684 iniquitatis
491 611 623 668 nostroe.
667 606 706 666 Et
720 625 811 683 nuno,
833 606 975 686 Domine,
1089 625 1094 640 ⁴

46 695 145 765 peter
167 695 327 748 nosteros
349 696 401 765 tn,
433 706 489 749 nos
519 689 615 749 lutum
644 694 674 749 et
697 688 785 750 ilotor
807 697 912 750 noster
933 699 975 768 tu,

48 775 79 830 st
104 789 205 851 opere
228 790 372 831 manuum
386 777 505 832 tuorum
520 790 627 832 omnes
651 791 717 833 nos.
761 769 809 833 Ne
823 773 976 851 inusseris,

47 852 206 932 Domine,
241 855 333 931 sotis,
366 861 396 915 et
425 873 465 915 ne
492 856 665 915 memineris
697 853 776 915 ultre
808 856 975 936 iniquitatis

47 943 192 1013 nostroe,
215 955 289 998 enee
311 937 439 1017 respioe,
462 937 592 1022 populus
615 943 684 998 tuns
708 956 816 999 omnes
836 958 904 1004 nos.
929 939 976 1002 Oi·

49 1019 134 1080 vitas
158 1023 257 1082 sensti
279 1021 322 1080 tui
344 1019 426 1080 leuto
445 1029 492 1080 eet
506 1021 637 1100 deserte,
661 1019 734 1082 Sion
750 1020 871 1082 deserto
892 1021 973 1084 leuto

48 1108 112 1176 est,
133 1103 305 1164 Jerusalem
328 1102 468 1164 desolate
489 1111 545 1164 est.
589 1103 706 1164 Domus
725 1103 976 1166 senetillnstionis
1078 1129 1081 1136 ’

49 1191 182 1246 nostres
204 1193 233 1246 et
247 1186 364 1266 gloriae
387 1191 520 1264 nostroe,
543 1185 595 1245 ubi
612 1185 813 1248 leudovernut
835 1193 976 1270 tepstres

49 1269 266 1343 monitante
290 1275 336 1329 est
357 1270 387 1328 in
413 1269 604 1329 exustionem
627 1269 719 1348 ignis,
742 1275 773 1330 et
794 1270 898 1332 omniu
924 1269 976 1331 de-

49 1349 234 1412 siderabilis
263 1345 368 1412 'nostra
402 1370 491 1412 verse
522 1361 592 1410 sunt
622 1353 653 1412 iu
676 1353 790 1413 ruines.
833 1352 975 1432 Nunquid

51 1451 151 1513 super
173 1435 220 1494 his
242 1433 412 1495 continebis
436 1441 475 1512 te,
499 1434 645 1513 Domine,
668 1434 785 1497 tenebis
807 1442 838 1496 et
858 1434 977 1518 effliges

50 1534 112 1576 nos
139 1517 355 1578 vehementer?

139 1599 285 1660 Letomus
298 1598 432 1679 quidem,
452 1598 682 1660 robustissimus
699 1598 838 1679 saltator,
859 1601 978 1662 fortiter

50 1682 200 1743 transiliit
221 1701 354 1760 murum,
377 1683 427 1761 qui
451 1701 524 1742 sues
546 1683 716 1742 sententies
741 1683 924 1745 ooourrebst
945 1685 975 1745 iu

50 1763 166 1825 verbo:
195 1765 234 1825 Et
258 1765 457 1841 salvabimur,
480 1765 562 1844 quod
586 1764 624 1826 de
645 1763 765 1826 Iudaeis
787 1767 853 1826 istis
875 1785 976 1846 repro

54 1846 101 1908 bis
127 1847 254 1928 intelligi
270 1867 329 1908 non
353 1854 464 1927 potest,
485 1847 539 1908 sed
561 1848 678 1926 sbsqus
695 1846 788 1909 dubio
799 1850 829 1910 in
843 1867 977 1929 persone

51 1930 224 1991 electorum
240 1931 347 1991 dieitur
360 1937 389 1990 et
404 1929 556 2008 fidelium,
578 1929 688 1991 deiude
699 1930 789 1992 illud:
811 1930 977 1994 Ooourristi

51 2013 200 2086 laetenti,
223 2014 392 2093 attingens,
415 2013 464 2074 ubi
488 2012 631 2075 dixisset:
667 2011 742 2088 Quis
764 2020 811 2074 est
831 2013 904 2093 iste,
926 2016 977 2095 qui

52 2096 131 2157 leoit
151 2097 314 2171 iustitiam,
350 2097 398 2156 oui
421 2095 553 2156 luetunti
576 2098 708 2156 ooourrit
730 2095 841 2158 Domiu
887 2095 902 2157 l
946 2096 977 2159 Si

52 2178 117 2239 hoo
139 2177 293 2258 verbum„
318 2185 350 2239 ut
371 2179 436 2239 vult
456 2178 512 2257 ll,
535 2178 573 2238 de
597 2196 780 2258 quoeunque
801 2115 883 2240 fldeud
905 2198 979 2259 quo·

52 2279 179 2341 suoque
200 2269 339 2342 tempore
349 2259 537 2342 intelligitur,
560 2279 633 2323 mox
649 2259 787 2340 obtiduit,
810 2262 896 2345 qussi
918 2262 978 2323 osl-

54 2345 159 2406 oulum
185 2344 415 2422 momordisset,
443 2351 476 2404 ut
497 2343 730 2422 noenius,1quid
752 2351 894 2424 quserst,
917 2364 991 2418 mo,

54 2433 147 2488 tuens
169 2426 257 2504 forte,
279 2446 318 2488 ne
338 2426 443 2488 infelix
464 2426 551 2488 fleret
570 2429 729 2507 interpres.

142 2509 288 2570 Lotomus
311 2527 379 2570 oum
402 2511 465 2570 suis
487 2509 575 2589 dioit,
608 2510 686 2571 hess
714 2508 774 2570 dioi
794 2511 824 2570 in
847 2528 980 2591 persons

57 2612 184 2669 eornm,
222 2594 272 2673 qui
305 2592 343 2654 sd
374 2589 562 2653 Hierusalem
594 2600 630 2653 et
644 2590 797 2674 templum
831 2597 981 2673 spectent,

60 2675 145 2758 quod
170 2674 324 2756 opunt1)
347 2675 497 2755 reparari,
522 2693 583 2755 quo
606 2675 779 2736 ssoriflesre
801 2681 832 2736 et
853 2674 980 2736 leudone

60 2759 161 2819 Deum
184 2760 264 2819 siout
285 2758 445 2840 petressui
468 2759 595 2838 possint.
639 2757 708 2819 Hoo
723 2777 828 2820 verum
852 2757 982 2835 offirmo,

59 2861 123 2902 non
147 2843 221 2921 quie
241 2840 283 2901 illi
306 2840 426 2920 dieunt,
457 2841 566 2920 quibus
595 2840 667 2901 nihil
691 2840 801 2916 oredo,
834 2840 888 2900 sed
911 2843 982 2921 quie

61 2931 183 2999 textus,
221 2926 271 3003 qui
293 2942 348 2984 eos
370 2925 493 3004 coegit,
527 2931 558 2984 et
583 2942 633 2984 nre
656 2926 756 3003 cogit,
791 2923 906 3002 alioqui
929 2941 983 2983 sur

63 3012 150 3067 lente
172 3008 263 3086 copis
284 3008 438 3087 querelem
456 3013 592 3088 sugeret,
614 3007 787 3067 etoivitetls
811 3008 982 3068 vestitstem

64 3097 150 3150 tento
185 3089 343 3168 diligentie
376 3107 480 3150 eorem
510 3089 577 3149 Deo
613 3095 797 3170 exponeret,
834 3089 892 3150 nisi
923 3089 983 3148 hoo

63 3179 197 3253 peteret,
230 3178 263 3232 nt
284 3172 366 3234 Deus
390 3173 530 3232 misertus
564 3191 631 3233 enm
653 3172 831 3253 repeteret?
866 3171 983 3232 Vulnus

66 3254 182 3336 detegit
206 3253 337 3334 medion,
359 3257 463 3334 utique
485 3256 585 3315 senari
609 3263 726 3334 petens.
771 3255 910 3334 Denique
932 3251 982 3314 ubi
1036 3261 1038 3266 ’

66 3337 207 3398 dixisset:
241 3337 279 3397 lit
309 3339 411 3396 omnis
434 3336 647 3398 desiderabilis
676 3344 780 3399 nostru
803 3355 892 3398 verse
913 3343 983 3396 sunt

66 3421 96 3481 in
118 3421 232 3497 mines,
255 3419 381 3480 udiseit:
405 3420 549 3500 Nunquid
571 3439 663 3501 super
678 3421 724 3482 his
746 3417 916 3480 nontinebis
941 3425 980 3498 te,

149 3591 161 3595 -
169 3588 379 3595 .-........-....—---
393 3588 489 3596 ...μ-,κ-

123 3688 152 3754 1)
174 3685 204 3742 ln
224 3685 360 3742 eddon:
380 3691 484 3757 optent.
