2262 4006
326 151 469 216 semesa
488 153 599 216 aare.
617 168 644 211 s
658 154 746 218 4521.
935 151 997 220 327

59 307 202 378 emissis
224 307 390 390 Naugerus,
426 308 580 386 ornanda,
612 307 869 390 roborandisque·
907 309 995 382 <Vere

57 389 187 460 ridiauli
210 391 369 466 Passarum
391 391 502 469 luxus,
525 392 598 452 nihil
624 393 835 460 Rornanorum
858 411 946 474 opes,
969 394 995 454 si

58 473 147 540 baso
169 477 264 542 maria
286 483 316 536 et
337 473 462 538 flumina
481 495 574 539 aurea
597 483 785 556 etargsutea
808 477 997 540 consideres.

57 555 101 622 lit
125 557 160 628 in
184 577 262 636 quos
286 577 356 621 usus
380 559 501 621 tandem
524 557 623 621 haee?
652 561 683 618 io
712 577 841 638 quorum
865 559 996 632 necessi-

58 645 147 704 tates
171 640 411 707 distribuuntur?
433 643 462 700 io
488 660 637 720 pauperes
661 648 691 702 et
713 642 853 720 egenos?
895 637 994 718 Absit,

55 722 90 784 in
105 723 280 792 Sodomam
302 725 415 804 patius,
428 722 620 800 Gomorram,
643 731 673 786 et
685 723 837 804 Sybarim.
884 727 994 786 Verum

57 806 142 884 quid
165 813 228 868 tarn
259 807 340 869 levia
360 808 504 887 exempla
536 806 766 870 oommemoro?
795 806 926 887 Superat
945 827 994 870 res

55 888 136 967 ipsa
159 897 191 954 et
211 887 303 958 fidem
326 893 357 952 et
378 909 502 956 sensum
523 897 554 950 et
576 890 679 950 rerba.

146 973 194 1034 Et
214 980 315 1035 tamen
338 972 376 1033 ad
404 973 608 1034 roborandam
633 973 741 1036 faeiem
764 972 842 1032 haee
871 973 921 1032 vel
940 973 993 1034 irn-

59 1056 176 1133 primis
198 1056 328 1134 faciunt,
358 1055 437 1117 adeo
462 1061 493 1116 ut
515 1057 612 1116 leuius
634 1057 672 1116 sit
695 1056 806 1114 orimeu
832 1055 995 1134 oeoidiasa,

58 1137 269 1216 adulterasse,
293 1139 460 1215 fraudasse,
483 1138 533 1202 hui
557 1138 628 1218 quid
643 1139 703 1198 ista
713 1137 866 1200 levicula?
889 1138 995 1210 levius,

59 1221 213 1299 inquam,
241 1223 296 1298 sit,
328 1241 440 1288 nomen
463 1221 520 1282 Dei
544 1219 791 1301 blasphemasse,
831 1221 997 1300 peierasse,

58 1301 159 1368 fidem
176 1323 307 1383 negasse
318 1305 508 1384 (quanquam
522 1313 556 1364 et
568 1305 645 1365 haee
664 1306 761 1382 magis
772 1301 890 1367 ludiera
904 1323 996 1382 quam

60 1387 279 1464 peooataillis
302 1385 497 1470 s·nnt),quum
520 1387 670 1449 suadente
692 1387 816 1451 diabolo
831 1405 995 1466 personam

60 1468 242 1534 clericalem
256 1469 393 1546 laesisse,
415 1479 468 1532 aut
479 1469 569 1536 rebus
593 1472 657 1533 eius
671 1470 718 1529 vel
733 1469 826 1532 obolo
842 1470 995 1546 posuisse,

61 1558 132 1618 tam
146 1559 264 1615 ,sanese
284 1561 354 1614 sunt
380 1554 439 1616 ista
468 1553 535 1632 plue
561 1571 653 1632 quam
681 1561 727 1612 ter
749 1555 885 1616 maxima
907 1552 996 1615 latro-

61 1635 160 1713 oiuia,
183 1642 216 1694 ut
237 1635 329 1694 etiarn
352 1635 434 1697 lama
457 1638 496 1696 sit
517 1635 680 1712 horrenda,
703 1636 814 1702 multos
828 1635 908 1702 male
931 1649 996 1713 per·

60 1717 157 1790 iisse,
181 1719 359 1798 praesertim
380 1719 551 1798 Principes,
578 1736 670 1798 porro
693 1720 844 1781 neminem
867 1737 929 1782 nou
953 1719 997 1798 ig—

63 1801 208 1866 nominia
231 1810 445 1882 consumptum
476 1819 562 1878 esse,
597 1802 648 1879 qui
677 1801 797 1864 illorum
823 1802 994 1880 quidquam

63 1884 279 1959 contrectant,
302 1891 354 1946 aut
376 1886 460 1964 ipsos
484 1903 544 1946 non
559 1883 731 1947 adoraverit
745 1883 836 1964 digna
859 1890 892 1949 et
911 1883 996 1946 satis.

62 1965 140 2032 Non
170 1965 344 2046 intelligunt
370 1968 451 2028 enirn
481 1967 536 2029 has
558 1985 627 2026 esse
655 1968 849 2046 operationes
873 1967 995 2043 erroris,

65 2050 98 2108 in
122 2049 219 2128 signis
242 2057 271 2109 et
293 2049 439 2129 prodigiis
462 2049 659 2110 mendacibus
674 2057 811 2126 satanae,
834 2067 902 2110 oum
924 2049 995 2108 ideo

67 2131 186 2198 malum
224 2131 346 2195 assidat
381 2131 673 2207 contrasteteribns,
716 2150 778 2192 non
814 2131 897 2210 quod
933 2139 995 2194 tam

66 2220 201 2280 sanotae
221 2216 283 2277 sint
304 2234 352 2279 ree
374 2215 467 2291 istae,
498 2214 552 2278 sed
575 2212 658 2294 quod
680 2220 741 2277 tam
764 2221 945 2277 exsecratae
965 2220 997 2274 et

67 2302 254 2374 venenatae,
279 2304 384 2377 utpote
406 2305 468 2358 tam
491 2297 648 2358 roelersris
670 2295 784 2359 artibus
805 2304 835 2356 et
852 2295 996 2358 inauditis

69 2379 240 2450 latroeiniis
262 2387 385 2461 partae,
421 2387 453 2440 ut
476 2399 528 2441 eas
552 2380 688 2460 tetigisse
712 2377 794 2441 bono
825 2379 890 2438 viro
915 2397 996 2440 mors

69 2468 105 2524 et
142 2480 247 2529 aarum
280 2462 380 2541 (quod
409 2463 512 2540 aiunt)
548 2462 736 2526 Tolosanum
765 2463 820 2538 sit,
851 2462 997 2530 innoxias

69 2562 148 2612 vero
171 2544 230 2610 sint
252 2545 351 2610 solum
378 2546 440 2610 suis
461 2544 633 2625 raptoribus
662 2551 692 2604 st
718 2544 773 2622 iis,
796 2545 845 2622 qui
867 2563 997 2606 oonsea

71 2628 154 2688 tiunt
176 2625 342 2707 laventque
364 2635 395 2688 et
415 2629 446 2688 iu
469 2635 585 2707 partem
608 2624 741 2706 praedae
769 2626 894 2689 admissi
917 2634 996 2689 suut.
1041 2667 1044 2674 -

70 2709 111 2774 Hi
134 2709 215 2780 enirn
237 2709 317 2776 bane
337 2709 467 2786 habent,
490 2710 602 2790 volupe
624 2711 745 2785 vivunt,
767 2707 894 2788 gloriosi
916 2715 996 2784 sunt,

71 2798 104 2862 et
128 2794 238 2858 mortui
267 2793 396 2856 honeste
425 2792 628 2873 sepeliuntur,
659 2792 818 2871 insenlptis
851 2792 945 2871 siguis
968 2798 999 2852 et

71 2875 258 2954 imaginibus
286 2885 351 2940 tum
383 2875 516 2937 fundatis
550 2875 704 2955 perpetuis
739 2875 908 2950 memoriis,
940 2893 997 2954 pro

73 2957 269 3038 impetrando
293 2959 400 3038 eoelo,
428 2958 510 3037 quod
539 2959 677 3019 viventes
700 2959 808 3018 mereri
831 2976 891 3018 non
905 2964 998 3037 ‚pote-

74 3049 153 3117 rant,
176 3043 318 3121 oaeupati
340 3041 431 3105 rebus
452 3041 512 3103 illis
533 3041 643 3115 saeris,
675 3039 784 3120 quibus
806 3041 884 3100 iuste
905 3041 998 3119 inspe-

75 3123 129 3184 diti
152 3123 242 3188 valde
263 3124 349 3189 inviti
371 3124 519 3186 infernum
545 3129 727 3184 meruerunt.

161 3206 233 3268 Post
260 3206 316 3272 has
345 3208 460 3287 glorias
493 3214 524 3269 et
551 3206 684 3269 honores
707 3205 873 3284 eoolesise,
904 3203 998 3264 isaias

77 3288 195 3354 seilioet
222 3289 290 3354 illes
319 3291 348 3354 iu
377 3289 498 3350 laudem
520 3289 578 3350 Dei
606 3288 836 3368 religiosissime
865 3291 998 3365 paratas,

76 3372 214 3450 sequitur
235 3372 297 3438 alia
318 3372 410 3432 faeiss
423 3371 553 3447 aedium,
577 3372 759 3452 palatiorum
774 3377 802 3430 et
826 3368 998 3430 domorum.

77 3454 157 3521 siam
179 3462 212 3520 ut
232 3454 326 3520 sasire
349 3473 441 3535 opum
459 3462 569 3516 ornant
589 3454 683 3515 isaias
704 3471 913 3532 personarum,
935 3452 1001 3512 sine

78 3536 188 3616 quibes
212 3555 361 3617 personae
381 3539 549 3615 sorderent,
570 3538 612 3598 ita
635 3537 727 3596 faeies
750 3535 878 3596 aedium·
894 3533 1000 3596 eloriti-

81 3628 156 3688 aanl
173 3620 265 3688 lanies
283 3638 398 3702 opum,
426 3619 568 3683 sordidae
589 3621 669 3682 enim
692 3625 723 3684 st
744 3635 836 3698 opas,
866 3617 922 3678 nisi
943 3634 1000 3700 pro
