2252 4006
114 127 179 194 230
309 127 436 184 Assertio
456 143 530 180 omn.
550 129 625 184 artie.
645 128 674 180 D.
694 127 726 180 Μ.
747 127 774 180 b.
796 141 846 195 per

118 303 162 363 se,
184 283 216 344 in
239 289 428 362 oapntsuum
452 283 570 363 operati
592 287 672 358 sunt,
696 287 729 341 ut
739 298 895 359 nunquam
907 278 1044 360 legerim,

120 366 170 446 qui
195 385 229 426 se
251 364 371 427 foedius
395 365 691 445 abominabiliusque
714 363 981 435 dedecoraverint,
1012 369 1045 422 et

119 451 149 510 io
173 468 296 511 omnem
312 449 528 529 turpitudinem
544 468 691 526 errorum,
712 447 896 520 haeresium,
918 445 1048 506 malitia-

118 552 186 593 rum
210 531 401 612 apertissime
416 532 605 606 tradiderint,
629 533 788 594 exooeoati
811 539 842 592 et
857 532 1047 610 ignorantes,

120 614 201 675 adeo
223 633 286 676 non
311 620 358 676 est
378 613 473 676 homo
496 617 526 674 in
549 634 642 676 manu
664 634 731 690 sua,
756 616 847 675 etiam
871 613 955 674 maia
974 630 1047 692 ope-

117 716 189 766 rans
223 704 254 758 et
287 699 438 778 cogitans.
489 699 531 758 Et
557 717 630 760 vere
656 698 769 760 Paulus
791 696 888 778 Ephe.
914 699 930 758 1
954 694 1048 757 dixit:

118 777 203 846 Deus
227 787 370 860 operatur
393 781 497 842 omnia
517 781 548 840 in
572 780 723 844 omnibus.

200 862 292 924 Periit
311 865 416 943 itaque
438 863 488 924 hio
509 865 601 926 etiam
624 864 776 945 generalis
802 863 855 924 iila
876 860 1049 938 influentia,

119 964 181 1026 qua
213 947 366 1026 garriunt,
400 966 469 1006 ease
501 947 532 1006 in
561 952 715 1028 potestate
745 953 851 1009 nostra
890 943 1050 1006 naturales

117 1030 314 1109 operationes
345 1029 475 1110 operari.
528 1029 623 1092 Seous
653 1049 717 1090 rem
749 1029 865 1091 babere
895 1033 1050 1088 monstrat

118 1113 308 1190 experientia
330 1113 476 1174 omnium.
511 1112 551 1173 Et
572 1112 641 1173 vide
662 1132 720 1174 nos
737 1113 924 1188 insensatos,
947 1112 1048 1191 ipsam

117 1193 252 1256 radisem
274 1213 418 1274 operum,
445 1214 557 1275 nempe
579 1196 671 1256 vitam
694 1197 809 1276 ipsam,
842 1213 925 1274 quae
954 1199 1050 1273 eaput

118 1283 165 1338 est
186 1277 321 1338 omnium
345 1297 482 1358 operum,
504 1279 615 1339 seimus
638 1299 756 1356 omnes,
778 1277 861 1339 nullo
884 1283 1049 1338 momento

118 1379 186 1420 assa
208 1360 240 1420 in
261 1379 353 1420 mann
376 1368 498 1438 nostra,
529 1368 559 1420 at
587 1360 735 1423 audemus
758 1360 876 1440 disere,
911 1360 1049 1440 aliquam

118 1442 338 1521 cogitationem
361 1463 429 1504 esse
457 1445 487 1504 in
510 1464 603 1506 manu
625 1448 753 1508 nostrai
781 1442 861 1520 Quid
884 1441 1051 1504 absurdius

120 1522 181 1584 diei
202 1525 327 1605 potest?
357 1525 417 1602 Qui
447 1546 520 1606 ergo
544 1528 637 1588 vitam
659 1534 795 1590 nostram
818 1528 849 1587 in
873 1546 968 1587 manu
992 1544 1051 1584 sua

117 1607 259 1686 retinuit,
290 1614 392 1669 motus
420 1616 543 1670 nostros
572 1615 602 1670 et
632 1629 727 1690 opera
754 1611 786 1674 iu
816 1628 909 1670 manu
941 1615 1052 1670 nostra

118 1689 243 1774 posuit?
271 1689 369 1756 Absit
413 1691 502 1752 Unde
523 1711 585 1754 non
609 1699 656 1754 est
677 1692 818 1769 dubium,
842 1699 963 1753 satana
987 1711 1049 1754 ma-

143 1773 217 1834 istro
238 1774 271 1833 in
294 1773 455 1836 ecelesiam
479 1777 600 1835 venisse
621 1775 682 1836 hoo
703 1794 815 1836 nomen
837 1773 982 1835 Liberum
1006 1794 1052 1835 ar·

118 1792 261 1933 ditrium,
283 1856 323 1916 ad
342 1856 536 1918 seducendos
566 1858 705 1919 homines
735 1860 826 1919 avia
849 1857 906 1918 Dei
929 1857 960 1918 in
985 1858 1052 1918 vias

118 1957 190 1998 snas
212 1936 361 2019 proprias.
404 1940 524 2000 Fratres
546 1940 654 2021 ioseph
686 1943 811 2002 omnino
834 1941 1054 2021 cogitaverunt

120 2040 189 2082 eum
211 2021 362 2097 oooidere,
384 2030 415 2083 et
438 2040 512 2084 eoae
531 2024 601 2105 ipsa
621 2023 857 2103 baeoeogitatio
870 2017 960 2084 ‘adeo
985 2042 1052 2084 non

120 2109 185 2164 erat
207 2103 236 2163 in
260 2122 366 2165 sorum
388 2104 521 2178 arbitrio,
545 2112 578 2167 nt
599 2107 691 2167 etiam
712 2108 743 2166 in
766 2107 952 2168 sonnatium
974 2125 1053 2167 mox

120 2185 224 2249 omnio
245 2187 430 2265 eogitarent,
458 2187 537 2248 sieut
559 2187 702 2262 dixisti:
732 2189 797 2249 Vos
827 2189 989 2268 cogitastis
1013 2189 1053 2249 de

121 2286 169 2330 me
192 2268 317 2347 malum,
339 2269 394 2330 sed
416 2271 499 2330 Deus
524 2272 613 2331 vertit
633 2270 707 2332 illud
732 2273 762 2332 in
779 2271 906 2334 bonum.

201 2350 319 2433 Habes,
343 2353 515 2414 miserande
537 2373 632 2435 papa,
668 2354 739 2433 quid
768 2354 817 2415 hio
848 2353 1051 2434 oggannias?

118 2431 208 2495 Unde
231 2439 264 2494 et
284 2433 366 2495 buno
387 2435 547 2497 articulum
570 2455 697 2498 neeesse
720 2444 766 2497 est
786 2455 944 2516 revooare,
966 2435 1052 2496 male

119 2516 200 2578 enim
224 2515 298 2591 dixi,
321 2516 404 2597 quod
425 2517 565 2580 Liberum
589 2519 745 2582 arbitrium
768 2512 840 2580 ante
861 2519 993 2600 gratiam
1011 2520 1052 2578 sit

118 2617 167 2658 res
190 2597 318 2660 desolo
341 2600 445 2678 titulo,
468 2600 522 2661 sed
546 2602 724 2682 simplieiter
745 2601 837 2663 debui
860 2601 978 2662 disere:
1000 2600 1050 2660 Ii·
1075 2639 1079 2648 .

118 2679 224 2746 berum
245 2681 401 2742 arbitrium
426 2692 473 2744 est
498 2682 678 2763 figmentum
699 2685 730 2745 in
752 2684 843 2746 rebus
864 2704 919 2744 seu
943 2683 1050 2744 titulus
1111 2653 1112 2734 d

119 2763 250 2823 sinere.
294 2763 373 2839 Quia
401 2766 475 2825 nulii
498 2775 545 2828 est
571 2768 600 2826 in
624 2787 716 2828 manu
739 2787 795 2829 sna
817 2768 974 2847 quippiam
999 2784 1050 2828 eo·

118 2845 217 2924 gitars
239 2847 310 2906 maii
333 2854 385 2908 aut
408 2847 490 2924 boni,
512 2847 607 2926 sed1)
634 2851 739 2911 omnia
763 2853 814 2928 (ut
835 2850 874 2910 Vi
896 2849 979 2929 lephi
1004 2868 1050 2909 ar·

117 2927 227 2989 tioulns
257 2928 456 2997 constantiae
484 2931 645 2992 damnatus
674 2939 756 2994 reete
786 2869 896 3013 doaetd
928 2931 968 2992 da
998 2951 1048 2992 ne·

118 3011 263 3073 cessitate
285 3005 428 3077 absoluta
450 3015 603 3078 eveniunt.
649 3015 740 3091 Quod
771 3025 801 3077 et
823 3020 918 3096 poe'ta
938 3015 1047 3093 voluit,
1111 3059 1112 3124 i

118 3093 243 3172 quando
267 3094 357 3155 dixit:
381 3095 473 3156 Certa
495 3104 578 3157 stant
599 3100 703 3158 omnia
726 3099 802 3179 iege,
846 3099 885 3158 st
907 3097 1046 3158 Christus
1111 3129 1112 3170 ,

117 3175 222 3238 Matth.
247 3179 302 3242 10:
327 3177 444 3238 Folium
467 3178 584 3240 arboris
605 3200 668 3241 non
691 3181 773 3242 eadit
796 3183 827 3242 in
848 3187 960 3242 terram
979 3180 1046 3240 sine
1111 3193 1112 3244 3

173 3399 186 3429 1

173 3399 203 3534 id
224 3397 317 3522 chmdd.
332 3400 448 3522 5ddnensi
471 3471 541 3526 haas
558 3474 700 3542 leguntur:
730 3475 779 3530 sed
798 3477 893 3529 omnia
913 3477 965 3530 sub
984 3474 1045 3530 Deo

119 3540 191 3598 sunt,
210 3543 407 3608 contraquam
425 3541 495 3594 nihil
514 3559 672 3611 possumus,
691 3548 745 3600 nisi
758 3553 892 3617 quantum
911 3549 1046 3616 permittit

119 3606 248 3700 sutfecit
265 3610 333 3677 ipss.
370 3609 451 3676 Quod
471 3617 498 3666 et
514 3619 597 3682 posta
615 3618 665 3670 eto.
