2262 4006
140 197 203 266 378
369 198 525 275 Responsio
545 207 573 262 D.
591 205 625 306 ld
646 200 673 263 ι’.
693 207 728 262 ad
747 203 847 264 librum

140 358 227 437 panis
249 355 279 419 al
301 361 404 422 vinum
427 379 519 422 unum
541 363 580 423 sit
602 369 844 440 sacramentum,
878 372 909 425 et
936 366 1061 426 alteram

139 448 256 521 partem
279 462 340 503 non
364 443 421 503 nisi
445 443 484 504 ad
513 445 673 507 ludibrium
701 448 847 509 relictam.
891 447 950 525 Qui
982 449 1061 508 enim

139 526 170 584 in
199 545 259 585 una
288 533 373 606 parte
403 537 510 589 contra
538 529 637 590 Deum
667 536 790 610 peccat,
824 534 960 592 omnium
993 551 1062 591 reus

140 614 199 680 est,
223 609 278 668 nisi
301 609 378 670 sorte
403 611 485 671 Deus
508 613 626 691 aliquot
649 614 771 675 occulto
798 614 910 675 iudicio
934 617 1062 675 servarit

139 691 169 749 in
191 689 251 751 fide
274 694 381 772 integri
406 698 600 774 sacramenti,
625 697 790 776 quomodo·
804 717 929 757 servare
961 709 1063 778 potest

141 773 314 855 multosque
336 779 469 838 servavit
490 779 520 837 in
545 777 603 838 fide
628 779 743 860 absque
766 781 826 841 ulla
840 781 945 861 specie
963 799 1062 841 sacra·

140 859 242 917 menti.
293 859 388 937 Igitur
420 861 521 942 potius
556 870 621 922 erat
653 869 789 923 neutram
821 871 940 944 partem
970 883 1061 943 quam

139 940 264 1000 alteram
288 943 444 1023 accipere,
474 964 535 1024 quo
558 947 650 1005 tutius
682 947 881 1007 evaderemus
910 949 1063 1028 praevari-

139 1025 291 1086 cationem
315 1026 440 1096 instituti
466 1027 585 1088 Christi.

220 1107 287 1168 Non
311 1110 370 1169 isto
393 1111 493 1170 lurore.
515 1120 687 1192 contentus,
711 1112 819 1192 laqueo
835 1113 974 1172 omnium
1000 1131 1063 1171 cru-

138 1190 295 1250 entissimo
323 1201 352 1251 et
375 1194 624 1254 animicidhsimo
658 1195 916 1255 conscientiarum
949 1198 1063 1275 posito,

137 1291 198 1332 nou
242 1277 387 1352 permittit
431 1280 613 1338 sacramenti
657 1279 746 1338 huius
793 1277 920 1337 liberum
963 1297 1063 1354 usum,

137 1354 191 1415 sed
212 1357 242 1414 in
267 1359 439 1418 uuiversum
470 1379 576 1419 omnes
606 1369 689 1421 certa
711 1361 759 1420 die
793 1360 889 1420 semel
922 1363 952 1420 in
978 1379 1059 1422 anno

137 1441 220 1517 cogit
243 1443 479 1502 cummunicare.
513 1443 570 1503 Hio
584 1451 613 1503 te
626 1444 766 1521 obsecr0,
790 1443 1061 1526 fraterChistiane,

136 1522 219 1600 quod
233 1531 322 1601 putas
337 1527 562 1586 communicare
575 1527 670 1586 solius
683 1529 839 1608 praecepti
855 1526 944 1586 huius
959 1547 1061 1588 neces-

138 1605 238 1682 sitate,
261 1607 311 1685 qui
324 1627 430 1668 revera
444 1628 482 1667 ex
495 1609 588 1669 corde
602 1610 726 1670 mallent
737 1628 798 1669 non
811 1611 1061 1670 communicare?

136 1688 178 1748 At
199 1688 228 1748 hi
253 1708 360 1748 ornnes
385 1701 523 1769 peccant,
547 1693 701 1770 quianon
725 1693 841 1773 spiritu,
863 1691 893 1751 id
916 1700 980 1768 est,
1003 1713 1059 1752 nec

135 1769 210 1848 lide,
243 1776 300 1831 ndo
328 1773 502 1851 voluntate,
535 1775 589 1834 sed
624 1777 807 1835 necessitate
834 1775 922 1834 huius
953 1775 1059 1835 literae

136 1857 380 1928 communicant,
404 1876 472 1916 cum
496 1857 545 1918 hic
566 1860 655 1937 panis
678 1859 806 1917 esuriem
830 1868 974 1936 quaerat,
1000 1879 1058 1918 non

134 1939 341 2018 saturitatem,
373 1941 466 2001 multo
490 1942 588 2000 minus
613 1940 764 2001 fastidium
788 1948 840 2000 aut
862 1939 978 2002 odium.
1022 1943 1058 2002 Et

137 2022 271 2081 omnium
296 2023 404 2082 horum
426 2031 623 2103 peccatorum
647 2033 736 2085 autor
758 2032 909 2104 estpaps,
930 2044 987 2084 sua
1002 2024 1059 2085 hac

135 2095 343 2166 cruentissima
386 2106 454 2186 lege
476 2125 603 2166 omnes
637 2109 666 2166 in
701 2106 903 2186 perditionem
936 2125 1055 2188 urgens,

135 2205 202 2245 cum
226 2187 364 2248 debuerit
387 2188 512 2258 liberam
533 2191 696 2270 unicnique
725 2189 894 2268 relinquere
922 2208 1054 2251 commu·

134 2269 267 2344 aionem,
290 2277 321 2332 et
342 2279 456 2332 tuntum
481 2292 592 2333 vocare
615 2285 644 2332 et
668 2273 838 2345 exhortari,
860 2291 922 2332 uon
945 2291 1055 2354 cogere

133 2359 165 2412 et
185 2354 351 2435 impellere,
395 2355 472 2416 Vide
496 2377 534 2416 an
558 2357 704 2434 cumhinc
726 2363 807 2416 totus
831 2355 975 2433 mundus,
988 2375 1052 2436 pec·

135 2437 211 2496 catis
235 2455 330 2517 usque
353 2437 392 2498 ad
415 2438 534 2500 coelum
562 2439 712 2518 repletus,
742 2438 788 2498 vel
816 2437 877 2498 hoc
899 2458 960 2499 uno
985 2439 1053 2498 dilu-

132 2521 183 2579 vio
207 2523 280 2582 satis
302 2521 468 2602 perdatur?
491 2521 541 2583 Sic
563 2542 624 2583 non
640 2522 738 2582 solum
761 2521 861 2602 privat
885 2540 941 2582 nos
957 2541 1054 2582 sacra-

135 2609 238 2662 mento
263 2613 388 2683 nostro,
410 2606 463 2665 sed
486 2612 517 2664 et
538 2605 612 2664 illud
636 2606 716 2684 quod
740 2605 883 2682 relinquit
910 2624 972 2665 non
995 2605 1053 2666 alio

133 2686 265 2746 consilio
288 2687 445 2766 relinquit,
475 2707 564 2766 quam
589 2697 620 2748 ut
644 2687 748 2748 orbem
778 2688 865 2746 huius
888 2691 1053 2748 occasione

89 2805 91 2810 -
135 2767 272 2846 peccatis
296 2769 419 2829 infinitis
444 2771 560 2851 repleat
582 2781 611 2830 et
633 2769 751 2850 perdat.

216 2850 400 2912 sacrificulis
423 2873 495 2913 vero
519 2854 614 2914 multo
642 2853 797 2935 peioribus
827 2851 925 2912 modis
947 2852 1053 2927 illudit,

132 2934 273 3012 primum,
296 2934 431 3008 Missam,
454 2955 521 2995 oum
546 2939 585 2996 sit
605 2944 828 2997 sacramentum
852 2943 1051 2996 attestamen·

135 3024 208 3093 tum,
235 3016 305 3076 loco
329 3017 467 3078 beneficii
490 3019 717 3099 accipiendum,
740 3020 829 3080 vertit
850 3021 880 3078 in
904 3037 984 3099 opus
1007 3020 1053 3079 bo·
1123 3061 1124 3068 κ

133 3118 223 3178 num,
257 3118 319 3179 quo
343 3100 532 3162 satisfaciant
559 3121 614 3181 pro
643 3103 794 3182 peccatis,
818 3110 1054 3181 succurrantque

132 3181 305 3243 viventibus
328 3192 357 3242 et
386 3182 534 3244 defunctis
562 3187 591 3243 in
627 3186 708 3245 omni
739 3184 943 3245 tribulatione.
989 3185 1053 3246 Hoc

132 3273 307 3327 commento
331 3285 438 3326 omnes
462 3286 553 3346 opes,
584 3265 715 3347 glorias,
748 3274 916 3348 potestates
953 3269 1052 3326 mundi

132 3347 189 3407 sibi
214 3349 408 3424 vindicando,
432 3357 464 3408 ut
487 3369 611 3428 prorsus
633 3351 745 3410 inutilis
767 3353 827 3409 iarn
850 3352 888 3409 sit
900 3350 996 3410 Missa
1017 3351 1064 3423 ad,

122 3427 277 3507 salutem,
300 3431 354 3490 sed
379 3438 494 3490 tantum
517 3433 555 3491 ad
578 3441 737 3512 quaestum
762 3431 861 3492 valeat
883 3431 939 3509 sub
962 3429 1053 3492 incre·
1123 3503 1124 3506 Ἴ

134 3507 218 3569 dibili
240 3511 298 3572 hac
318 3513 518 3592 perversitate
541 3521 570 3582 et
581 3515 745 3593 impietate.
790 3513 906 3574 Deindd
924 3517 1052 3575 etsacri·
1123 3523 1124 3528 ’

135 3587 237 3649 ficium
261 3611 300 3652 ex
314 3613 361 3654 ‘ea
381 3595 505 3673 iaciunt,
527 3614 588 3674 quo
612 3597 678 3657 Deo
701 3599 814 3676 gratias
835 3604 930 3676 agunt
952 3604 982 3657 et
1004 3597 1050 3657 be·
1123 3639 1124 3654 r

134 3669 303 3753 ”laciuna
337 3684 481 3755 tanquam
512 3679 613 3759 egenti
643 3678 792 3742 bonorum
815 3667 1006 3764 nostrordm,
1033 3700 1050 3741 a
