2262 4006
322 183 464 256 tmbruii
483 183 639 254 omne
659 182 738 259 1⁵31·
931 173 997 255 itti

71 340 130 420 sed
152 341 251 416 sutum
274 349 307 416 nt
338 340 602 414 sibi-serviemus,
635 347 668 404 ut
696 359 771 404 sues
797 335 997 411 iurisdietissi

74 445 184 502 omues
208 424 413 500 subiidnntur.
456 425 648 506 Impossibile
670 433 771 490 sutem
793 423 887 498 toret,
908 422 935 486 si
957 439 997 488 ex
1028 451 1032 470 ·

74 509 143 581 Deo
166 516 265 588 osset,
289 515 321 581 nt
344 512 553 573 nonsummis
582 509 695 580 viribus
716 507 917 586 Evangelium
940 504 998 572 Dei

74 598 222 660 tractaret
243 601 272 650 et
286 592 462 666 inculcaret,
483 611 544 671 quo
562 593 686 657 dooerst
698 592 801 656 omniu
813 609 880 652 esse
894 589 997 662 libers,

77 693 180 754 neque
203 693 295 754 posse
322 676 443 754 peoosri
471 678 501 736 in
525 676 586 736 ullo
610 697 665 736 usu
689 676 829 751 vestium,
852 671 999 746 ciborum,

73 758 226 836 lusorum,
249 777 459 837 perspnururu,
481 760 672 820 sutullsrum
696 777 804 823 rerum.
833 757 902 819 Non
916 755 998 822 enim

72 841 138 907 ullu
164 861 235 914 usu,
264 841 316 905 sed
347 842 413 902 sols
443 845 691 922 eoncupisuentiu
723 841 770 900 vel
799 837 871 902 odio
899 856 997 908 rorum

73 934 233 1003 pensetur.
285 924 325 987 At
353 945 433 1005 pape
462 935 623 1006 petentum
647 934 677 989 et
698 926 842 994 iustitiam
871 923 901 982 in
931 921 998 993 solo

73 1027 131 1082 usn
162 1027 260 1069 rerum
290 1010 391 1086 pouit,
420 1008 492 1068 ideo
522 1016 570 1068 est
598 1009 691 1069 bomo
720 1007 839 1088 pensati
869 1010 900 1066 et
920 1001 999 1070 filius

72 1089 275 1169 perditionis,
310 1091 430 1169 replens
467 1093 610 1153 muudum
643 1093 679 1151 iis
714 1091 812 1150 stultis
848 1095 879 1150 st
915 1087 1001 1166 suuis

73 1175 213 1252 peuoatis
250 1182 279 1232 et
301 1175 430 1234 iustitiis.
488 1177 525 1235 Et
547 1183 666 1252 temen,
696 1177 768 1254 quis
797 1171 1000 1233 conscientias

73 1256 133 1316 sub
166 1255 252 1315 titulo
279 1258 410 1317 nominis
434 1257 543 1321 Obristi
567 1265 674 1335 terret,
696 1258 784 1333 feeit,
817 1261 888 1315 ute
917 1253 1001 1313 falsis

73 1347 107 1402 et
136 1339 226 1398 uultis
263 1341 398 1419 pennatis
436 1361 507 1400 vere
542 1347 671 1422 peooota
705 1340 788 1402 flant.
839 1337 917 1398 Nem
951 1335 1002 1414 qui

73 1421 240 1482 crediderit
267 1441 335 1482 sese
364 1442 508 1504 peceare,
539 1427 563 1483 si
592 1426 621 1483 in
645 1423 756 1505 vigilie
790 1420 1001 1501 apostolorum

73 1525 185 1564 earnes
210 1504 351 1583 ediderit,
381 1512 433 1566 out
454 1528 543 1567 mene
565 1507 682 1567 Primae
712 1526 773 1566 non
801 1505 923 1584 legerit,
952 1509 1004 1560 sut

74 1587 161 1662 atiud
185 1597 381 1667 prueeepturu
406 1587 612 1669 quodeunque
636 1609 735 1669 pupae
757 1588 909 1664 omiserit,
930 1603 1003 1644 vere

76 1679 204 1751 peouttt:
243 1691 303 1744 non
336 1674 405 1749 quin
433 1681 594 1752 peceatum
618 1681 679 1749 est,
717 1671 799 1752 quod
828 1669 914 1744 teuit,
946 1666 1027 1746 sed,

76 1755 152 1832 quio
175 1754 271 1822 eredit
291 1764 451 1834 peceatum
474 1776 560 1835 esse,
592 1765 622 1820 et
653 1765 756 1816 tamen
788 1760 896 1815 eontrs
922 1751 1002 1820 bauo

74 1835 169 1912 fidem
205 1846 235 1905 et
263 1839 482 1908 ronssientiarn
517 1846 643 1918 penest,
676 1843 761 1914 unius
794 1835 1001 1901 eonscientise

74 1920 190 1996 stultns
223 1929 311 1987 sutor
333 1929 379 1990 est
405 1923 606 2001 sotuspsps.
655 1922 732 1994 Nom
763 1920 872 1988 eodem
907 1935 1001 1997 opere

74 2003 157 2076 atius
178 2021 212 2074 se
235 2022 295 2073 non
320 2004 447 2074 eredens
470 2025 599 2085 posuere
621 2024 682 2066 uun
707 2011 822 2083 penest.
868 2001 935 2070 Hos
946 2006 1001 2073 ost,

77 2085 162 2166 quod
199 2087 332 2163 queritur
364 2090 487 2166 spiritus
521 2087 622 2160 Ponti,
665 2087 853 2160 discessuros
882 2101 950 2150 essu
982 2099 1002 2154 t

77 2167 141 2230 fide
165 2168 321 2248 plurimos.
365 2169 492 2250 Propter
520 2171 598 2232 haue
626 2169 845 2234 oonsuieutiuru
877 2165 1001 2238 stultum

77 2250 259 2326 traditiones
281 2252 437 2315 bominum
461 2261 530 2315 sunt
552 2254 732 2333 pestiferae,
760 2259 790 2312 et
809 2251 912 2329 laquei
935 2248 1000 2318 sui·

78 2353 213 2411 merum,
250 2339 281 2396 et
315 2343 428 2399 nocent
462 2335 531 2408 fidei
565 2344 593 2396 et
629 2335 826 2415 evangelicae
861 2331 1002 2398 libertati.

79 2415 172 2494 Quod
202 2418 257 2476 uisi
285 2426 381 2494 esset,
416 2419 489 2479 nibil
523 2423 679 2488 ponerent.
733 2417 806 2479 ldeo
837 2421 924 2479 setes
948 2433 1002 2492 pur

77 2518 192 2580 pppsm
215 2499 348 2573 abutitur
368 2501 427 2562 illis
451 2503 647 2577 oonsoientiis
665 2500 703 2567 ud
728 2501 810 2580 teges
832 2495 1001 2577 tyrannidis

77 2601 155 2660 supe
183 2582 396 2659 stabiliendus,
434 2585 471 2649 nd
499 2583 590 2662 fidem
623 2593 654 2652 et
681 2581 849 2652 tibertuteut
887 2580 1002 2650 ernstiu-

78 2663 228 2748 gpendus‚
251 2667 437 2735 ettnuuduru
453 2667 613 2740 erroribus,
627 2666 843 2750 impietatibus,
865 2663 1000 2744 Potestis

77 2755 108 2811 et
130 2747 351 2828 perditionibus
373 2749 561 2830 replendum.

162 2830 291 2908 Pulebre
312 2831 424 2894 Penius
454 2853 506 2908 ens
535 2831 739 2903 ennsoientiss
768 2827 904 2909 appellet
933 2845 1000 2889 ssu·

79 2914 220 2991 teristss,
252 2914 334 2992 quud
367 2933 427 2977 non
457 2917 650 2991 mutuatum
681 2919 735 2990 sut
754 2914 861 2992 spiritu
891 2906 1002 2988 t'setse,

78 2997 133 3077 sep
155 2998 292 3075 eputerio
315 2997 468 3066 humente
491 2999 649 3067 doetrinae
670 3005 778 3073 sonus
800 3000 937 3068 usturam
959 2993 1002 3061 ins

79 3081 220 3228 sippitue.
264 3079 332 3158 lpse
346 3082 424 3156 enim
442 3081 541 3158 donet,
565 3079 645 3158 quod
660 3076 733 3152 nibil
745 3081 784 3147 sit
795 3075 1001 3144 reiiuiendurn.

79 3161 104 3224 Ε
141 3161 271 3229 vinarius
295 3161 404 3234 Christi
428 3164 515 3228 dicit:
547 3163 613 3225 Imo
636 3163 775 3243 butyrum
798 3171 829 3222 et
850 3157 1003 3226 restitisis

79 3253 150 3322 sunt
172 3244 337 3320 reiioiends
365 3254 514 3326 perpetuo
545 3245 662 3325 sliquut
699 3243 815 3308 diebus.
865 3239 1001 3314 (ibrirblt

80 3327 151 3388 Luo.
177 3327 229 3392 10:
253 3327 386 3388 Fidentes
410 3335 439 3389 et
463 3328 610 3405 bibentes,
633 3347 711 3408 quse
728 3326 808 3406 apud
830 3324 900 3389 iilos
916 3325 1002 3400 tunt3

82 3419 113 3472 st
135 3411 265 3470 rieurius
287 3431 360 3471 suus
378 3417 501 3473 eontra:
524 3411 627 3472 Nolite
648 3411 739 3472 edere
761 3425 868 3470 cernes
891 3411 1002 3466 etova.

83 3494 219 3554 Christus
242 3513 365 3554 omnem
388 3500 502 3556 vestem
525 3494 619 3555 tibere
641 3493 795 3573 permittit,
818 3495 850 3551 st
871 3488 1002 3548 viearius

82 3595 154 3636 suus
178 3576 268 3636 etism
291 3575 377 3636 laiuis
399 3577 536 3656 dimittit,
567 3576 658 3637 aliem
679 3575 734 3636 sibi
762 3581 792 3634 et
819 3573 881 3632 suis
910 3570 1002 3629 assui-

82 3660 149 3738 soit,
170 3657 262 3738 idque
283 3659 341 3728 osb
359 3667 489 3740 psoostu
511 3659 643 3738 mortali,
664 3665 696 3720 st
716 3661 880 3737 pnuueptu
903 3651 1002 3716 suole-
