2262 4006
141 171 208 238 loo
430 174 784 238 manumiserimus,

144 330 177 396 in
208 327 317 407 quibus
351 337 490 409 opertum
530 339 577 392 est
606 332 820 412 ,Evangelium
852 333 971 412 gloriae
999 330 1067 404 Dei,

146 411 354 491 captivitatem
377 422 518 494 ¹nostram
548 417 639 476 etiam
667 417 819 476 rideamus
841 426 872 476 st
894 416 1065 494 palpemus.

228 495 294 558 Nec
312 496 381 555 leve
402 503 477 576 puts
490 498 688 558 ministerium
703 509 796 578 tuum,
809 502 834 558 si
856 501 943 560 lnxte
965 517 1069 578 pepae

145 587 345 640 excrementa
354 599 511 642 venenose
522 589 551 640 et
564 583 775 644 insanissimas
784 583 920 644 insanias
932 584 1070 640 salutare

144 668 178 724 et
185 661 336 723 vivificum
346 663 547 742 Evangelium
558 663 669 726 Christi
676 662 897 744 composueris,
920 675 952 724 ut
964 666 1070 724 inven-

146 751 194 806 tus
227 745 340 806 habeat
373 746 543 806 antidotum
577 747 724 808 adversus
755 749 814 811 lroc
848 753 943 824 virus,
983 749 1071 806 onius
1122 760 1123 768 ¹

147 828 224 893 odo'r
243 829 335 890 etiem
358 829 471 890 occidit
492 829 659 910 bominem,
682 830 781 892 donec
802 831 900 892 discet
921 851 979 910 per
1003 849 1072 888 sese

145 909 312 991 reprobare
351 913 463 972 malum
497 923 527 974 et
559 913 673 993 eligere
707 914 830 976 bonum.
873 917 899 974 ls
923 914 979 974 tibi
1004 923 1071 972 esto

146 994 379 1056 commendatus
406 995 567 1058 Emanuel.
611 996 791 1058 confortare
822 999 914 1076 igitur·
945 1005 980 1056 et
1005 1005 1072 1056 esto

146 1077 301 1159 robustus,
323 1085 353 1138 et
376 1079 573 1159 Beelphegor
601 1081 690 1140 istum
714 1099 752 1140 ne
775 1091 903 1158 metuas,
925 1099 1001 1140 cnm
1023 1080 1074 1138 vix

146 1163 185 1222 sit
207 1161 393 1238 Beelzebub,
414 1163 475 1224 hoo
496 1171 553 1240 est,
572 1165 616 1222 vir
640 1182 779 1242 muscae,
801 1165 826 1224 si
849 1163 1008 1224 eredimus
1033 1172 1073 1222 ta·

147 1245 233 1321 men,
270 1246 415 1322 quoniam
450 1246 535 1306 lesus
565 1246 701 1306 Christus
733 1258 780 1307 est
803 1247 951 1306 Dominus
980 1247 1072 1304 bene-

146 1326 244 1388 dictus
260 1329 291 1388 in
313 1329 427 1404 secula,
451 1331 560 1407 Amen,
583 1332 633 1408 qni
657 1339 686 1390 te
708 1341 738 1390 et
760 1331 955 1392 ecclesiolam
981 1349 1072 1388 snam

147 1409 232 1490 apud
251 1430 307 1472 vos
330 1410 469 1492 perficiet
490 1413 736 1492 consolidetque:
771 1415 802 1472 in
824 1432 885 1492 quo
909 1413 991 1472 vele.
1041 1412 1073 1470 ln

146 1493 216 1557 loco
238 1496 492 1574 peregrinationis
515 1513 612 1575 meae,
634 1496 754 1557 Octava
772 1497 848 1556 lunii
869 1497 908 1560 Μ.
930 1497 968 1556 D.
993 1495 1075 1554 XXl.

334 1695 387 1754 A'd
410 1695 697 1775 praefationem
720 1696 877 1757 Latomi.

231 1823 364 1884 Primum
404 1825 579 1884 criminetur
611 1807 768 1901 Latomun
801 1845 850 1884 me
881 1824 1075 1884 verbotenus

148 1926 216 1969 uren
237 1907 415 1967 submisisse
449 1926 550 1988 papae
571 1907 609 1968 ab
642 1909 739 1985 initio,
771 1909 831 1969 hoc
864 1909 990 1987 quidem
1016 1927 1074 1987 pro

146 1991 314 2070 sophistice
335 1989 446 2052 fiducie
468 1990 575 2071 fingit·
608 1992 676 2070 Ego
701 2009 772 2052 vero
796 1991 903 2069 dolen,
927 2012 976 2050 me
1008 2001 1072 2050 tam

142 2075 224 2136 ,aerio
247 2074 435 2136 submisisse.
477 2073 527 2134 Ex
549 2076 651 2134 animo
675 2076 755 2134 enim
784 2075 858 2136 nihil
889 2075 970 2136 alind
1006 2081 1072 2134 tum
1121 2135 1122 2152 1

144 2158 226 2219 sensi
245 2157 283 2218 de
304 2176 396 2237 papa,
418 2159 566 2235 conciliis,
590 2158 851 2239 Universitatibns,
874 2177 964 2237 qnam
985 2158 1073 2235 quod
1121 2157 1122 2178 ¹

143 2240 237 2319 vulgo
259 2242 396 2302 andiunt.
440 2239 622 2320 Quanquam
646 2242 726 2302 enim
747 2243 840 2304 multa
863 2244 935 2302 milri
958 2261 1071 2301 eorum

144 2323 277 2385 absurde
298 2324 471 2386 viderentur
494 2331 524 2384 et
546 2345 564 2384 n
588 2324 708 2389 Christo
731 2326 934 2399 alienissime,
979 2325 1072 2386 intre·

145 2408 217 2471 navi
231 2414 341 2479 ‚tamen
365 2409 569 2486 cogitationes
602 2427 687 2468 meas
711 2409 787 2470 ultra
810 2409 991 2468 decennium
1016 2407 1071 2467 illo

145 2489 334 2554 Salomonis:
373 2490 420 2549 Ne
450 2491 588 2553 innitaris
620 2493 800 2570 prudentiae
835 2501 921 2569 tuae,
944 2510 1072 2570 semper

144 2573 305 2637 arbitratus
318 2577 348 2636 in
361 2574 538 2636 Academiis
552 2574 646 2634 latere
660 2575 831 2655 theologos,
855 2578 919 2654 qui,
933 2577 958 2634 si
971 2576 1070 2652 impis
1120 2593 1121 2650 p

144 2657 223 2724 haec
251 2668 369 2737 essent,
391 2675 454 2718 non
476 2657 615 2734 silerent,
638 2666 699 2719 tum
723 2661 774 2718 vix
795 2659 868 2720 alibi
892 2659 991 2718 minus
1014 2677 1071 2737 pu·

145 2740 247 2810 tabam
274 2761 343 2804 esse
364 2749 426 2800 tam
449 2760 570 2802 crassos
592 2743 709 2821 stipites
724 2744 889 2818 etesium,
912 2760 994 2802 nnnc
1017 2761 1069 2802 eu-

146 2831 206 2886 tem
230 2833 260 2884 ct
283 2825 398 2900 melos,
422 2843 514 2902 quem
533 2825 670 2886 Louenii.

229 2908 331 2978 Crevit
352 2916 454 2969 autem
477 2909 557 2969 intre
577 2927 700 2969 causam
732 2916 765 2967 ut
791 2927 890 2968 rerum
919 2907 1068 2986 cognitio,

144 2993 188 3059 ita
208 3003 239 3050 et
261 2994 390 3070 animus,
413 3011 482 3052 cum
505 2993 548 3051 illi
570 3011 656 3054 suam
678 2994 828 3053 inscitiam
853 3000 881 3053 et
899 2991 1066 3068 nequitiem

144 3077 175 3137 in
199 3075 258 3136 hoc
280 3077 400 3155 signum
423 3073 674 3136 contradictionis
697 3075 927 3149 oll'endentes.¹l
944 3075 1067 3152 egregie

145 3159 320 3238 proderent.
363 3158 447 3232 Ques
481 3160 539 3218 nisi
576 3166 636 3218 tem
665 3159 789 3219 immani
818 3160 909 3237 eopia
936 3157 1065 3218 reveles

145 3252 214 3304 sent
231 3252 263 3304 et
283 3243 427 3305 simulare
449 3243 529 3304 ultra
556 3243 738 3321 potuissent,
767 3253 847 3302 certe
871 3261 920 3303 me
942 3240 1063 3300 stultum

145 3327 175 3384 in
198 3327 290 3388 linem
315 3345 410 3404 usque
439 3325 676 3386 dementtssent.
720 3325 841 3387 Graties
874 3332 978 3384 autem
1006 3342 1063 3402 ago
1118 3365 1119 3441 p

122 3408 278 3479 ‘Domino
302 3427 371 3473 meo
393 3408 462 3468 lesu
485 3408 622 3484 Christo,
652 3410 702 3487 qni
732 3427 788 3488 pro
818 3409 877 3474 bae
896 3409 1063 3468 tentatione

205 3670 234 3738 l)
254 3671 285 3722 In
303 3673 346 3726 ed.
363 3672 442 3727 Jen.:
465 3673 652 3729 ostendentes.
