2254 4008
56 1045 109 1139 Its
154 1042 433 1164 Captivitatc
471 1042 739 1164 Babylonica
777 1042 982 1140 ecclcsiae

121 1156 405 1254 Praelndium
431 1159 478 1252 D.
507 1155 688 1254 Martini
716 1157 908 1254 Lutheri.

463 1296 568 1390 1520.

416 1485 624 1494 *—

132 1629 334 1692 Gravissimis
362 1631 485 1692 Lutberi
512 1633 633 1712 scriptis
660 1631 907 1698 adnumerandus
935 1638 982 1692 est

59 1712 126 1774 liber
148 1713 196 1774 de
229 1715 464 1795 captivitate
495 1715 735 1796 Babylonica
765 1715 982 1792 ecclesiae,

61 1816 113 1875 qno
146 1803 261 1859 auctor
293 1799 458 1878 praecipue
487 1798 525 1858 de
556 1804 680 1876 natura,
713 1815 840 1858 numero
870 1804 900 1856 et
926 1816 982 1858 usu

60 1879 324 1952 sacramentorum
358 1883 421 1960 egit
452 1887 483 1940 et
511 1899 613 1960 pauca
639 1881 677 1940 de
705 1882 770 1943 iure
799 1877 981 1942 Pontificum

62 1965 230 2042 praemisit,
264 1963 373 2042 quibus
402 1983 440 2024 ea
469 1981 548 2042 quae
569 1963 690 2043 Lipsiae
719 1971 915 2024 concesserat
936 1982 980 2023 re-

62 2053 163 2107 tractat
196 2053 226 2106 et
248 2047 399 2127 Papatum
426 2065 553 2126 regnum
578 2046 744 2126 Babylonis
774 2047 839 2106 sive
859 2045 980 2109 Nimro·

64 2128 153 2190 dicam
201 2132 398 2190 venationem
443 2148 511 2191 esse
548 2137 654 2209 aperte
695 2129 878 2210 pronunciet
925 2128 980 2204 (cf.

62 2211 267 2274 beckendorfii
298 2211 376 2276 Hist.
407 2211 496 2273 Lutb.
531 2211 555 2273 Ι.
583 2211 665 2274 Sect.
696 2214 745 2276 28.
777 2219 803 2286 §.
832 2214 881 2276 72.
909 2211 980 2276 coll.

63 2301 86 2368 S.
112 2299 182 2360 102.
240 2294 379 2357 Gieseler
405 2295 718 2375 Kircbengeacbiebte
744 2295 779 2364 Τ.
806 2294 847 2356 lll
877 2315 907 2375 p.
929 2297 980 2359 ct.

63 2375 118 2458 73).
159 2379 196 2440 In
219 2378 318 2439 lucem
347 2378 461 2459 prodiit
488 2378 539 2438 bio
567 2378 643 2440 liber
673 2397 776 2439 mense
798 2377 926 2440 Octobri
953 2397 1006 2443 a..

64 2461 144 2537 1520,
167 2481 241 2522 nam
263 2463 353 2523 tertio
376 2460 426 2522 die
448 2463 513 2522 eius
536 2463 659 2539 mensis,
684 2462 796 2541 Vigilia
817 2461 981 2539 Francisci,

63 2544 203 2606 Luthcrus
236 2542 397 2626 Spalatino
430 2545 564 2625 scripsit:
598 2545 707 2624 „Liber
735 2546 773 2604 de
803 2545 983 2624 captivitate

31 2625 35 2632 ’
63 2627 214 2689 Ecclesiae
242 2627 374 2692 sabbato
402 2627 497 2688 exibit
529 2634 560 2690 et
591 2627 630 2688 ad
663 2635 693 2688 te
720 2629 884 2706 mittetur“,
924 2626 981 2702 [ef.

64 2709 140 2771 Loth.
170 2711 249 2792 opp.
278 2710 326 2773 ed.
357 2709 396 2770 de
424 2710 579 2786 wecel,
615 2731 645 2792 p.
668 2714 739 2776 491.
762 2713 822 2776 492
857 2709 928 2772 coll.
949 2729 981 2790 p.

65 2794 145 2870 482),
168 2803 199 2854 et
218 2794 312 2875 paulo
333 2800 405 2880 post
425 2792 547 2875 publice
569 2801 617 2855 est
633 2793 813 2874 prohibitus,
834 2795 981 2854 numiam

67 2875 108 2936 die
138 2879 286 2939 vicesimo
321 2878 436 2939 mensis
468 2875 609 2939 Octobris
647 2898 674 2940 a.
707 2879 786 2944 1520
819 2877 872 2937 ille
900 2875 982 2938 Patri

67 2958 317 3041 brennaticum,
339 2960 472 3022 Cellens.
496 2959 689 3024 cisterciens.
702 2960 881 3038 Professori‚
903 2958 983 3019 baec

67 3044 190 3122 aperuit:
213 3043 382 3122 „Libellum
405 3043 444 3105 de
468 3045 707 3123 captivitate
728 3042 983 3124 Babylonica

68 3125 241 3203 prohibitum
274 3145 343 3194 esse
376 3127 451 3188 nibil
484 3145 568 3188 curo.
630 3125 710 3202 Quid
749 3126 830 3188 istud
873 3125 983 3197 reseret

69 3227 138 3287 mea,
159 3210 185 3270 si
207 3227 316 3270 omnes
337 3209 591 3291 prohiberentur?
613 3209 695 3270 Nihil
710 3208 840 3272 scribam
863 3209 893 3276 in
917 3227 982 3287 eos,

70 3292 112 3368 qui
132 3292 161 3352 ri
182 3298 346 3374 aguntnos
378 3294 411 3355 in
432 3291 604 3380 rudepillos
617 3292 840 3374 spermologos.
864 3289 983 3354 sufficit

70 3373 132 3435 mihi
152 3377 312 3439 veritatem
335 3340 493 3453 docuisse,
521 3374 694 3437 defendisse
716 3375 861 3436 adversus
886 3373 983 3436 erudi-

70 3463 127 3536 tos,
158 3459 211 3538 qui
244 3459 303 3529 soli
327 3478 441 3522 nocere
468 3458 613 3538 queant.“
642 3457 983 3538 (es.Luth.1opp.ed.

73 3538 104 3600 de
123 3541 225 3605 Wette
246 3543 274 3620 Ι,
304 3563 333 3623 p.
361 3542 452 3623 517).
496 3541 610 3618 Quanti
630 3560 704 3606 vero
726 3543 873 3605 momenti
893 3540 983 3607 tuerit

72 3622 137 3686 illud
158 3626 303 3708 scriptum
327 3626 419 3691 etad
439 3623 679 3706 Pontificiorum,
700 3625 848 3707 imprimis
858 3621 981 3694 Raurici
