2254 4008
137 161 181 229 48
396 162 438 220 De
457 162 534 234 Gept.
552 162 650 234 Babyl.
667 163 809 222 Ecclesiae

224 318 363 397 Denique
386 337 439 378 eur
453 317 608 380 Abraham
630 289 698 380 non'
714 338 770 400 pro
792 319 1069 381 omnibusludaeis
1121 329 1122 388 i

140 398 288 461 credidit?
311 420 365 460 cur
386 403 547 481 exigitura
563 401 820 483 Iudaeissingulis
842 401 920 463 fides
941 404 971 463 in
994 422 1069 462 ean-

139 482 208 544 dem
231 484 466 563 promissionem
484 484 626 545 Abrahae
648 485 817 546 creditam?
840 486 906 547 Stet
928 505 1002 564 ergo
1025 487 1069 544 in·
1121 507 1122 512 ¹

139 566 319 646 superabilis
350 568 478 644 veritas,
514 567 564 629 ubi
597 569 761 648 promissio
796 568 899 628 divina
927 578 989 644 est,
1026 568 1069 628 ibi

139 652 347 729 unusquisque
371 669 426 730 pro
450 668 482 710 se
505 658 574 727 stat,
596 670 652 712 sua
674 650 750 712 fides
773 653 915 730 exigitur,
937 654 1070 730 quisque
1121 679 1122 684 ¹

139 751 195 812 pro
218 752 251 792 se
273 733 422 793 rationem
436 733 558 810 reddet,
575 742 605 794 et
619 753 706 793 suum
729 753 808 796 onus
820 735 962 814 portabit,
985 736 1069 793 sicut

139 814 212 876 dicit
232 815 327 878 Marc.
350 815 418 876 uit:
447 815 506 891 Qui
535 815 697 877 crediderit
723 825 755 878 et
776 817 944 897 baptisatus
965 817 1069 892 fuerit,
1121 887 1122 890 Ἴ

137 898 241 958 salvus
263 899 334 975 erit,
357 900 407 977 qui
429 905 530 960 autem
553 917 615 960 nou
638 899 815 977 crediderit,
848 899 1069 961 condemnabi-

138 987 194 1043 tur.
236 981 282 1041 ita
304 989 334 1041 et
356 985 478 1056 missam
503 983 710 1061 uuusquisque
740 989 857 1044 tantum
881 982 937 1043 sibi
960 989 1069 1062 potest

140 1065 244 1124 utilem
256 1065 367 1141 facere,
388 1063 448 1124 fide
463 1067 596 1145 propria,
619 1073 714 1145 cipro
732 1066 822 1126 nuliis
835 1085 960 1146 prorsus
983 1083 1069 1126 com·

140 1149 310 1208 manicare:
355 1148 435 1208 sicut
470 1147 615 1209 sacerdos
660 1149 731 1208 nulii
777 1167 833 1228 pro
867 1150 927 1210 aiio
962 1155 1070 1227 potest

141 1237 365 1290 sacramentum
390 1231 575 1309 ministrare,
610 1231 663 1292 sed
686 1230 810 1292 cuilibet
831 1234 960 1292 seorsim
984 1231 1069 1290 idern

140 1322 363 1374 sacramentum
388 1315 544 1375 ministret.
588 1313 663 1376 Sunt
692 1317 772 1374 enirn
795 1315 973 1376 sacerdotes
995 1333 1071 1374 eon·

140 1397 290 1458 sacrando
321 1403 352 1456 ct
384 1396 583 1457 ministrando
612 1398 739 1458 ministri
761 1399 873 1474 nostri,
903 1417 958 1477 per
988 1415 1071 1476 quos

139 1499 202 1540 nou
215 1479 369 1540 offerimus
382 1478 495 1540 bonnm
511 1498 599 1559 opus,
617 1487 669 1540 aut
681 1483 942 1541 communicamus
954 1482 1072 1552 active,

140 1563 195 1623 sed
214 1583 270 1642 per
298 1580 351 1623 eos
382 1563 602 1642 promissiones
633 1568 664 1622 et
690 1565 810 1642 signum
839 1565 1012 1643 accipimus
1041 1570 1073 1621 et

139 1647 401 1708 communicamur
423 1647 560 1726 passive,
588 1645 620 1706 id
643 1647 725 1725 quod
754 1648 783 1705 in
808 1647 892 1706 iaicis
915 1648 1071 1706 hacteuus

139 1731 316 1811 permansit,
339 1748 409 1789 nam
432 1730 463 1789 hi
485 1748 546 1790 nou
569 1727 711 1790 dicuntur
733 1731 846 1789 bonum
868 1729 988 1806 facere,
1012 1729 1070 1788 sed

139 1814 290 1895 accipere.
342 1811 525 1873 Sacerdotes
554 1832 626 1872 vero
656 1813 795 1872 abierunt
824 1813 853 1871 in
888 1814 1069 1892 impietates

139 1916 221 1974 suas,
244 1897 325 1955 facto
349 1894 405 1956 sibi
429 1895 511 1956 bono
534 1914 645 1976 opere,
674 1895 755 1974 quod
786 1899 1017 1956 communicent
1041 1902 1074 1955 et

140 1979 270 2040 offerant
291 1999 330 2038 ex
350 1987 544 2039 sacramento
567 1987 597 2038 et
618 1984 802 2039 testamento
826 1978 898 2056 Dei,
928 1997 991 2057 quo
1016 1977 1073 2040 bo·

140 2082 212 2122 num
235 2069 395 2141 acceptum
419 2063 562 2142 oportuit.

223 2144 284 2205 Sed
313 2145 410 2206 dices:
441 2144 543 2220 Quid?
575 2143 709 2223 nunquid
738 2143 896 2204 subvertes
927 2145 1072 2204 omnium

140 2228 339 2288 ecclesiarum
362 2235 392 2287 et
414 2229 668 2288 monasteriorum
684 2247 771 2288 usum
792 2234 823 2286 et
844 2247 979 2302 sensum,
1002 2230 1072 2305 qui·

141 2311 196 2372 bus
220 2330 275 2390 per
297 2317 343 2370 tot
364 2311 469 2371 secula
490 2311 698 2388 invaluerunt,
726 2310 859 2370 fundatis
881 2330 974 2390 super
996 2312 1072 2370 nris·

140 2414 207 2456 sam
228 2395 458 2474 anniversariis,
481 2395 649 2474 suffragiis,
679 2394 951 2474 applicationibus,
984 2411 1072 2453 com-

141 2477 396 2544 municationibus
418 2484 486 2556 ete,
508 2478 567 2538 hoc
590 2487 646 2556 est,
667 2479 873 2558 pinguissimis
896 2475 1073 2537 reditibus?

140 2560 341 2641 Respondes:
375 2561 443 2620 Hoc
465 2568 528 2639 est,
551 2561 633 2640 quod
658 2562 696 2622 de
718 2561 894 2641 captivitate
914 2559 1073 2620 ecclesiae

140 2644 274 2705 seribere
304 2664 352 2705 me
378 2645 537 2724 compulit.
585 2643 637 2704 Sic
663 2645 743 2704 enim
774 2642 947 2704 venerabile
974 2651 1072 2704 testa·

142 2735 275 2789 mentum
299 2728 355 2787 Dei
378 2729 407 2786 in
420 2729 591 2808 impiissimi
613 2735 757 2806 quaestus
775 2728 951 2788 servitutem
976 2745 1072 2786 coac-

140 2819 203 2872 tum
227 2817 284 2889 est,
306 2830 361 2890 per
381 2812 543 2890 impiorum
572 2812 729 2872 hominum
763 2811 924 2889 opiniones
953 2815 986 2869 et
1008 2816 1071 2868 tra·

140 2894 288 2972 ditiones,
320 2895 370 2972 qui
399 2895 514 2956 omisso
548 2894 642 2954 verbo
676 2895 732 2954 Dei
766 2895 813 2953 sui
846 2893 947 2954 cordis
975 2891 1071 2952 uobis

141 2978 346 3058 cogitationes
380 2984 621 3059 proposuerunt,
659 2984 691 3038 et
727 2976 831 3038 orbem
865 2976 1069 3036 seduxerunt.

141 3061 222 3136 Quid
244 3061 315 3121 mihi
339 3062 377 3120 dc
399 3060 590 3121 multitudine
612 3066 643 3120 et
656 3061 865 3140 magnitudine
879 3058 1070 3120 errantium?

139 3145 247 3205 fortior
269 3145 406 3204 omniurn
428 3152 473 3204 est
496 3145 618 3206 veritas.
667 3143 699 3204 Si
727 3140 815 3224 potes
838 3141 990 3202 Christum
1014 3161 1068 3202 ue·

140 3247 223 3309 gare,
246 3229 297 3308 qui
316 3227 415 3304 docet,
437 3230 561 3288 missam
584 3246 652 3288 esse
674 3233 889 3288 testamentum
912 3233 943 3286 ct
963 3244 1070 3285 sacra·

141 3316 287 3392 mentum,
310 3311 382 3371 volo
404 3311 473 3370 iilos
497 3310 669 3371 iustificare.
714 3308 842 3390 Deinde,
864 3311 888 3368 si
912 3316 1000 3388 potes
1025 3309 1070 3368 di-

42 3421 52 3438 *
142 3414 211 3455 ecre
232 3415 301 3455 eum
323 3395 425 3453 facere
446 3412 524 3473 opus
540 3393 664 3468 bonum,
686 3395 738 3473 qui
759 3395 868 3473 recipit
882 3391 1068 3452 beneficium

141 3478 326 3554 testamenti,
348 3484 401 3538 eut
425 3478 516 3536 utitur
536 3479 566 3536 in
590 3477 649 3536 boc
668 3479 768 3556 ipsum
790 3483 983 3537 sacramento
996 3492 1069 3554 pro·

143 3562 313 3640 missionis,
342 3559 413 3620 volo
443 3578 511 3620 mea
538 3561 635 3619 libens
665 3561 820 3623 damnare.
864 3559 939 3619 Oum
962 3567 1069 3618 autem

143 3654 283 3710 neutrum
305 3645 423 3725 possis,
452 3643 523 3722 quid
546 3643 681 3720 dubitas,
710 3650 886 3723 contempta
916 3641 1005 3704 turba
1026 3644 1069 3704 ad
