2250 4008
335 197 461 253 Rationis
481 199 662 255 Latomianae
680 202 730 252 etc.
914 193 976 259 495

51 351 119 413 Sed
142 354 341 435 superficialis
368 354 420 415 ille
443 361 488 414 est
516 373 640 432 sensus,
674 353 747 412 lolia
780 349 976 432 praescindit,

52 437 193 497 radicem
217 456 278 497 non
301 437 460 498 exscindit.
505 437 633 497 Etsicut
655 435 821 496 similitudo
843 435 935 494 habet
958 455 977 494 a

52 519 187 580 Latomo
216 521 354 597 inducta,
391 521 497 580 similis
530 528 576 578 est
606 522 663 579 iste
700 519 807 579 modus
841 517 977 594 curandi,
1003 513 1009 554 ’·

51 598 185 663 radendi
208 604 351 686 capillos,
385 603 435 664 ubi
464 604 564 663 denuo
587 609 798 663 renascuntur.
841 601 909 661 Non
933 603 977 661 sic

51 685 172 746 donum
186 686 253 765 Dei,
275 687 357 766 quod
379 685 497 748 radices
514 685 697 746 mortificare
711 686 841 761 laborat,
864 695 893 744 et
915 703 975 744 non

51 779 161 849 actus,
191 770 244 829 sed
266 772 364 850 ipsam
389 790 551 851 personam
575 780 694 850 purgat,
719 777 750 828 ut
773 769 904 828 venialia
926 768 977 826 illa

52 861 182 912 cessent
217 861 378 913 aut-certe
408 856 506 913 miuus
529 851 686 934 pullulent.
733 852 855 912 Frustra
877 851 978 910 venia·

52 935 137 994 libus
162 937 286 1016 resistis,
309 938 366 996 nisi
382 947 543 1016 peccatum
566 935 640 995 illud
664 936 775 996 fomitis
789 937 978 1014 exstinguas,

52 1021 141 1078 unde
162 1018 216 1078 illa
238 1018 398 1098 pullulant.
440 1019 604 1080 Peccatum
635 1037 756 1100 semper
778 1019 977 1097 concupiscit,

50 1102 113 1161 sed
137 1103 405 1183 concupiscentiae
421 1104 485 1163 eius
502 1105 627 1180 resistis,
651 1104 675 1160 si
695 1121 757 1162 non
781 1110 896 1161 tantum
916 1119 978 1160 mo-

51 1185 140 1245 tibus
163 1187 228 1245 eius
249 1187 375 1262 resistis,
398 1186 451 1245 sed
474 1189 572 1266 ipsum
596 1204 718 1265 quoque
743 1185 871 1266 iugulas,
895 1185 977 1264 quod

52 1269 89 1326 lit
115 1268 305 1348 pardonum
334 1268 405 1329 fidei
440 1269 665 1344 mortificantis,
696 1269 914 1348 crucifigentis,
949 1275 980 1326 et

51 1351 253 1430 passionibus
277 1353 367 1412 variis
395 1353 567 1412 exercentis
592 1362 725 1412 veterem
747 1354 837 1411 istum
861 1353 979 1431 peccati

52 1436 226 1513 homiuem,
249 1443 282 1494 ut
302 1437 471 1516 Apostolus
494 1443 594 1495 vocat.
637 1435 705 1495 Huc
726 1434 854 1513 quadrat
877 1443 907 1493 et
928 1433 980 1494 illa

51 1517 167 1597 ligura,
190 1536 281 1598 quam
302 1537 395 1598 supra
416 1521 515 1600 posui,
538 1517 620 1598 quod
642 1517 696 1578 lilii
718 1517 812 1578 lsrael
834 1536 979 1597 possessa

54 1609 142 1660 terra
164 1601 289 1662 Oanaan
314 1603 456 1680 reliquias
480 1604 728 1678 Amorraeorum,
750 1600 978 1674 lebusaeorum,

53 1685 295 1744 Canauaeorum
324 1704 384 1745 uon
408 1686 595 1746 deleverunt.
645 1685 713 1744 Nou
743 1694 829 1743 erant
857 1685 979 1744 alterius

54 1773 188 1826 naturae
224 1767 370 1848 reliquiae
398 1771 489 1842 istae,
523 1787 614 1848 quam
648 1770 734 1848 ipsae
767 1777 885 1848 gentes.
939 1767 981 1826 At

54 1852 156 1909 nostri
178 1851 227 1909 isti
249 1851 454 1911 infirmitatem
478 1859 507 1911 et
520 1870 654 1932 poenam
670 1852 762 1910 etiarn
780 1869 840 1910 non
857 1851 979 1929 malam,

54 1939 120 1993 imo
144 1934 248 1992 utilem
271 1934 479 1994 atterendam
503 1935 631 2012 docent,
659 1937 746 2014 quasi
773 1953 836 1994 nou
866 1936 904 1993 sit
926 1953 979 1992 ex·

56 2015 231 2098 purganda.

144 2099 305 2160 Oonclndo
336 2118 432 2182 ergo,
464 2101 586 2180 quando
609 2100 721 2161 Paulus
744 2101 832 2165 Rom.
855 2101 883 2164 6.
914 2119 983 2181 pec·

55 2193 163 2242 catum
187 2184 358 2244 inmortali
382 2201 527 2264 corpore,
550 2189 710 2263 peccatum
737 2203 798 2245 non
823 2185 984 2260 dominari,

56 2283 174 2346 corpus
197 2270 316 2345 peccati
341 2267 470 2344 destrui,
510 2267 598 2326 Rom.
622 2269 650 2330 8.
674 2267 783 2348 alege
813 2269 930 2349 peccati
955 2267 985 2325 li·
1040 2277 1043 2284 '

57 2351 172 2426 bereri,
196 2351 284 2409 Rom.
305 2353 334 2413 7.
356 2357 519 2434 peccatum
542 2352 672 2430 operari,
694 2360 855 2430 peccatum
877 2369 985 2431 repug-

57 2451 154 2510 nare,
195 2439 355 2512 peccatum
393 2436 572 2515 captivare,
615 2435 729 2494 servire
771 2435 831 2515 legi
854 2436 984 2514 peccati,

59 2522 89 2579 l.
115 2516 254 2577 Corinth.
277 2520 305 2578 7.
327 2518 590 2598 incontinentiam,
616 2522 640 2579 1.
658 2516 728 2578 (lor.
752 2521 780 2581 5.
803 2521 983 2578 fermentum

58 2607 151 2658 vetus
174 2600 308 2659 malitiae
331 2606 362 2659 et
385 2601 556 2680 nequitiae,
588 2600 701 2681 Ephes.
723 2603 751 2663 4.
776 2611 908 2662 veterem
932 2600 985 2661 ho·

59 2685 188 2760 minem,
200 2682 321 2744 coloss.
333 2685 363 2747 3.
374 2684 461 2761 iram,
473 2683 638 2762 libidinem,
651 2687 821 2764 avaritiam,
831 2683 922 2745 Hebr.
937 2687 985 2747 la.

59 2769 266 2826 circumstans
287 2774 466 2845 peccatum,
499 2761 630 2827 brevitei
658 2786 807 2846 nusquam
831 2787 893 2828 non
915 2786 985 2848 pec-

59 2851 124 2909 cati
148 2859 179 2908 et
200 2849 262 2908 vitii
285 2851 409 2910 nomine
424 2850 568 2931 appellet,
591 2859 683 2931 atque
705 2853 730 2910 si
751 2851 845 2912 semel
869 2859 986 2911 tantum

60 2932 253 3013 appellasset
287 2941 469 3013 peccatum,
507 2935 582 2994 nulli
613 2936 792 3014 angelorum
833 2935 984 2995 cederem.

61 3017 155 3076 Nunc
178 3033 247 3077 cum
270 3023 317 3076 tot
338 3017 414 3076 locis
450 3018 529 3076 idem
559 3027 735 3078 constanter
759 3027 896 3096 asserat,
935 3021 985 3098 qui

62 3108 137 3160 suut
158 3097 201 3160 illi
223 3099 375 3175 homines,
397 3107 430 3159 ut
443 3119 548 3160 eorum
561 3101 682 3182 glossas
695 3103 725 3162 in
740 3110 867 3180 textum,
891 3103 986 3160 erasis

63 3185 152 3243 Pauli
174 3183 286 3260 verbis,
309 3201 358 3242 me
374 3191 490 3264 cogant
511 3185 681 3264 reponere?
703 3185 783 3245 Nolo
798 3203 902 3247 eorum
918 3204 985 3244 sen-

65 3268 201 3344 tentias,
230 3275 390 3346 peccatum
412 3272 514 3327 inesse
536 3266 625 3327 nobis
648 3268 717 3328 dico
740 3275 771 3328 et
791 3272 821 3329 in
845 3267 986 3328 omuibus

65 3349 212 3431 operibus
236 3351 348 3410 uostris
371 3369 439 3410 cum
471 3351 598 3430 fiducia,
632 3352 776 3432 quamdiu
798 3353 848 3412 hic
870 3369 985 3411 sumus.

67 3435 98 3494 Si
122 3451 198 3512 ergo
223 3431 429 3494 Lovanienses
453 3437 511 3493 mei
523 3453 572 3495 me
584 3443 655 3494 ante
677 3435 845 3515 audissent,
868 3443 897 3494 et
919 3433 987 3514 plns

68 3522 98 3577 in
124 3517 217 3578 verba
237 3517 295 3576 Dei
317 3535 409 3596 qnam
448 3518 604 3578 hominum
626 3520 842 3596 intendissent,
881 3519 985 3596 utique

70 3605 227 3663 veritatem
250 3601 353 3682 purius
378 3604 607 3683 cognovissent,
630 3621 708 3682 quae
730 3621 784 3662 eos
807 3609 909 3662 atam
932 3602 986 3659 irn-

69 3689 151 3749 mani
176 3688 380 3768 blasphemia,
401 3687 582 3766 sacrilegio,
606 3687 742 3765 crimine,
765 3685 879 3746 scelere
901 3703 986 3766 prae·
