2252 4006
290 188 425 248 librorum
442 139 514 246 inda
529 189 656 249 naono
673 194 726 245 etc.
909 181 972 254 269
1037 279 1045 302 ι
1118 151 1119 158 ¹

47 348 83 404 nt
104 345 297 489 gesetipsam
319 347 350 408 in
372 345 481 408 eodem
502 346 626 409 nomine
640 344 825 406 citrameam
845 363 970 424 operem

47 445 104 506 per
129 445 200 490 cra.
558 475 560 484 r

134 510 258 572 Interim
282 512 372 574 etism
395 511 467 571 solo
495 529 603 572 omnes
625 508 787 588 articulos,
816 529 871 591 per
900 512 973 574 snti-
1049 549 1051 556 ι
1118 527 1119 554 ³

47 591 157 654 christi
180 594 324 662 nuncium
353 595 414 657 iam
442 613 482 654 ex
509 593 609 654 Roma
635 594 665 652 in
697 591 785 656 Balla
805 594 976 655 novissime
1091 631 1096 638 -

46 675 218 738 damnatos
231 684 262 736 et
275 683 410 754 exustos,
421 684 455 736 ut
465 675 654 740 Christianos
676 685 707 736 et
721 694 811 736 seros
832 676 976 756 amplecti

46 767 78 818 et
101 777 229 820 servare
250 766 282 820 et
304 761 435 820 vicissim
460 759 586 822 totidem
608 758 752 820 articulos
764 777 864 838 pepee
876 761 971 839 impu·

46 849 127 919 tare,
151 852 185 904 ut
207 841 454 904 antichristianos
478 851 507 902 et
528 843 649 922 impios,
674 849 748 920 quot
768 861 904 904 meorum
927 863 971 904 ar·

46 924 215 986 ticulorom
238 925 372 986 damnati
393 934 473 989 sunt.
515 923 593 988 Nam
621 925 646 984 si
667 923 781 988 sudent
808 943 895 988 meos
922 945 973 986 ar-

47 1007 164 1068 ticulos
186 1007 375 1084 comburere,
397 1011 427 1068 in
452 1008 561 1087 quibus
582 1008 651 1088 plus
664 1006 825 1088 Evangelii
839 1017 871 1068 et
882 1027 973 1069 verse

46 1089 229 1172 theologiae
251 1098 308 1174 est,
331 1091 360 1150 id
383 1091 465 1170 quod
487 1093 553 1151 sine
575 1091 719 1151 iactantia
741 1093 868 1151 et'cum
900 1095 971 1152 veri·

47 1179 114 1233 tate
146 1175 249 1235 dicere
281 1180 312 1234 et
334 1175 466 1254 probere
486 1193 629 1254 possum,
663 1191 753 1251 quem
777 1173 809 1234 in
832 1175 972 1236 omnibns

47 1275 154 1335 pspae
177 1257 275 1334 libris,
307 1259 402 1318 multo
425 1258 541 1318 maiore
573 1259 680 1316 merito
703 1264 733 1316 et
765 1259 829 1316 iure
862 1260 972 1337 impios

48 1357 160 1400 eorum
184 1339 277 1401 libros
300 1341 372 1399 iuris
395 1358 502 1414 exuro,
523 1341 554 1399 in
577 1337 774 1419 quibusnihil
797 1338 868 1400 boni
886 1343 974 1400 inest.

48 1421 144 1498 Quod
168 1424 193 1482 si
216 1425 245 1482 in
268 1423 325 1483 illis
348 1424 439 1484 etiam
470 1423 585 1502 aliquid
609 1421 679 1484 boni
708 1421 841 1506 essetl),
874 1433 905 1486 ut
936 1423 973 1483 de

49 1505 191 1566 Decretis
209 1507 295 1566 interi
316 1525 422 1584 cogor,
446 1513 541 1571 totum
564 1513 666 1566 tamen
687 1524 727 1566 eo
745 1505 895 1569 detortum
917 1516 975 1586 est,

49 1598 81 1648 ut
104 1596 220 1650 noceat
240 1597 271 1648 et
293 1609 404 1669 papam
433 1591 462 1649 in
486 1607 543 1650 sna
568 1587 798 1650 antichristianis
823 1598 853 1648 et
880 1591 973 1670 impie

49 1672 215 1752 tyrannide
237 1671 404 1738 confirmet,
447 1671 573 1751 Omitto,
595 1672 677 1751 quod
699 1672 886 1732 nihileorum
900 1692 973 1752 pree

50 1755 148 1814 nimie
177 1754 335 1836 diligentie
367 1754 555 1835 observetur,
588 1755 644 1815 nisi
679 1755 760 1833 quod
799 1756 910 1816 melum
945 1765 975 1815 et

50 1840 180 1898 noxium
202 1846 249 1898 est
272 1856 421 1903 servasse.

135 1920 205 2001 Ego
237 1921 400 2000 unicuique
434 1920 561 1981 libenter
581 1941 667 1980 suum
691 1922 877 2001 permiserim
901 1920 975 1980 iudi·
1062 1923 1064 1928 ’

51 2007 144 2079 cium,
167 2023 239 2064 nem
262 2023 310 2064 me
332 2004 392 2065 boc
418 2011 521 2065 movet
546 2006 755 2084 potissimum,
782 2002 864 2084 quod
892 2023 975 2084 papa

51 2106 221 2167 nunquam,
242 2107 281 2148 ne
303 2086 399 2147 semel
422 2087 559 2166 quidem,
582 2105 764 2166 quemqnam
793 2089 900 2148 vicerit
926 2088 973 2147 vel

53 2169 212 2250 Scriptura
244 2169 291 2230 vel
321 2172 450 2245 ratione,
484 2171 534 2248 qni
566 2179 673 2230 contra
705 2173 804 2250 ipsum
839 2172 975 2248 dixisset,

53 2255 238 2334 scripsisset,
261 2253 309 2314 vel
331 2254 463 2328 lecisset,
485 2253 539 2314 sed
562 2271 683 2334 semper
704 2254 744 2329 vi,
767 2256 974 2314 excommuni-

54 2339 195 2412 catione,
232 2355 286 2417 per
309 2355 413 2416 reges,
444 2338 597 2416 principes
625 2343 655 2397 et
676 2335 808 2416 reliquos
829 2337 974 2413 fautores,

55 2427 106 2480 sut
128 2439 184 2500 per
207 2419 296 2480 dolos
319 2419 417 2481 malos
440 2427 470 2479 et
491 2419 569 2480 falsa
590 2417 683 2480 verbe
705 2421 900 2500 oppresserit,
918 2422 975 2481 eie·

56 2505 141 2582 cerit,
165 2502 376 2578 combusserit,
399 2502 446 2562 vel
470 2503 583 2581 alioqui
611 2503 766 2564 occiderit.
811 2503 903 2564 Cuius
931 2505 973 2564 rei

57 2605 123 2646 eum
153 2605 278 2666 possum
303 2584 430 2646 testibus
453 2585 593 2646 omnibus
615 2585 748 2647 historiis
781 2590 974 2648 convincere.

56 2669 166 2747 quue
197 2671 321 2728 nomine
344 2687 496 2748 nunqnam
520 2670 614 2729 voluit
641 2687 740 2748 neque
760 2670 903 2730 iudicium
926 2689 976 2731 ne-

58 2771 114 2830 que
138 2753 319 2812 sententiam
343 2753 422 2832 pnti,
458 2771 579 2831 semper
605 2773 696 2812 ansus
720 2754 919 2832 praetendere
946 2763 976 2814 et

59 2835 252 2916 obstrepere,
282 2853 316 2895 se
338 2853 405 2896 esse
427 2837 614 2916 superiorem
642 2836 782 2896 omnibus
804 2836 976 2918 Scripturis,

58 2918 174 2979 iudiciis
196 2926 227 2978 et
247 2919 460 2999 potestatibus.

140 3001 235 3062 Porro
271 3002 459 3062 verissimum
492 3009 547 3075 est,
580 3003 737 3062 veritatem
770 3009 800 3062 et
831 3004 974 3064 iustitiam

61 3105 118 3146 non
143 3085 241 3146 vereri
263 3084 417 3160 iudicium,
437 3087 499 3146 imo
523 3084 593 3143 nibil
617 3084 841 3145 heberecerius
862 3087 974 3146 indicio

60 3175 87 3227 et
107 3168 193 3245 luce,
215 3178 249 3228 ut
269 3170 492 3248 permittentem
515 3187 548 3228 ae
577 3168 706 3228 libenter
726 3169 835 3248 inspici
857 3178 888 3228 et
909 3187 976 3247 pro·

61 3250 132 3313 bari.
176 3250 318 3331 Apostoli
338 3251 417 3312 enim
441 3249 594 3332 dabant2)
608 3250 750 3312 iudicium
763 3253 975 3328 inimicissuis,

64 3335 127 3395 Act.
155 3336 184 3398 4.
208 3334 358 3395 dicentes:
385 3333 416 3396 Si
444 3337 554 3394 iustum
581 3342 628 3394 est
655 3335 685 3392 in
709 3343 875 3416 conspectu
908 3334 975 3412 Dei,

63 3432 114 3478 ros
138 3417 239 3498 potins
261 3417 366 3478 audire
388 3436 478 3497 quam
502 3418 610 3494 Deum,
632 3417 780 3494 iudicate3
808 3425 869 3478 tam
893 3423 976 3478 certa

114 3685 144 3758 1)
165 3683 195 3740 In
214 3685 256 3740 sd.
274 3685 350 3742 lem:
369 3687 481 3740 inesset.
517 3683 549 3746 2)
570 3682 653 3738 ibid:
673 3682 875 3754 permittebant.
