2252 4006
143 173 205 240 258
390 175 482 242 Quare
502 175 641 244 pontificis
664 175 744 230 ltom.
763 175 825 229 libri

144 349 214 392 nam
237 330 298 390 divi
320 329 415 406 Pauli,
437 329 529 408 libros
551 348 607 411 pro
620 331 755 410 quinque
777 329 912 390 millibus
928 328 1058 391 manno

148 433 213 473 rum
236 431 304 473 csse
326 421 548 477 concrematos.

206 495 358 572 Secundo,
371 496 635 574 utunquesit,sum
645 503 747 555 tamen
758 495 929 577 baptizatus
940 495 970 567 ¹)
984 495 1058 555 chri-

145 579 271 654 stianus,
295 587 386 657 atque
408 579 486 638 adeo
509 581 622 638 iuratus
635 597 740 638 sacrae
753 577 1059 658 ScripturacDoctor,

144 662 197 721 sed
221 671 251 722 ct
271 661 465 740 quotidianus
487 662 698 737 concionator,
717 663 764 721 cui
776 680 831 741 pro
844 663 982 736 nominc,
996 679 1058 722 con-

145 745 269 816 ditione
292 744 486 808 iureiurando
505 754 534 804 et
555 743 656 805 cilicio
679 763 735 805 suo
750 745 924 822 conveniat7
947 763 1059 824 perver-

144 847 204 903 sas,
227 827 330 904 falsas,
352 827 541 887 seductorias
564 835 593 886 et
622 829 730 907 impias
753 827 908 888 doctrinas
930 827 1059 906 abolere,

146 911 193 970 vel
214 910 322 971 saltem
345 912 502 990 impedire.
546 911 583 970 nt
604 912 742 990 quamvis
765 910 860 970 multo
883 909 988 990 plures
1017 911 1060 969 iis-

144 993 213 1054 dem
243 991 351 1076 sunt²)
386 993 522 1054 obstricti
556 993 754 1072 munitium),
790 992 901 1054 codem
932 993 1059 1053 devincti

145 1075 259 1153 cilicio,
281 1079 331 1156 qai
355 1077 508 1138 tamarid
531 1079 629 1156 ipsum
653 1076 702 1136 vel
718 1075 823 1156 namt
847 1075 894 1136 til
910 1085 1062 1172 nequeant

146 1157 248 1218 taces
269 1167 300 1218 er
321 1165 485 1240 praesare,
508 1157 645 1219 sorana
667 1153 707 1218 ut
730 1143 911 1239 imperiumn
932 1156 988 1220 ‘aut
1008 1154 1058 1218 hu-

145 1260 265 1304 manam
295 1241 487 1303 formidinem
508 1249 539 1302 at
562 1250 690 1316 messui,
719 1244 821 1302 lamen
844 1251 904 1321 ega
926 1253 967 1302 tto
996 1244 1059 1322 ipati

147 1313 241 1384 nihilo
272 1321 368 1406 sim⁴¹)
393 1326 582 1399 excusatior,
618 1326 642 1383 si
678 1343 745 1384 mea
772 1327 961 1385 conscientia
990 1326 1056 1384 satis

145 1409 183 1467 sit
204 1410 350 1467 instructa
378 1412 408 1466 at
429 1425 515 1466 meus
544 1407 667 1466 crimus
686 1401 743 1468 [lei
764 1407 864 1487 gratiis
880 1409 956 1467 satis
979 1405 1057 1468 lorti-

146 1498 191 1550 ter
205 1492 367 1572 excitatus,
389 1491 557 1570 cuiuspiam
571 1492 714 1570 exemplo
735 1490 890 1572 retinerii)
905 1491 1057 1551 sustineat.

226 1574 340 1648 Tertio,
361 1591 462 1652 nemra
482 1581 583 1634 mn
607 1574 667 1634 hoo
686 1575 790 1654 operis
803 1583 938 1634 cormac
953 1580 1056 1652 cmo,

147 1646 206 1717 ni'si
228 1664 372 1736 expertus
395 1656 537 1718 vidissem
560 1676 670 1738 papam
694 1666 724 1716 et
745 1656 921 1738 pontificios
942 1675 1056 1736 corrup·

133 1746 228 1800 tores
251 1747 282 1800 et
314 1739 491 1800 seductores
526 1746 586 1798 nori
609 1730 708 1800 ‘scium
731 1743 833 1800 errarc‘
854 1741 885 1799 ei
907 1739 1055 1815 seducere,

145 1823 200 1882 scd
222 1825 312 1884 ctiam
347 1841 402 1883 eos
423 1829 494 1903 post
518 1822 627 1882 multas
659 1825 874 1883 instructiones
896 1842 916 1882 a
938 1842 986 1882 me
1005 1823 1055 1882 iru-

145 1915 209 1966 stra
230 1906 327 1966 iactas
349 1908 379 1965 in
403 1907 465 1966 suis
494 1903 594 1986 impiis
617 1906 769 1966 erroribus
792 1915 821 1966 ct
844 1905 1056 1986 perditionibus

145 1991 313 2050 animarum
329 1988 407 2050 adeo
422 2008 544 2068 prorsus
565 1988 723 2050 induratos
740 1989 1056 2069 etobstupeiactosil,

144 2082 259 2133 utnon
283 2072 380 2133 solum
404 2091 463 2132 uon
497 2073 649 2152 patiantur
678 2071 764 2149 voli)
789 2073 857 2132 duci
879 2072 928 2132 vel
952 2072 1057 2150 doceri,

145 2155 198 2236 scd
222 2156 312 2216 ctiam
336 2172 446 2216 caecos
469 2155 616 2216 obturatis
644 2155 768 2215 auribus
789 2167 819 2216 ct
846 2156 943 2218 oculis
971 2175 1056 2216 cvan-

145 2239 274 2318 gelicam
299 2234 467 2298 doctrinam
491 2237 695 2318 condemnare
718 2246 748 2296 et
766 2257 904 2314 exurere,
925 2238 1054 2299 adanam

144 2321 403 2381 antichristianum
439 2327 470 2380 ct
505 2321 684 2380 diabolicam
719 2322 919 2382 eruditionem
957 2320 1055 2382 confir

146 2403 287 2464 mandam
301 2406 344 2464 ct
362 2403 654 2480 conscrvscdam.⁸)

228 2486 344 2562 Quarto
377 2505 434 2546 nst·
468 2487 559 2546 credo
593 2503 648 2546 eos
687 2487 863 2547 mendcium
899 2487 1011 2546 habere
1041 2504 1055 2546 a

144 2569 247 2631 Leone
269 2569 304 2632 X.
328 2568 475 2630 Pontiiice
499 2569 648 2644 Romano,
666 2579 810 2648 qnantum
839 2582 892 2649 per
915 2573 982 2630 eins
1004 2577 1056 2630 stat

144 2668 325 2733 porsonam,
358 2654 415 2712 nisi
450 2669 539 2712 secus
571 2651 749 2732 intelligam.
792 2652 848 2712 (lui
881 2654 973 2713 mum
1005 2652 1056 2733 ipsi

145 2755 247 2816 sparo,
270 2755 288 2794 a
309 2754 359 2794 me
386 2735 565 2796 combustos
587 2733 695 2809 libros,
730 2749 911 2814 quanquam
933 2737 974 2796 ab
999 2739 1055 2796 cius

146 2817 434 2899 praedecessoribus
456 2817 616 2898 conditos,
638 2834 704 2878 noa
723 2819 862 2898 placeres
883 2819 1011 2898 quodsi
1032 2820 1054 2878 ei

145 2903 237 2962 stiam
269 2900 426 2981 placeant,
456 2902 528 2961 nibil
556 2899 616 2960 hoc
638 2917 708 2960 maa
728 2902 872 2963 retuletiu.
917 2901 964 2961 dd
988 2901 1055 2961 lracc

145 2985 210 3045 scio
233 2985 324 3044 cartis
344 2985 405 3045 hcc
425 2985 544 3045 nunciis
566 2984 703 3063 edoctus,
727 2981 929 3044 Colodisdses
951 2989 982 3045 et
1007 2985 1055 3044 bo»

146 3068 306 3128 vanienses
328 3068 478 3128 iactantes
509 3087 576 3128 sese
599 3067 711 3128 habere
732 3066 903 3128 Caesareas
926 3068 1054 3128 Maionia

200 3381 228 3445 1)
240 3381 270 3431 ln
284 3380 394 3432 cdlcn.
410 3383 587 3448 :baptisatus
607 3379 640 3445 2)
657 3380 737 3435 ibid:
758 3381 821 3432 sint,
842 3379 874 3446 3)
896 3377 980 3435 ibid:
1000 3393 1052 3432 con-

147 3442 306 3505 ditionibus.
343 3449 375 3518 4)
389 3450 471 3503 ibid:
493 3469 562 3504 sum.
600 3453 631 3516 5)
644 3451 728 3504 Ibid.:
750 3468 780 3504 sc
794 3452 913 3504 retineri.
932 3453 965 3513 6)
979 3450 1050 3504 ibid:

148 3519 302 3572 fascinatos.
375 3523 406 3580 it
428 3521 548 3575 Ibidem:
575 3539 604 3574 ss
623 3523 675 3577 vel.
755 3523 783 3588 8)
804 3523 922 3576 Ibidem:
946 3522 980 3575 ad
997 3537 1051 3576 suas

148 3589 370 3642 antichristianos
392 3593 419 3644 st
437 3593 588 3646 diabolicas
614 3593 835 3648 abominationes
860 3587 1051 3646 confirmatrice

149 3661 175 3704 et
193 3662 404 3714 conservandas.
