2250 4008
318 151 443 208 Rationis
464 153 641 209 Latomianse
660 160 711 208 eto.
923 137 988 216 485

64 305 225 384 Alterum,
248 305 331 388 quod
354 306 454 368 verbis
476 307 536 370 iam
560 325 621 370 non
644 309 770 370 sinceris
791 327 850 370 nee
871 309 989 369 sineere

64 392 246 469 mysterium
275 390 355 452 istud
385 390 502 471 gratiae
532 399 562 452 et
589 393 705 472 peoeati
729 399 860 453 tractare
881 399 988 473 potue·

63 475 141 548 ritis,
166 473 275 535 deinde
292 482 355 535 'neo
376 473 561 554 intelligere,
584 475 706 536 tandem
731 495 788 536 neo
810 495 930 555 amare,
952 493 990 536 ao

64 558 112 618 sio
134 557 245 638 frigidi,
267 557 383 639 pallidi,
406 559 516 633 tristes,
535 577 644 638 segnes
667 559 698 619 in
721 559 812 620 laude
837 564 868 619 et
884 577 989 620 amore

64 641 122 701 Dei
146 641 218 702 faeti
240 641 321 702 estis.
366 639 541 702 Humanum
559 642 638 701 enim
662 642 787 702 verbum
811 641 916 703 divino
937 640 988 702 ad-

64 724 162 786 ditum
185 725 325 785 velamen
349 731 395 784 est
409 725 545 784 veritatis
560 743 664 805 purae,
686 725 760 802 imo,
779 732 812 785 nt
832 725 893 786 iam
915 725 989 802 dixi,

62 817 185 869 stereus
205 808 370 868 humanum
393 813 454 886 est,
488 826 549 888 quo
573 808 728 887 operitur,
763 809 841 868 siout
862 809 892 869 in
915 805 989 868 Eze-
1087 842 1091 852 x

62 891 165 952 ebiele
186 889 298 970 figurat
320 890 478 951 Dominus.
521 890 635 952 Manna
658 897 720 971 est,
752 890 835 971 qnod
862 892 891 952 in
915 911 991 952 urna

63 993 162 1035 anses
182 975 296 1035 servari
319 973 403 1051 velit,
426 992 487 1034 non
509 975 539 1033 in
556 973 696 1034 manibus
710 975 867 1036 hominum
882 975 990 1036 instari

62 1064 97 1118 et
121 1059 246 1118 versari.

69 1151 75 1162 “
152 1140 237 1217 Quis,
259 1141 493 1219 inquies,·ergo
518 1147 587 1200 tuus
611 1148 658 1200 est
679 1141 737 1200 iste
759 1138 891 1201 modus?
934 1139 990 1200 Re·

61 1225 178 1301 feram,
225 1223 281 1283 etsi
321 1224 474 1302 suspieer,
516 1222 603 1283 vobis
644 1223 747 1284 allium
787 1231 818 1284 et
849 1242 989 1304 pepones

61 1308 113 1368 Ae
136 1309 204 1388 ypti
225 1305 438 1367 anhelantibus
461 1315 491 1365 et
511 1306 690 1367 iamdudum
716 1312 862 1388 eorrnpto
884 1307 989 1388 palato

61 1327 149 1452 mabe
184 1389 366 1452 habentibus
396 1407 457 1448 non
493 1389 684 1469 placiturum.
736 1389 774 1452 At
809 1389 882 1450 mibi
916 1391 990 1450 satis

60 1474 173 1552 inerit,
202 1471 285 1553 quod
308 1472 466 1532 confutare
488 1491 556 1532 eom
581 1492 637 1533 vos
659 1493 721 1533 uon
743 1474 899 1554 poteritis,
935 1492 990 1534 vos

60 1564 169 1618 antem
192 1575 262 1618 reos
286 1574 380 1636 agere
401 1554 451 1615 ille
474 1557 580 1634 possit,
602 1557 652 1634 qui
676 1556 769 1618 verba
787 1557 844 1618 Dei
866 1561 988 1637 torque·

61 1641 125 1699 atis
147 1641 177 1700 in
199 1659 268 1700 enm
293 1657 432 1715 sensnm,
467 1657 557 1718 quem
586 1639 722 1699 in‘nnlto
755 1638 816 1701 alio
846 1639 915 1701 loeo
939 1639 990 1700 ba-

59 1721 149 1783 bent.
192 1723 226 1783 ld
247 1741 339 1802 quam
364 1723 402 1781 sit
430 1721 587 1800 indignum
612 1721 707 1783 audiri
738 1722 775 1782 de
797 1721 990 1800 Christianis,

62 1805 180 1867 nedum
203 1805 381 1884 Theologis,
405 1822 495 1864 nemo
519 1823 580 1864 non
604 1807 704 1866 sentit.

150 1887 306 1970 Soriptura
329 1887 432 1947 divina
454 1895 614 1966 peceatum
629 1896 767 1950 nostrum
782 1896 894 1949 tractet
916 1888 990 1949 duo-

61 1971 122 2034 bus
147 1972 263 2051 modis,
291 1965 353 2031 uno
376 1990 432 2050 per
451 1971 563 2050 Legem
589 1971 660 2048 Dei,
695 1971 792 2032 altero
814 1990 870 2051 per
890 1971 990 2032 Evan-

61 2055 180 2135 gelium
210 2055 282 2133 Dei,
312 2054 391 2113 haee
418 2061 489 2112 sunt
517 2053 577 2113 duo
600 2053 798 2116 Testamenta
820 2054 876 2114 Dei
909 2055 988 2115 ordi·

61 2144 141 2202 nata
162 2137 200 2199 ad
231 2139 359 2198 salutem
383 2143 534 2212 nostram,
569 2143 601 2197 ut
623 2157 641 2198 a
663 2143 792 2218 peoonto
815 2137 987 2199 liberemur.

61 2221 131 2282 Lex
153 2221 240 2282 aliter
261 2239 323 2281 non
348 2226 457 2280 traotat
490 2227 667 2301 pensatum,
702 2239 794 2301 quam
827 2229 859 2280 nt
886 2223 986 2301 ipsum

62 2304 199 2383 revelet,
231 2306 308 2365 sient
341 2302 413 2364 dieit
445 2301 557 2363 Paulus
591 2303 700 2366 Roma.
726 2307 761 2368 3:
795 2303 852 2364 Per
872 2303 985 2383 Legem

63 2388 204 2468 cognitio
231 2387 361 2469 peooati.
411 2384 498 2461 Quae
532 2387 670 2466 eognitio
707 2385 881 2462 dooebatlt
916 2387 989 2465 dno,

64 2471 297 2551 eorrnptionem
322 2475 449 2529 naturae
472 2477 502 2528 et
523 2471 598 2529 iram
614 2470 680 2530 Dei.
726 2470 772 2530 De
793 2471 895 2550 priore
918 2470 990 2530 dieit

64 2555 157 2615 Rom.
171 2557 206 2617 7:
227 2553 514 2632 Concupiscentiam
528 2553 703 2613 nesciebam
727 2571 796 2613 esse
818 2562 988 2632 peceatum,

64 2637 126 2698 nisi
148 2636 212 2698 Lex
234 2635 365 2697 diceret:
393 2634 461 2695 Non
486 2637 696 2715 eoncupisoes.
741 2636 818 2695 Nam
842 2637 987 2715 pruritum

64 2721 151 2780 illum
179 2720 302 2784 foedum
338 2725 445 2778 natura
480 2737 541 2779 nou
576 2718 654 2779 dixit
665 2717 695 2801 ²)
724 2726 902 2800 peecatum,
935 2720 988 2780 sed

65 2823 155 2863 usum
179 2805 243 2864 eius
266 2802 395 2878 malum,
428 2802 457 2861 io
482 2801 583 2862 alieno
608 2821 753 2881 corpore,
787 2811 819 2862 ut
841 2811 989 2884 stuprum,

66 2885 260 2965 adulterium,
283 2885 534 2961 iornioationem3
557 2885 598 2944 ita
617 2886 693 2944 irem
709 2893 740 2944 et
753 2887 911 2945 avaritiam
926 2905 987 2948 non

67 2969 203 3030 distabat
224 2976 400 3051 peeoatum,
423 2967 476 3026 sed
500 2985 586 3028 nsum
611 2969 686 3043 eins,
708 2971 737 3027 in
761 2968 850 3046 furto,
874 2968 988 3044 fraude,

68 3053 242 3126 maledieto,
266 3050 371 3130 oaede,
394 3050 489 3110 etsie
515 3051 552 3110 de
567 3052 644 3111 aliis.
687 3051 726 3110 ut
749 3051 829 3111 haud
851 3055 926 3129 seio,
950 3073 987 3112 an

66 3144 228 3217 peceatum
251 3137 281 3195 in
296 3133 458 3213 seripturis
477 3153 609 3212 unquam
624 3135 792 3213 aoeipistur
813 3155 868 3214 pro
892 3137 988 3215 operi-

68 3219 124 3278 bus
148 3219 217 3293 iltis,
242 3237 320 3298 quae
344 3235 400 3276 nos
424 3224 549 3296 peecata
574 3235 729 3277 vocamus.
760 3217 886 3278 Videtur
909 3218 987 3278 enim

68 3303 163 3362 ferme
194 3299 327 3362 radioale
355 3298 427 3359 illud
457 3300 635 3360 fermentum
669 3301 713 3358 sio
744 3318 872 3379 voeare,
905 3299 988 3380 qnod

68 3385 230 3446 fruetificat
253 3383 333 3444 mala
362 3401 457 3462 opera
485 3392 516 3443 et
546 3382 647 3442 verba.
691 3383 768 3443 Nam
799 3383 858 3443 hoo
880 3402 987 3464 peona·

69 3477 132 3529 tum
155 3469 276 3549 proprie
299 3465 415 3526 revelat
438 3465 519 3543 Lex,
544 3467 624 3545 prins
647 3468 835 3545 incognitum
858 3475 889 3526 et
911 3486 987 3527 mor·

155 3599 276 3605 ..mu-.-.n-
285 3597 384 3604 ----...-—-
397 3597 423 3603 -..
435 3597 476 3604 ..-

125 3669 157 3734 1)
179 3665 208 3720 ln
229 3665 272 3721 ed.
291 3663 368 3724 iem:
388 3665 476 3721 docet.
513 3665 546 3739 2)
568 3664 650 3722 Ibit:
670 3663 742 3723 dicit.
