2262 4006
317 164 456 220 Ambrosii
476 163 586 238 (lothar.
604 183 632 222 a.
652 167 730 224 lost.
926 165 987 232 371
1082 215 1090 222 .

60 325 989 408 tiona‚sedaampaeas‚lignsetlspideslleoungereetaqua

60 425 284 488 conspergere,
296 412 326 468 in
336 411 445 487 quibus
455 429 565 484 mures,
576 418 828 470 araneaeetaves
842 410 988 489 habitent,
1098 461 1103 471 ,

60 509 126 551 uon
139 493 288 568 Christus.
311 491 362 554 Sic
373 493 486 572 lignum
501 495 762 574 conseeratligns‚
770 494 848 572 lapis
862 493 988 575 lapides,

60 583 192 634 truncus
200 583 334 652 truncos,
343 576 536 636 simulacrum
546 576 718 653 simulacra,
732 576 947 650 idolumidots,
957 585 989 637 ut

60 658 201 717 babeant
222 659 337 718 similes
361 659 445 718 lab‘ra
468 660 612 720 laetueas.
656 659 694 719 m
717 663 863 720 tamenin
884 661 920 720 iis
936 661 987 720 do-

59 741 183 815 cendis,
206 742 364 802 servandis
388 750 417 800 et
441 743 599 818 ornandis,
621 743 705 802 Deus
728 743 819 819 bone,
842 754 986 823 quantum

60 831 110 882 est
134 825 238 903 legum
261 833 292 885 et
313 827 496 905 glossarum,
512 827 617 904 quanti
640 826 782 905 scrupuli,
806 829 909 905 quanti
933 827 987 888 Ga·

58 925 125 982 sus,
151 915 284 986 quantae
307 909 514 989 poenitentiae
535 917 566 968 et
578 909 826 970 satisfactiones?
849 910 987 970 bitsanc-

58 991 200 1050 tissimus
237 991 287 1050 ille
323 995 433 1072 quam*
456 992 578 1051 difficile
611 994 734 1051 remittit
767 994 824 1052 ista
860 1003 990 1072 peecata

58 1073 182 1149 fictitia,
212 1091 336 1154 prorsus
367 1091 428 1134 non
462 1077 520 1134 nisi
554 1094 609 1153 pro
642 1076 784 1154 pecunia,
816 1083 846 1135 et
869 1077 985 1135 interim

59 1155 217 1216 adulteria
245 1165 276 1217 ct
301 1159 466 1236 impiisima
493 1159 611 1217 scelera
633 1158 741 1217 fovens
764 1160 866 1220 etiam.
912 1157 984 1218 Rur-

59 1259 125 1316 sus,
151 1238 312 1320 quantisl)
342 1240 537 1320 indulgentiis
560 1241 615 1299 has
637 1241 767 1300 iustitias
790 1241 985 1300 remunerat?

58 1330 90 1384 et
115 1326 238 1401 merito,
261 1324 371 1383 talibus
394 1326 474 1383 enim
496 1324 727 1383 remissionibus
751 1326 827 1384 tales
845 1333 987 1403 peecato-

59 1425 109 1466 res
135 1405 272 1466 donandi
294 1415 325 1466 et
348 1406 458 1467 talibus
475 1409 622 1486 praemiis
645 1407 721 1466 tales
744 1408 814 1467 lusti
838 1425 986 1467 coronan-

59 1489 89 1549 di
113 1500 198 1567 sunt,
220 1499 253 1551 ut
273 1496 335 1550 tam
361 1508 450 1549 veras
472 1491 533 1549 sint
563 1491 770 1569 indulgentias
804 1497 835 1550 et
865 1489 987 1550 absolu·

59 1575 175 1648 tiones,
198 1591 288 1651 quam
313 1591 386 1631 vera
406 1580 477 1632 sunt
497 1581 627 1653 peecata
649 1583 679 1632 et
700 1573 841 1635 iustitiae.
865 1573 892 1635 0
914 1574 986 1634 abo·

61 1656 242 1716 minandam
265 1656 536 1718 abominationem.

147 1739 200 1800 cto
221 1738 358 1799 Christus
380 1738 454 1799 nihil
478 1738 622 1798 discrevit
648 1741 677 1798 in
708 1737 783 1798 olbis
814 1747 844 1798 et
867 1739 985 1814 diebus,

62 1829 94 1882 ut
117 1821 290 1903 Apostolus
313 1822 414 1882 multis
436 1822 512 1882 loeis
535 1821 641 1899 doeet3
673 1840 731 1880 nee
764 1823 860 1882 voluit
892 1824 922 1881 in
946 1824 988 1880 ul-

61 1907 120 1965 lius
149 1906 226 1982 cibi,
260 1911 312 1965 aut
332 1905 393 1964 diei
416 1925 472 1964 usu
500 1914 661 1985 paccatum
689 1904 754 1964 fleri
776 1923 887 1984 posse,
923 1923 984 1965 non
1046 1915 1050 1924 “

62 1990 143 2048 enim
169 2007 252 2068 usus,
275 1989 328 2048 scd
352 1989 602 2068 concupiscentia
626 1990 682 2047 eibi
704 1989 735 2046 in
747 1987 918 2067 Evangelio
941 2009 985 2047 re-

61 2073 221 2151 probatur.
263 2075 304 2132 At
326 2073 534 2132 sanctissimus
557 2071 667 2130 Christi
697 2072 899 2149 adversarius,
913 2090 984 2130 eon·

62 2157 256 2236 cupiscentia
274 2154 347 2214 nibil
370 2161 486 2232 curas,
512 2175 597 2214 usum
622 2156 768 2226 earnium,
792 2155 891 2233 laetis,
912 2173 984 2214 ove-

62 2258 139 2317 rum‚
164 2238 264 2318 butyri
285 2247 315 2298 et
336 2239 477 2298 similium
501 2258 555 2317 per
577 2238 842 2318 quadragesimam
869 2246 899 2297 et
919 2239 984 2298 dias

61 2322 244 2382 ieiuniorum
267 2321 409 2401 probibet
430 2323 592 2381 autoritate
614 2321 726 2400 dimna,
761 2339 815 2384 seu
852 2322 907 2380 sub
932 2341 983 2381 no·

64 2405 144 2465 mine
169 2405 235 2482 Dei,
258 2405 382 2464 stultum
406 2406 559 2480 ieiunium,
582 2423 642 2463 non
666 2406 695 2463 in
719 2404 892 2464 cohibenda
914 2423 984 2464 eon-

63 2490 268 2568 cupiscentia,
290 2486 343 2547 sad
365 2490 393 2546 io
418 2487 589 2556 cohibendo
613 2507 668 2546 usu
696 2490 895 2549 constituens.
921 2488 984 2547 Sio-

64 2581 95 2630 ut
127 2571 167 2631 de
197 2591 235 2632 eo
262 2570 798 2652 prophetavitPaulus‚l.Tim.1l:
822 2570 985 2631 Prohiben-

65 2657 136 2714 tlum
163 2654 277 2714 nubere
300 2662 332 2714 et
353 2655 506 2714 abstinere
529 2675 547 2713 a
569 2654 654 2724 cibis„
687 2671 765 2733 ques
794 2654 878 2713 Deus
901 2673 982 2715 orea-

66 2739 105 2797 rit
125 2739 166 2797 ad
189 2737 417 2818 percipiendum
441 2757 509 2797 eum
533 2740 696 2816 gratiarum
719 2739 852 2798 achone.
887 2737 985 2817 Igitur

66 2830 94 2880 et
115 2822 166 2881 bie
186 2830 315 2902 peccata
336 2821 416 2880 laeta
438 2829 509 2880 sunt
530 2821 653 2880 arbitrio
668 2821 798 2880 hominis
817 2822 985 2902 istiuspec·

66 2907 133 2983 cati,
158 2906 208 2964 ubi
230 2904 406 2964 naturaliter
428 2904 542 2966 nullum
572 2911 731 2983 peecatum
755 2910 811 2964 est.
855 2903 894 2964 Et
922 2905 985 2965 alli·

67 2997 117 3067 gat
137 2988 184 3048 bis
207 2987 297 3048 rebus
320 2988 534 3067 conscientias,
557 2989 742 3065 divexatqne
769 2987 889 3066 legibus
912 2989 983 3048 stul·
1020 3035 1025 3044 .

68 3075 112 3146 tis,
135 3078 168 3132 ut
189 3071 273 3132 nullo
296 3089 390 3151 opere
414 3071 505 3131 hodie
526 3072 710 3150 pertinacius
728 3071 834 3150 populi
847 3080 985 3131 metuant

69 3164 98 3213 et
117 3153 275 3216 confidant
297 3173 386 3233 quam
410 3156 550 3234 papistici
576 3155 663 3213 buius
685 3153 797 3214 ieiunii.
842 3153 919 3214 Nam
933 3173 984 3215 oe-

69 3237 185 3316 eldisse,
212 3236 416 3314 adulterasse,
450 3236 609 3297 fraudasse
643 3237 922 3317 incomparabiliter
944 3239 984 3297 le·

70 3321 130 3379 rius
152 3320 276 3398 habent,
299 3339 389 3400 quam
412 3339 482 3399 ova,
499 3321 650 3401 butyrum,
674 3321 731 3396 lac,
754 3339 861 3380 carnes
877 3321 983 3380 diebus

70 3405 166 3464 ieiunii
188 3403 297 3466 edisse.
340 3403 379 3463 Et
402 3403 447 3463 his
470 3406 621 3464 erroribus
652 3403 751 3484 impiis
784 3403 984 3464 eonscientia-

71 3505 131 3547 rum
162 3497 194 3547 st
225 3487 339 3548 violata
371 3486 432 3546 flde
465 3487 576 3548 Christi
610 3481 689 3547 ddao
721 3503 782 3546 non
805 3487 986 3548 sollicitatur

103 3656 147 3720 'lt
167 3653 198 3708 ln
216 3651 280 3708 edit
298 3655 381 3723 origa
401 3655 537 3722 quamvis.

744 3723 813 3786 24*

588 3791 592 3828 l
