2254 4008
288 249 295 264 ι
319 171 350 224 b.
367 169 402 227 ll.
421 171 499 226 Lutb.
519 169 701 226 Praeiudium.
936 165 977 236 25

70 331 113 385 aut
131 329 288 405 utrumque
310 324 427 401 tollere,
449 344 506 388 uec
520 325 623 386 duum
645 330 758 406 potest.
793 325 858 386 Nec
875 329 978 404 potest

69 407 168 482 haberi,
191 408 273 487 quod
284 409 335 469 hic
356 408 415 469 dici
437 408 738 490 potestadversario,
761 426 830 469 cum
847 407 976 470 eandem

67 493 90 550 iu
110 496 187 567 utra,
223 494 355 571 quaein
386 498 514 571 utraque
543 493 663 573 specie,
696 497 880 572 potestatem
907 510 976 552 csse

68 579 205 654 oporteat,
230 576 254 635 si
277 595 339 637 non
360 576 540 655 inutraque,
563 595 621 636 nec
646 577 677 636 in
700 583 776 637 utra.
820 573 901 655 Opto
922 594 976 636 au·

68 657 130 733 dire,
152 657 224 735 quid
249 659 299 719 hic
320 658 495 720 adulatores
518 659 648 720 Romani
669 658 763 720 velint
787 656 896 720 dicere.

135 739 194 800 Sed
228 741 318 821 quod
342 743 475 802 maxime
504 743 639 803 omnium
662 747 765 822 urget,
795 741 978 820 penitusque

64 842 104 882 nc
122 823 287 900 concludit,
310 825 446 887 Christus
469 823 555 885 dicit:
587 825 645 886 Hic
665 831 712 884 est
733 824 857 904 sanguis
880 843 975 900 meus,

65 906 107 984 qui
127 925 181 984 pro
217 907 306 968 vobis
334 916 364 968 et
386 928 441 988 pro
465 909 565 969 multis
594 907 777 986 effundetur,
812 908 843 967 in
876 909 980 968 remis-

63 991 169 1049 sionem
192 998 400 1069 peccatorum.
431 991 487 1052 Hic
499 992 667 1053 clarissime
680 991 773 1068 vides,
796 991 976 1071 sauguinem

64 1071 117 1130 dari
139 1072 293 1151 omuibus,
314 1094 371 1154 pro
390 1093 518 1154 quorum
540 1077 674 1154 peccatis
697 1075 781 1135 fusus
803 1081 859 1135 est.
902 1073 977 1150 Quis

63 1173 124 1214 vero
147 1155 260 1217 audeat
283 1157 393 1232 dicere,
417 1177 473 1238 pro
497 1158 582 1218 laicis
605 1177 667 1218 non
689 1176 757 1218 csse
778 1156 900 1217 fusum?
929 1158 977 1216 An

62 1256 113 1297 non
135 1238 242 1315 vides,
274 1258 352 1319 quos
385 1240 550 1319 alloquitur
577 1241 652 1302 dens
676 1240 824 1302 calicem?
867 1239 979 1302 Nonne
1043 1277 1048 1282 -

61 1319 192 1381 omuibus
215 1321 288 1384 dat?
309 1324 421 1389 Nonne
442 1343 498 1404 pro
511 1324 652 1384 omuibus
673 1325 773 1384 lusum
795 1322 888 1384 dicit?
918 1323 978 1382 Pro

59 1403 147 1480 vobis,
169 1406 277 1485 inquit.
308 1406 396 1486 histo,
418 1407 510 1468 sintii
524 1407 710 1487 secerdotes,
734 1413 764 1468 et
787 1425 842 1488 pro
866 1406 978 1482 multis,

59 1487 152 1548 iinon
176 1495 309 1568 possunt
330 1509 399 1551 esse
421 1490 609 1571 sacerdotes,
630 1498 661 1552 et
683 1498 784 1552 tamen
808 1489 898 1550 dicit:
927 1489 978 1549 Bi·

60 1570 112 1629 bitc
133 1590 174 1631 ex
199 1591 237 1632 eo
261 1591 378 1636 omues.
409 1573 526 1634 Vellem
549 1579 581 1634 et
601 1591 660 1655 ego
682 1573 732 1634 hic
752 1575 860 1654 nugari
876 1571 976 1650 facile,

60 1659 86 1711 et
105 1653 207 1714 verbis
230 1657 305 1716 meis
327 1654 454 1717 illudere
475 1656 568 1718 verba
590 1657 717 1734 christi,
750 1663 783 1717 ut
810 1674 897 1716 meus
927 1675 980 1715 uu·

60 1741 141 1814 gator
169 1736 252 1800 lacit.
303 1737 364 1800 Sed
391 1740 547 1820 scripturis
574 1739 776 1819 redarguendi
806 1747 890 1812 sunt,
926 1739 977 1817 qui

60 1820 210 1898 scripturis
233 1822 368 1883 nituntur
389 1830 497 1884 contra
516 1842 583 1886 uos.
618 1823 704 1884 Haec
726 1827 806 1900 suut,
829 1840 907 1900 quae
930 1841 978 1880 me

59 1901 274 1980 prohibuerunt
295 1904 449 1966 Bohemos
472 1905 634 1983 damnare,
657 1906 717 1985 qui,
740 1906 804 1965 sive
826 1906 885 1965 siut
907 1903 979 1964 mali

58 1985 115 2045 sive
144 1984 237 2065 boni,
264 1995 347 2048 certe
375 1987 500 2049 verbum
529 1996 559 2048 et
584 1989 696 2050 lactum
725 1988 835 2050 Christi
865 1985 978 2048 habent

58 2086 107 2146 pro
129 2088 178 2147 se,
199 2088 257 2128 nos
281 2078 382 2130 autem
405 2077 556 2148 neutrum,
578 2071 633 2132 sed
655 2078 770 2134 tautum
790 2073 883 2131 inane
905 2069 978 2130 illud

58 2151 211 2212 hominum
234 2161 457 2217 commentum:
480 2154 619 2216 Ecclesia
642 2155 687 2214 sic
709 2153 878 2231 ordinavit,
908 2172 977 2214 cum

59 2252 113 2293 nou
136 2235 279 2310 ecclesie,
301 2235 355 2297 sed
373 2239 493 2318 tyranni
517 2238 727 2314 ecclesiarum,
750 2238 825 2297 citra
848 2255 978 2298 consen-

58 2335 116 2376 sum
139 2317 292 2379 ecclesiae
316 2318 364 2400 (id
388 2326 452 2396 est,
474 2321 580 2402 populi
602 2319 697 2402 Dei),
719 2320 777 2380 ista
800 2318 977 2381 ordinarint.

133 2400 273 2462 Obsecro
296 2409 408 2478 autern,
430 2422 510 2483 quae
532 2412 578 2465 est
600 2402 788 2464 necessitas?
810 2421 889 2483 quae
909 2401 977 2462 reli·

60 2482 126 2560 gio?
148 2502 229 2563 quae
250 2485 385 2546 utilitas?
407 2485 493 2546 laicis
517 2505 630 2567 negare
654 2494 813 2565 utramque
832 2485 977 2565 speciem,

58 2563 161 2643 idest,
185 2568 306 2648 siguum
340 2567 476 2646 visibile,
510 2569 635 2648 quaudo
665 2588 772 2630 ornnes
805 2567 979 2630 concedunt

58 2649 96 2707 cis
116 2665 180 2709 rem
204 2652 388 2711 sacramenti
409 2653 475 2712 sine
498 2652 597 2733 signo.
653 2651 685 2712 Si
707 2671 769 2713 rem
794 2651 977 2726 concedunt,

60 2747 132 2809 quae
155 2733 253 2793 maior
276 2740 338 2810 cst,
368 2753 421 2794 cur
443 2735 581 2815 siguum,
604 2734 686 2815 quod
709 2736 807 2795 minus
830 2742 893 2811 est,
914 2753 975 2796 uon

60 2812 249 2876 concedunt?
280 2817 313 2877 ln
341 2817 425 2878 omni
452 2817 532 2878 enim
564 2825 757 2879 sacramento
780 2819 916 2898 siguum,
946 2818 976 2876 iu

61 2903 200 2973 quantum
223 2899 361 3056 sigum,
393 2899 673 2980 incomparabiliter
695 2902 792 2961 miuus
816 2907 862 2961 est
884 2919 975 2980 quam

62 2997 104 3038 res
125 2979 202 3060 ipsa.
276 2981 326 3041 uid
348 3000 423 3061 ergo
445 2980 597 3064 prohibet,
617 2984 759 3063 inquam,
782 2984 881 3044 minus
904 2981 978 3061 dari,

60 3061 176 3139 quaudo
200 3064 299 3124 maius
314 3063 412 3134 datur,
433 3065 491 3126 nisi
507 3065 589 3145 qnod
612 3065 683 3126 mibi
696 3065 756 3126 bac
775 3067 977 3146 permissione

61 3145 121 3204 irati
134 3145 192 3206 Dei
205 3144 324 3206 videtur
335 3149 510 3226 contigisse,
532 3155 565 3208 ut
578 3150 792 3210 essetcccasio
807 3147 978 3210 schismatis

60 3227 86 3285 iu
107 3227 251 3306 ecclesia,
280 3247 340 3308 qua
368 3229 599 3310 significaretur,
637 3250 693 3293 uos
726 3251 759 3292 re
792 3231 974 3292 sacramenti

61 3310 230 3372 iamdudum
253 3313 374 3390 amissa,
397 3322 523 3394 propter
546 3315 682 3395 siguum,
705 3322 735 3374 et
756 3314 796 3391 id,
819 3313 901 3393 quod
927 3315 978 3374 mi·

62 3412 110 3452 nus
131 3401 194 3473 est,
223 3402 330 3456 contra
358 3416 420 3456 rem
452 3398 616 3458 maximam
645 3404 676 3459 et
704 3397 799 3459 solam
829 3415 977 3477 pugnare,

63 3476 139 3537 sicuti
162 3477 287 3558 quidam
315 3498 371 3559 pro
395 3481 574 3542 ceremoniis
600 3489 738 3560 pugnant
766 3487 874 3541 contm
901 3481 975 3540 cari·

63 3565 154 3622 tatem.
210 3560 277 3622 Imo
311 3568 454 3642 coeptum
490 3561 608 3624 videtur
638 3562 699 3625 hoc
736 3569 902 3623 monstrum
937 3579 974 3622 eo

64 3649 208 3726 tempore,
236 3663 298 3724 qno
331 3664 388 3726 pro
410 3644 521 3706 divitiis
548 3645 651 3707 mundi
673 3643 830 3724 coepimus
868 3650 975 3703 contra
