2254 4008
329 157 363 210 D,
382 157 417 212 lt.
435 156 517 213 Lullia
534 154 719 212 hesiodium.

9 319 11 390 ζ
80 311 175 392 patrui.
218 311 251 370 ln
275 309 385 391 quibus
406 311 528 371 nonnisi
549 311 664 390 primns
690 309 804 390 gradus
831 309 987 370 affinitatis

78 405 103 456 st
121 393 268 454 secundus
292 395 565 473 consanguinitatis
589 394 776 473 prohibetur,
798 411 861 452 non
884 401 987 453 tamen

78 477 288 554 universaliter,
310 485 343 537 ut
363 478 478 537 clarum
502 484 548 536 est
568 477 707 553 intuenti,
729 491 801 534 nam
815 476 913 535 fratris
936 482 988 535 aut

77 560 180 620 sororis
212 559 278 619 filia
310 559 358 620 vel
388 563 489 639 neptis
523 577 585 619 nou
619 570 794 618 numeratur
825 559 987 638 prohibita,

9 643 10 656 ¹
76 662 136 703 cam
158 649 261 702 tamen
284 644 323 703 ait
344 644 374 700 in
395 642 649 722 gradusecundo.
693 640 795 716 Quare
817 645 841 700 si
864 643 988 721 quando

77 726 294 786 matrimonium
326 733 414 784 extra
440 726 497 784 hos
531 725 643 804 gradus
673 732 862 784 contractum
891 726 988 802 luerit,

9 869 10 872 ,
75 829 135 869 cum
160 803 239 867 'nulli
268 808 318 868 alii
350 807 492 887 legantur
523 827 543 867 a
570 808 638 868 Deo
672 825 801 886 usquam
835 807 989 886 prohibiti,

9 931 10 936 κ
75 891 266 950 nullomodo
289 890 526 950 debetdissolvi
555 898 680 970 propter
709 892 792 968 leges
821 891 988 968 hominum,

9 975 10 1016 t
77 993 137 1034 cum
170 975 397 1033 matrimonium
429 976 528 1052 ipsum
565 974 709 1032 divinitus
746 974 919 1032 institutum
951 974 991 1032 sii

74 1057 348 1135 incomparabiliter
369 1056 487 1135 legibus
509 1058 663 1136 superius,
685 1059 729 1116 ita
751 1067 782 1114 ut
805 1075 865 1115 non
888 1058 989 1135 ipsum

73 1150 189 1219 propter
212 1139 314 1218 leges,
347 1140 402 1200 sad
436 1140 521 1218 leges
556 1148 681 1219 propter
720 1140 824 1218 ipsum·
857 1140 989 1200 debeant

74 1224 172 1281 merito
197 1223 339 1302 dirumpi.

145 1305 193 1364 lta
214 1305 330 1364 debent
348 1305 427 1364 istas
454 1320 555 1383 nugas
576 1305 879 1383 compaternitatem,
907 1321 989 1364 eom-

73 1389 306 1466 materuitatum,
335 1388 632 1464 confraternitatum,
661 1391 933 1464 consororitatum,
960 1394 990 1446 et

72 1469 286 1530 confilietatum
316 1489 441 1549 prorsus
467 1471 621 1549 exstingui
649 1480 809 1530 contrecto
837 1472 989 1529 matrimo-

72 1556 126 1614 nio.
168 1552 245 1628 Quis
274 1557 355 1613 enim
376 1553 466 1612 istam
488 1555 705 1632 cognationem
732 1555 921 1632 spiritualem
946 1553 989 1611 in·

74 1639 161 1713 venit,
191 1638 250 1696 nisi
272 1638 447 1716 superstitio
468 1635 624 1696 humana?
662 1635 695 1696 Si
717 1653 778 1696 non
801 1637 872 1695 licet
894 1637 988 1714 bapti-

73 1722 142 1778 saeti
172 1727 229 1778 aut
257 1719 371 1779 lavanti
405 1719 587 1797 baptisatam
616 1726 670 1778 aut
698 1719 831 1778 levatam
868 1719 988 1795 ducere,

72 1820 118 1861 cur
145 1802 221 1861 licet
248 1801 420 1861 Christiano
451 1802 652 1861 Christianam
686 1801 820 1860 ducere?
862 1802 911 1860 An
943 1807 991 1860 est

72 1887 159 1944 maior
182 1886 331 1964 cognatio
351 1885 411 1944 ista
432 1903 472 1944 ex
495 1887 678 1944 ceremoniis
699 1901 753 1944 sau
777 1887 866 1963 signo
889 1901 988 1943 saera·

73 1969 155 2026 menti
179 1977 351 2045 contracta,
373 1985 465 2046 quam
488 1985 567 2045 quae
589 1987 628 2026 err
650 1987 685 2026 re
705 1965 989 2046 ipsamet-amenti?

9 2121 10 2126 ἵ
73 2053 114 2109 hu
143 2068 207 2109 non
230 2051 419 2110 Christianus
448 2058 495 2108 est
522 2051 614 2110 frater
642 2051 832 2110 Christianae
854 2047 989 2110 smmis?

74 2137 114 2192 An
135 2151 198 2192 nou
223 2134 391 2212 baptisatus
405 2134 575 2212 baptisatus
595 2135 886 2212 spiritualislrateri
909 2133 989 2208 Quid

72 2216 253 2276 insanimus?
276 2215 354 2290 Quid
377 2217 402 2274 si
425 2219 493 2294 quis
511 2235 637 2276 uxorem
651 2235 736 2276 suam
760 2218 878 2276 erudiat
899 2225 991 2277 eran·

73 2300 144 2378 gello
167 2308 201 2358 et
220 2297 282 2358 fide
304 2300 424 2379 Christi,
446 2305 543 2359 laotos
556 2301 616 2359 hoc
636 2302 708 2380 ipso
729 2317 800 2359 vere
821 2302 989 2380 pateruios

74 2387 98 2441 in
124 2381 270 2442 Christo?
303 2401 342 2441 an
375 2401 436 2442 non
465 2383 556 2442 liceat
586 2402 714 2444 uxorem
748 2385 812 2442 eiua
845 2380 990 2442 manere?
1053 2379 1059 2384 “

74 2466 117 2524 An
134 2465 231 2524 Paulo
254 2481 317 2524 non
340 2466 475 2525 licuisset
486 2467 619 2545 puellam
640 2485 681 2526 ex
692 2467 855 2527 Corinthiis
869 2468 989 2541 ducere,

74 2566 143 2626 quos
170 2566 280 2608 omnes
308 2550 338 2606 in
370 2549 490 2608 Christo
518 2554 664 2628 genuisse
697 2568 731 2610 se
758 2549 873 2608 iactat?
912 2548 990 2607 Vide

74 2632 180 2710 itaque,
212 2648 302 2709 quarn
325 2631 366 2692 sii
387 2633 513 2690 libertus
534 2633 706 2694 Christiana
728 2653 782 2713 per
809 2633 989 2692 eaecitatem

9 2765 10 2770 ,
74 2713 220 2774 humanae
241 2715 464 2793 superstitionis
487 2733 646 2795 oppresse.

9 2817 10 2824 ¹
146 2797 214 2857 lam
238 2799 332 2856 multo
345 2799 452 2857 vanior
474 2811 521 2858 est
534 2801 680 2878 cognatio
700 2798 817 2879 legalis,
839 2805 869 2857 at
886 2804 989 2856 teman

9 2919 10 2934 r
75 2880 146 2940 hanc
176 2882 269 2940 etiam
301 2899 393 2960 super
423 2883 471 2940 ius
499 2882 633 2942 divinum
663 2883 846 2947 matrimonii
876 2881 990 2940 extule-

9 2989 10 2992 ¹
75 2965 191 3041 mntl).
232 2963 299 3023 Nec
322 2965 392 3023 hnic
413 2966 631 3045 impedimento
656 2967 879 3041 consenserim,
907 2962 990 3041 quod

76 3056 183 3106 vocant
201 3048 358 3126 religionis
380 3049 625 3129 disparilitatem,
659 3059 690 3108 ct
720 3067 777 3108 nac
804 3047 991 3127 simpliciter,

76 3147 127 3188 nac
148 3131 205 3189 sub
227 3132 404 3192 conditione
426 3133 624 3194 convertendi
647 3131 686 3192 ad
707 3132 799 3192 mem
822 3132 916 3191 liccat
935 3129 991 3188 do-

77 3231 138 3272 cere
165 3232 226 3273 noo
257 3215 450 3293 baptisatam.
495 3216 569 3291 Quis
599 3217 661 3276 hoo
686 3214 862 3296 prohibuit?
906 3213 990 3272 Deus

78 3315 110 3354 an
131 3295 247 3357 horno?
276 3297 352 3372 Quis
380 3301 552 3361 hominibus
579 3308 764 3382 potestatem
792 3300 866 3359 lecit
890 3296 991 3378 prohi-

79 3379 161 3440 handi
186 3383 233 3442 sio
264 3385 402 3444 nubere?
435 3385 564 3464 Spiritus
592 3385 710 3444 seilicet
735 3383 928 3445 mendacium
960 3382 990 3442 iu

9 3531 10 3536 γ
79 3460 225 3542 hypocrisi
247 3467 418 3548 loquentes,
440 3477 474 3531 ut
484 3469 595 3529 Paulus
610 3469 691 3531 dicit.
736 3469 782 3527 De
795 3465 902 3546 quibus
916 3463 990 3524 illud

125 3649 156 3719 1)
176 3649 246 3705 itio.
259 3649 357 3704 cesum
376 3651 462 3704 verba
479 3650 584 3704 inderet
603 3649 664 3702 Iam
674 3649 807 3702 nortem
823 3646 988 3700 existerunt
