2250 4008
134 181 203 265 436
434 199 594 258 conruuno
613 195 778 257 Lutberisnn

142 358 276 416 omnium
300 373 354 436 per
377 358 481 417 omnia
503 358 613 421 manet.
657 359 718 416 Aut
740 359 767 416 si
788 357 849 417 hoc
866 375 929 416 non
953 357 1058 436 placet,

143 439 304 500 consilium
329 449 397 500 esto
414 439 654 500 Lovaniensibus
668 440 874 519 incendiariis,
884 439 1060 519 psalterium

143 521 243 581 David
267 521 440 596 incendere,
463 533 628 596 etnovum,
651 523 733 601 quod
755 529 879 583 nostros
894 523 1060 601 triumphos

143 606 181 664 de
204 603 375 666 Reucblino
404 617 434 666 et
455 605 586 666 Lutlrero
622 605 772 683 celebret,
805 605 960 680 condere,
996 607 1063 682 quia

142 686 215 748 illud
249 697 354 747 vetera
386 699 606 748 commemorat
629 688 808 748 ludaeorum
846 689 946 763 facta,
990 706 1062 766 quae

143 770 234 832 nobis
256 772 343 830 novis
373 791 434 830 non
460 773 653 831 conveniunt.
696 769 788 832 Caeci
810 782 842 831 et
864 771 990 850 talpae,
1021 773 1064 828 sic

143 853 261 914 divinas
285 854 388 914 literas
409 857 439 914 in
462 855 861 934 iaciemcontemplsmini,
896 855 1064 913 seeundum

144 955 255 1016 opera,
295 955 356 997 non
390 937 557 997 secundum
590 939 726 1017 spiritum
761 937 955 1014 iudicantes,
991 937 1068 995 sicut

140 1019 245 1079 ludaei
268 1021 298 1080 in
322 1019 443 1080 deserto
455 1029 571 1080 orentes
593 1023 621 1079 in
645 1023 724 1080 ostio
747 1019 914 1100 papilionis
938 1021 998 1098 sui,
1020 1018 1066 1078 ad

143 1103 202 1162 buc
223 1103 296 1162 nibil
318 1100 400 1162 eliud
422 1105 576 1177 videntes,
604 1121 695 1182 quam
719 1104 842 1162 dorsum
866 1101 950 1162 Mori
974 1103 1067 1180 ingre

143 1185 253 1246 dientis
276 1185 507 1247 tabernaculum
528 1186 661 1246 foederis
685 1186 815 1246 Domini.

414 1321 637 1398 Prosequamur
663 1321 791 1398 relique:

227 1437 303 1497 Cum
327 1457 386 1518 ego
410 1437 572 1509 dixissem,
595 1439 653 1498 iste
675 1455 736 1497 non
761 1455 853 1516 posse
876 1435 1010 1516 intelligi
1034 1437 1069 1496 de

31 1563 38 1578 .
144 1521 258 1580 iustitie
279 1521 381 1600 legali,
402 1539 481 1599 quae
498 1524 601 1601 potius
623 1519 717 1597 inflet,
740 1539 800 1580 non
824 1529 929 1580 autern
952 1519 1070 1580 bumili-

145 1613 190 1663 ter
213 1616 333 1682 gemet,
365 1606 444 1664 sicut
471 1606 530 1664 iste
553 1603 638 1664 locus
661 1605 764 1683 gemit.
807 1603 889 1663 Dicit
911 1601 1070 1678 Latomus,
1110 1629 1111 1646 u

146 1705 195 1745 me
215 1685 324 1746 laisum
347 1705 531 1768 supponere,
554 1688 625 1766 quin
647 1694 728 1746 totus
742 1696 843 1746 textus
860 1687 901 1746 sit
923 1685 1071 1766 superbe

146 1787 210 1828 rum
234 1768 427 1847 ludaeorum,
449 1770 617 1849 petentium
629 1769 838 1829 liberationem
854 1769 1070 1848 temporalem.
1110 1819 1111 1834 ,

147 1849 186 1912 Et
208 1852 289 1912 hanc
306 1853 468 1913 sulsitatem
492 1852 602 1932 probat
640 1854 749 1932 insigni
772 1854 954 1927 autoritate,
993 1871 1070 1931 quae

145 1943 195 1994 est
218 1935 322 2014 opinio
345 1933 473 2015 Letomi,
497 1935 649 1996 credentis
662 1935 744 1995 huno
765 1935 867 1996 locum
886 1934 927 1994 de
951 1935 1071 1995 ludaeis

145 2018 211 2077 istis
234 2018 372 2098 intelligi.
415 2017 467 2079 Sic
488 2020 602 2078 nudent
622 2019 674 2080 isti
696 2019 836 2079 homiues
871 2037 968 2098 super
1002 2037 1070 2078 sese

145 2100 317 2177 aedificare,
340 2110 372 2162 et
393 2105 497 2162 omnia
512 2102 668 2166 damnare.
711 2099 814 2176 Quare
825 2100 958 2180 Spiritus
982 2120 1067 2160 sano-

145 2199 192 2243 tus
214 2184 243 2243 in
267 2203 399 2263 persona
421 2186 623 2264 superborum
651 2183 816 2262 aliquando
839 2183 1017 2263 superbiet,
1041 2197 1067 2244 et
1109 2183 1110 2277 l

145 2283 249 2326 coram
266 2266 335 2328 Deo
357 2268 493 2328 fastuose
516 2267 666 2346 loquetur.
709 2267 850 2346 Denique
872 2268 968 2328 audet
981 2267 1067 2328 Lato-

147 2365 212 2410 mus
236 2351 342 2410 eadem
368 2352 539 2412 temeritate
562 2351 684 2426 addere,
706 2349 894 2430 praecedens
911 2361 1010 2432 eaput
1033 2351 1068 2410 de

145 2431 261 2493 eisdem
284 2434 423 2513 intelligi,
446 2434 585 2514 superbis
601 2433 731 2514 superbe
753 2432 940 2498 dicentibus:
965 2433 1067 2510 Quare

145 2535 245 2576 errare
268 2535 324 2577 uos
350 2517 447 2577 fecisti
471 2518 508 2576 de
533 2519 588 2578 viis
611 2515 690 2577 tuis?
712 2517 900 2576 factisumus
926 2518 1016 2596 quasi
1040 2519 1065 2576 iu
1108 2579 1109 2583 ,

145 2599 295 2680 principio
318 2617 386 2660 cum
411 2619 471 2660 non
484 2601 684 2660 dominareris
703 2601 809 2673 nostri,
827 2617 896 2659 oum
920 2601 1062 2676 lsaias⁸l

146 2681 255 2742 eodem
280 2691 427 2744 contextu
449 2685 478 2742 in
502 2684 611 2744 eodern
635 2685 740 2764 apiritu
763 2683 913 2762 loquetur.

228 2763 330 2842 Ultra,
360 2785 428 2828 cum
451 2767 594 2826 iustitiam
618 2767 746 2846 legalem
770 2784 931 2846 negassem
956 2768 1065 2828 mulam

145 2865 223 2925 esse,
241 2857 371 2909 elusum
387 2851 589 2922 damnassem,
605 2867 667 2928 quo
679 2848 917 2929 reprehenditur,
931 2851 1065 2911 ostendit

146 2929 294 2992 Latomus
315 2933 440 3010 iterum,
472 2951 562 3013 quarn
585 2932 694 2992 doctus
716 2934 754 2993 sit
782 2934 812 2992 in
842 2934 938 2994 enoris
961 2933 1062 3010 literis,

146 3023 177 3074 et
207 3013 321 3074 inducit
354 3016 426 3076 illud
455 3020 483 3079 2.
506 3015 576 3078 eor.
600 3018 633 3079 3:
666 3015 744 3076 Nem
773 3034 830 3076 neo
859 3015 1060 3096 glorificatum

146 3105 206 3175 est,
241 3098 323 3176 qnod
346 3098 453 3159 claruit
476 3101 505 3159 in
527 3099 586 3160 bac
607 3107 693 3179 parte
715 3104 840 3178 propter
861 3099 1060 3160 excellentem

145 3181 291 3262 gloriam,
325 3181 435 3241 deinde
467 3183 563 3242 credit
585 3201 634 3242 me
656 3196 717 3242 non
748 3181 859 3242 vidisse
894 3182 967 3244 illud
992 3183 1060 3242 Eae

146 3265 232 3325 ohiel.
258 3266 312 3328 19:
337 3265 414 3326 Dedi
438 3267 481 3324 eis
503 3274 666 3345 praecepte
690 3283 750 3324 non
774 3263 864 3326 bona.
908 3265 1057 3326 siverim

146 3347 358 3424 praesentibus
380 3351 424 3406 sic
437 3365 555 3407 mecum
567 3356 682 3428 ageret,
704 3347 858 3408 crederem
875 3367 944 3408 eum
960 3351 1058 3420 iocari,

147 3431 171 3487 ei
193 3429 292 3488 bonus
315 3443 414 3507 esest,
445 3441 496 3490 eut
518 3431 661 3506 irridere,
700 3432 724 3489 si
748 3430 844 3490 malus
868 3443 960 3494 esset.
1003 3431 1056 3492 eeu

146 3603 561 3622 m--fl-t—-m

178 3673 181 3680 ’
221 3695 249 3757 ·)
272 3695 332 3752 irat.
352 3716 373 3749 e.
392 3699 426 3754 63
