2250 4008
332 165 459 222 &bunis
477 165 653 221 tutontmse
671 167 724 220 slt-
934 158 997 226 509

0 351 1 372 l
74 319 210 382 eussisse
232 318 348 384 dieitur.
392 320 437 382 lta
459 337 521 381 nnn
543 320 685 401 intelligit
706 317 833 396 Paulus,
855 317 928 396 quin
948 335 997 376 ne

2 450 6 472 .,
74 401 210 464 eundum
234 421 355 464 earnem
390 423 451 466 non
480 404 642 485 intelligit,
678 409 711 470 et
730 404 892 483 operetur,
925 401 998 478 quis

3 501 10 562 j,
73 484 245 546 seeundum
274 506 397 548 earnem
426 495 586 568 operetur,
622 493 653 547 et
681 487 745 567 egit
766 482 897 558 melum,
926 483 998 561 quie

0 607 2 620 ι
73 568 246 635 seeundum
269 589 391 632 earnem
415 570 488 650 egit.
532 569 695 631 Etmnlnm
718 575 774 646 est,
797 568 869 646 quie
890 574 998 626 eontra

1 704 10 723 η,
74 654 217 732 spiritum
247 664 276 713 et
300 653 414 717 bonum
444 660 501 715 est.
545 653 653 733 Neque
680 653 752 713 ideo
780 669 843 711 uon
866 650 997 729 operari,

2 777 11 816 2
74 754 138 796 uon
163 753 272 815 egere,
304 755 366 798 non
390 736 502 797 melum
526 755 611 818 esse,
648 744 700 796 eut
723 742 805 796 totns
828 732 997 813 intelligere

1 876 11 902 ,
74 819 227 878 dicendus
249 826 310 898 est,
340 821 496 900 quianon
526 827 608 881 totus
637 826 800 899 operatur,
829 835 892 876 nnn
914 822 1018 912 totus⁸

0 959 6 968 ,
74 903 152 981 agit,
175 920 237 961 uon
259 909 356 964 totum
380 903 492 964 melum
508 901 589 979 lauit,
612 911 664 963 nst
686 921 724 962 ex
738 907 824 985 perte
847 898 997 978 intelligit

1 1029 2 1044 1
73 983 163 1044 Sient
185 1003 246 1046 non
268 984 339 1046 ideo
361 1005 423 1047 nou
447 993 495 1047 est
515 986 690 1047 vnlneratus
713 985 819 1062 homo,
842 984 913 1062 quin
935 1000 996 1043 non

1 1121 11 1146 Ἴ,
73 1070 161 1128 omni
177 1076 263 1148 perte
278 1070 454 1130 vulneratus
466 1078 514 1130 est
526 1078 557 1129 et
569 1071 700 1138 obnisus,
725 1086 782 1129 nee
794 1066 865 1127 ideo
888 1084 998 1128 mtrem

1 1150 12 1230 J
74 1169 139 1211 non
161 1153 355 1231 percussisti,
389 1153 544 1232 quianon
569 1153 652 1214 omni
675 1158 762 1232 perte
784 1169 854 1210 eum
876 1167 997 1229 pereus-

6 1235 10 1297 ,’
73 1235 143 1293 sisti
165 1241 197 1294 et
217 1234 377 1315 neeidisti,
399 1239 462 1297 imo
485 1236 669 1314 vulnerasti,
691 1233 877 1315 percussisti,
900 1235 925 1291 si
949 1231 998 1295 vel

4 1373 12 1395 ,
74 1318 235 1378 minimum
259 1317 426 1380 membrum
456 1321 520 1380 eine
554 1319 684 1397 laesisti,
718 1317 844 1398 propris
870 1325 901 1376 et
932 1333 999 1396 ger-

1 1402 11 1467 j*
73 1418 170 1461 mane
202 1401 429 1482 significatione
460 1401 554 1463 verbi.
598 1401 644 1463 lte
675 1401 725 1462 hin
754 1419 815 1462 non
844 1398 913 1460 ideo
936 1417 998 1466 non

1 1488 12 1564 ᾗ
76 1490 125 1543 est
147 1487 271 1564 proprie
301 1493 478 1566 pennatum,
512 1485 584 1564 quis
617 1503 679 1546 non
714 1491 811 1546 totum
840 1482 997 1543 hominem

8 1575 11 1580 “
75 1567 206 1644 oceidit,
236 1567 377 1648 demunt,
400 1571 463 1630 irue
484 1568 615 1630 subiieit.
659 1567 766 1630 Gratis
788 1567 868 1628 enim
893 1573 924 1626 et
945 1565 999 1632 do,-

1 1655 9 1724 ᾖ,
76 1669 150 1710 num
174 1660 358 1712 eonserrunt
378 1651 550 1732 hominem,
583 1659 703 1714 utnon
732 1651 832 1731 possit
858 1667 998 1730 peteme,

1 1738 9 1749 ’“
76 1733 107 1792 id
129 1740 186 1812 est,
209 1737 382 1797 eontentire
403 1733 474 1796 buin
494 1744 623 1816 peeeeto
646 1742 676 1796 et
698 1735 807 1814 perire.

2 1814 9 1833 ⁴
161 1815 270 1880 Diues:
298 1817 407 1898 Neque
428 1825 460 1879 tu
482 1817 595 1899 probes
617 1825 779 1898 peeeetum
803 1813 875 1878 alibi
897 1815 995 1894 senipi

75 1898 140 1960 hoe
162 1899 266 1978 modo,
288 1900 372 1980 quod
394 1900 511 1965 scilieet
532 1920 594 1962 non
617 1902 752 1964 damnet.
795 1896 999 1978 Respondeo:

76 1981 144 2042 Nee
165 1983 225 2044 boe
247 1991 294 2045 ent
314 2001 458 2062 neeesse,
480 1975 538 2045 nee
559 1984 620 2045 hoe
640 1984 766 2048 institui.
809 1981 878 2043 Hoe
898 1981 1000 2043 solum

1 2074 2 2084 ¹
76 2066 214 2144 institui,
250 2073 283 2128 ut
309 2072 469 2148 pennatum
505 2067 565 2129 hoe
597 2068 668 2129 loen
697 2066 779 2128 idern
815 2063 1001 2146 signlbenrst

1 2217 2 2224 ,
78 2149 162 2228 quod
196 2149 317 2230 ubique.
373 2149 462 2225 Quod
498 2159 600 2211 sutem
634 2151 684 2212 bie
719 2156 880 2231 petentum
913 2146 1001 2216 aliter,

1 2229 2 2252 ²
78 2234 202 2295 traetsri
226 2232 314 2312 dieo,
345 2233 406 2294 hoe
432 2233 507 2296 nibil
534 2233 573 2296 sd
600 2235 721 2314 pseusti
743 2231 1001 2313 siguiflestionem

79 2317 227 2396 pertinet,
256 2316 414 2398 Scriptum
442 2324 603 2398 petentum
630 2318 744 2397 ubique
773 2315 883 2376 endem
906 2313 1000 2374 modo

79 2400 207 2480 seeipit,
241 2399 379 2461 sednon
403 2400 516 2480 ubique
545 2399 655 2462 eodem
685 2399 778 2460 medo
808 2405 922 2462 tranent
946 2416 1001 2456 seu

1 2489 2 2505 ³
79 2483 205 2543 tracturi
227 2482 379 2548 describit.
407 2483 490 2544 Alibi
503 2490 666 2564 peceatum
688 2482 764 2562 fleri,
786 2480 858 2542 alibi
879 2481 1002 2557 remitti,

79 2565 153 2626 alibi
174 2567 285 2646 puniri,
307 2566 380 2628 alibi
404 2565 526 2644 differri,
549 2566 621 2628 alibi
635 2566 740 2646 teneri,
761 2565 833 2626 alibi
851 2563 1003 2640 confiteri,

1 2668 2 2672 ¹
78 2647 152 2708 aliti
176 2650 282 2729 negari
306 2648 457 2714 deseribit.
503 2649 541 2711 llt
562 2652 630 2733 quis
653 2652 808 2726 notiones,
829 2649 1001 2730 passiones,

1 2722 4 2757 ⁵
80 2740 113 2792 et
135 2731 307 2794 neeidentie
329 2734 449 2814 pseusti
472 2733 653 2795 enumeret?
690 2732 737 2794 ltu
757 2733 819 2796 hon
839 2731 909 2792 loeo
932 2749 1002 2811 pse

81 2823 197 2893 eetum,
219 2815 292 2894 quid
312 2815 405 2878 laniet
426 2823 456 2878 et
476 2818 610 2897 patietur
630 2816 787 2896 ingratis,
811 2808 1002 2892 describitur,

1 2910 3 2924 ’
80 2917 143 2960 non
167 2907 298 2980 negetur
318 2905 479 2980 petentum
502 2919 581 2980 esse,
602 2902 665 2962 imo
682 2900 828 2982 supponit
840 2907 1001 2979 pennatum

79 2984 195 3042 lentum
218 2989 250 3044 et
266 3001 343 3046 esee.
385 2982 444 3054 Hie
471 2984 583 3048 vietum
614 2983 763 3046 rebellare
784 2981 908 3063 Spiritui
931 2981 1003 3042 diei-

79 3073 140 3144 tur,
163 3065 245 3146 quod
267 3065 338 3128 aliti
362 3068 459 3129 vietor
478 3085 608 3147 regnare
629 3065 779 3129 seribitur.
810 3064 896 3126 ldem
918 3082 1002 3145 pror·

80 3168 134 3210 sus
157 3158 318 3230 petentum
340 3149 464 3231 ubique,
486 3151 539 3212 sed
563 3168 623 3210 non
647 3151 760 3231 ubique
781 3147 862 3210 idem
885 3146 1002 3225 velens,

81 3235 200 3294 leniens
228 3239 260 3295 et
292 3235 422 3315 petisne.
479 3232 569 3309 Quod
611 3241 716 3296 sutem
743 3232 815 3294 alibi
846 3231 1003 3311 Seripturs

82 3321 247 3398 pennatum
269 3315 381 3378 eodem
402 3317 535 3397 eneipist
556 3315 660 3396 modo,
682 3314 784 3395 quoad
806 3313 1003 3395 siguifleetie

82 3419 165 3478 nem,
189 3399 319 3480 probavi
342 3402 481 3481 superius
505 3399 661 3477 exPsulo,
683 3401 733 3481 qui
756 3399 845 3460 Rom.
868 3399 898 3462 6.
921 3403 952 3458 et
972 3399 1002 3476 8,

81 3483 163 3544 ultre
184 3483 245 3544 hoe
266 3488 297 3561 7,
319 3482 409 3547 Gale.
433 3489 468 3560 5,
492 3488 520 3546 1.
543 3483 612 3556 Ger.
635 3487 670 3561 5,
692 3482 806 3564 Elphes.
828 3479 1005 3559 4,.1.00u

81 3571 117 3642 7,
143 3566 259 3646 (lolii,
281 3567 351 3627 Itur.
367 3567 415 3630 13.
438 3568 483 3626 sie
504 3567 625 3647 eeeipit,
647 3566 719 3628 dum
740 3565 1003 3641 ineuntinentiem,

84 3649 255 3730 libidinem,
276 3651 352 3711 irem
375 3657 432 3713 ete.
456 3657 558 3730 voest,
580 3656 611 3711 et
633 3653 659 3716 l.
673 3648 784 3712 Johtn.
808 3651 840 3712 l:
853 3646 895 3735 §i
917 3645 1002 3708 dixe·
