2262 4006
143 145 207 212 3Ῑο
358 147 515 218 Responsio
535 148 565 202 D.
583 145 617 200 li
637 146 665 201 L.
684 147 719 199 sd
738 148 840 202 librum

144 319 244 382 usque
266 302 345 361 euim
369 308 421 361 aut
441 301 549 362 fortius
572 309 624 361 aut
647 302 755 361 melius
778 303 899 380 credas,
912 319 1019 382 speres
1039 303 1087 360 ct'

143 384 254 464 diligas
277 386 306 445 in
330 384 456 464 templo,
480 385 586 461 choro,
608 383 705 458 altari,
730 387 890 462 cimiterio,
915 403 1007 464 quam
1036 383 1065 442 in

147 485 229 546 area,
251 469 351 546 vinea,
374 469 506 548 popina,
535 466 636 544 cubili,
673 467 805 547 denique
828 469 857 527 in
897 467 1068 526 carceribus

147 558 296 631 martyres
318 549 471 610 Christum
494 552 670 626 coluerunt,
692 549 722 614 S.
740 554 831 630 Agne
853 553 948 611 etiam
972 552 1002 608 io
1029 549 1069 608 lu-

35 635 37 642 '
144 635 266 714 panori:
290 641 321 694 at
343 653 434 713 papa,
457 636 645 693 consecratis
681 633 820 694 ecclesiis
858 635 1071 713 appositisque

144 716 311 796 privilegiis
334 725 365 776 st
393 717 483 796 diris,
511 717 662 795 sacrilegii
693 719 901 776 conscientias
924 717 1016 791 facit,
1046 716 1069 774 si

145 801 212 878 quis
236 799 361 859 domum
384 819 402 858 a
424 819 458 858 se
480 807 511 858 et
543 802 606 858 suis
630 811 842 860 consecratam
878 800 928 858 vel
966 799 1070 859 ludens

146 882 194 943 vel
217 885 298 943 serio
322 882 453 959 violarit,
475 883 547 942 nihil
571 893 763 960 peccaturus,
777 885 801 941 si
815 902 904 942 suam
919 881 969 942 vel
983 882 1070 941 aliam

146 983 360 1045 quamcunque
391 964 514 1024 domum
555 966 686 1026 laeserit.
730 966 880 1039 Rursum,
915 967 940 1023 si
975 983 1071 1044 papae

147 1049 298 1109 mandatis
322 1048 534 1127 obtemperes,
568 1049 730 1128 religiosus
758 1057 788 1108 et
820 1049 974 1108 obediens
997 1046 1071 1107 lilius

146 1133 297 1191 ecclesiae
320 1132 417 1191 factus
440 1151 483 1208 es,
506 1133 726 1192 conscientiam
759 1132 830 1192 boni
853 1128 884 1191 et
906 1132 980 1190 iusti
1005 1148 1071 1210 ope·

146 1215 186 1273 ris
207 1215 359 1275 invenisti.
404 1214 565 1294 Gompoue
595 1234 676 1273 nuno
703 1214 856 1274 Christum
886 1221 919 1273 et
949 1233 1070 1294 papam.

146 1293 201 1358 Ille
223 1297 309 1357 dicit:
341 1297 463 1356 Nullum
488 1305 589 1376 potest
609 1297 672 1356 lieri
702 1308 861 1377 peccatum
885 1315 1072 1376 quocunque

147 1399 202 1440 usu
226 1383 435 1459 cuiuscunque
458 1381 517 1439 loci
542 1381 617 1461 (nisi
640 1379 692 1440 liat
716 1383 753 1438 ad
767 1381 953 1440 laedendum
975 1381 1072 1458 proxi-

148 1473 262 1542 mum),
284 1483 365 1543 papa
388 1463 470 1540 dicit,
494 1470 654 1542 peccatum
677 1473 738 1542 est,
767 1466 792 1522 si
822 1466 851 1522 iu
876 1461 999 1542 templo
1022 1463 1071 1522 ali·
1122 1471 1123 1490 ¹

148 1545 219 1625 quid
243 1549 344 1626 operis
366 1546 486 1627 profani
509 1546 626 1624 leceris,
638 1556 689 1606 aut
711 1566 771 1606 non
785 1549 901 1607 maiore
914 1547 1072 1626 religione,
1122 1567 1123 1622 ζ

146 1647 238 1708 quam
276 1630 435 1709 profanam
470 1630 593 1689 donnum
629 1629 810 1692 observaris.
876 1629 992 1688 Nonne
1025 1629 1071 1688 hic
1122 1627 1123 1630 ’

146 1731 229 1793 papa
250 1713 322 1771 facit
344 1719 473 1792 peccata
494 1712 524 1771 in
549 1713 623 1772 locis
646 1721 675 1772 et
698 1732 753 1771 usu
777 1731 893 1790 eorum,
917 1714 947 1770 in
962 1712 1070 1790 quibus

147 1794 676 1874 Christusuullumpeccatumfacit?
697 1795 807 1855 Nonne
819 1815 894 1874 ergo
911 1797 1069 1855 conscien-

146 1881 203 1938 tias
218 1880 299 1955 facit,
314 1878 365 1940 ubi
377 1879 514 1939 Christus
529 1878 629 1937 nullas
643 1879 737 1938 iacit?
756 1877 868 1938 Nonne
882 1880 1068 1955 servitutem,

148 1964 298 2040 timorem,
322 1963 540 2042 captivitatem,
563 1961 700 2040 laqueos,
723 1961 858 2042 pericula
881 1962 999 2038 statuit,
1022 1961 1067 2022 ubi

149 2044 287 2104 Christus
317 2045 487 2105 libertatem
522 2051 553 2104 et
586 2047 778 2104 securitatem
814 2044 909 2104 facit?
958 2043 1067 2104 Nonne

148 2146 223 2207 ergo
246 2147 328 2208 papa
358 2128 552 2188 antichristus
574 2137 663 2188 autor
685 2129 803 2207 peccati
821 2129 1065 2188 etconscientia-

150 2231 215 2271 rum
245 2231 300 2291 per
322 2230 393 2271 suas
415 2210 551 2288 frivolas,
573 2211 697 2292 stultas,
727 2211 863 2287 inutiles,
889 2212 1003 2292 impias
1029 2210 1064 2270 le-

147 2293 225 2374 ges?
274 2292 354 2368 Quid
382 2296 461 2352 enim
485 2313 562 2373 opus
592 2293 685 2353 hebet
708 2294 784 2352 ullus
807 2293 1001 2354 Christianus
1022 2294 1064 2352 his

149 2377 265 2456 legibus
288 2383 319 2436 et
341 2377 543 2436 observantiis
566 2377 603 2436 ad
627 2376 794 2437 iustitiam?
838 2376 863 2437 Ο
883 2376 1065 2458 deceptiosi

147 2460 247 2521 illusio
270 2461 393 2540 puerilis
417 2469 446 2519 et
469 2459 605 2539 ridicula,
619 2469 647 2520 et
670 2467 771 2520 tamen
795 2469 880 2519 tanta
896 2462 978 2520 seria
999 2479 1064 2540 pec·

149 2553 285 2604 catorum
309 2552 340 2602 et
361 2543 565 2622 perditionum
590 2544 710 2623 operari
732 2541 920 2623 praevalida.

231 2627 257 2687 Ε
278 2627 399 2687 diverso
424 2625 561 2686 Christus
584 2625 674 2686 docet
688 2645 748 2686 uon
771 2645 839 2686 esse
855 2626 1002 2686 iustitiam
1017 2635 1063 2686 aut

114 2735 118 2740 .
149 2709 261 2770 cultum
285 2729 371 2769 suum
405 2712 496 2769 situm
518 2711 547 2769 in
573 2710 647 2770 locis
670 2709 745 2770 istis.
790 2712 830 2769 At
861 2727 944 2790 papa
975 2710 1063 2769 docet

149 2811 217 2852 esse
238 2793 381 2852 iustitiam
415 2801 445 2852 et
474 2793 586 2853 cultum
612 2793 685 2869 Dei,
723 2792 869 2852 ccclesias
908 2791 1063 2868 fabricare,

149 2893 330 2937 consecrare
353 2883 383 2935 et
405 2897 422 2936 a
445 2877 580 2955 profanis
609 2877 748 2935 domibus
772 2877 918 2955 opinione
946 2885 977 2934 et
998 2895 1062 2937 oon-

149 2961 276 3019 scientia
304 2959 474 3018 sanctitatis
498 2979 650 3039 separare.
695 2960 720 3018 0
744 2959 866 3038 dignam
895 2958 956 3018 hoo
983 2958 1060 3020 idolo

148 3045 336 3123 religionem,
359 3061 449 3121 quam
474 3041 574 3122 digne,
597 3061 686 3122 quam
705 3042 831 3122 pulchre
844 3041 982 3102 Christus
1000 3061 1062 3122 pro·
1118 3097 1119 3114 ἶ

149 3128 233 3207 vidit,
257 3134 289 3184 ut
310 3126 455 3185 ecclesias
479 3135 509 3184 et
532 3145 697 3205 campanas
721 3143 902 3185 consecrare
925 3144 987 3185 uon
1000 3146 1060 3205 per·

149 3213 258 3271 sineret
290 3208 348 3268 nisi
385 3209 423 3268 ad
445 3210 619 3288 episcopos.
665 3209 900 3288 Dignissimum,
933 3209 1060 3288 iuquam,

149 3293 282 3355 officium
308 3293 540 3372 episcoporum;
574 3291 679 3370 quales
703 3294 960 3370 enimepiscopi,
995 3291 1059 3352 talia

150 3386 180 3435 et
203 3394 297 3456 opera
320 3393 435 3436 eorum.
480 3374 564 3433 ldola
586 3376 664 3433 enim
688 3384 758 3432 sunt
789 3383 820 3434 et
842 3373 962 3450 larvae,
996 3375 1058 3434 dum

149 3461 251 3536 posito
276 3456 360 3516 verbi
389 3455 490 3516 officio
522 3463 639 3546 tautum
672 3457 765 3516 titulis
788 3461 818 3516 ei
840 3456 976 3517 vestibus
997 3466 1059 3518 suot
1117 3485 1118 3498 r

151 3540 297 3618 episcopi.
340 3539 411 3598 Ideo
434 3556 495 3599 non
528 3537 640 3598 debent
673 3538 778 3599 fideles
811 3541 940 3619 animas,
963 3559 1055 3601 veram

151 3619 267 3678 scilicet
288 3621 449 3681 ecelesiam
472 3621 592 3700 christi,
615 3621 807 3684 sanctificare
831 3621 925 3685 verbo
948 3631 979 3684 et
1000 3642 1056 3684 ora
