2254 4008
156 169 198 236 36
410 171 449 226 De
467 169 546 240 Capi.
567 169 666 240 Babvl.
683 169 825 226 Ecclesiae

330 358 382 418 De
409 355 665 418 Sacramento
694 356 900 432 Alteris.¹)

237 493 402 573 Principio,
425 499 457 552 ut
477 492 516 552 ad
540 510 642 553 veram
660 492 849 572 liberamque
871 493 1080 552 huius·sacra·

155 579 248 637 menti
270 577 430 638 scientiam
453 583 518 636 tuto
541 583 572 636 et
588 576 715 636 feliciter
726 578 953 655 perveniamus,
977 593 1081 634 curan·

155 660 225 720 dum
248 669 295 720 est
315 665 388 722 ante
410 659 522 736 omnia,
545 669 577 718 ut
598 658 738 720 omuibus
761 660 797 718 iis
819 655 982 739 sepositis,
1006 675 1082 734 quae

155 743 194 806 ad
215 744 435 803 institutionem
458 742 546 802 huius
559 743 742 804 sacramenti
755 743 939 822 primitivam
963 750 995 800 et
1017 741 1082 800 sirn-

154 828 264 907 plicem
293 825 432 898 humanis
461 825 568 884 studiis
601 833 632 885 et
660 825 829 885 fervoribus
862 831 934 886 suut
970 823 1082 900 addite,

155 909 257 989 qualia
269 917 340 968 suut
353 915 463 984 vestes,
476 913 667 984 ornamenta,
679 916 797 986 cautus,
819 927 938 988 preces,
955 925 1083 986 organa,

155 994 314 1069 lucernae,
342 1000 374 1051 et
399 994 540 1052 universa
561 991 612 1050 illa
634 990 796 1050 visibilium
827 1011 927 1052 rerum
957 1007 1082 1069 pompe,

155 1075 195 1136 ad
217 1077 314 1154 ipsam
337 1075 434 1135 solam
458 1083 489 1134 et
510 1094 617 1154 puram
631 1074 742 1134 Christi
764 1074 989 1134 institucionem
1014 1091 1081 1132 ocu-

157 1159 203 1218 los
217 1165 247 1217 et
258 1159 392 1218 animum
405 1166 570 1235 vertamus,
594 1177 652 1216 uec
669 1157 756 1216 nobis
768 1157 849 1218 aliud
862 1173 1083 1237 proponamus,

155 1260 247 1321 quam
269 1244 368 1320 ipsum
386 1241 511 1308 verbum
525 1240 646 1318 Christi,
669 1258 730 1318 quo
751 1242 882 1300 instituit
903 1249 935 1300 et
955 1238 1083 1318 perfecit

156 1343 194 1384 ae
221 1323 309 1385 nobis
338 1324 564 1387 commendavit
594 1331 829 1384 sacramentum.
872 1323 957 1388 ‚Nam
989 1323 1020 1382 in
1047 1339 1082 1380 eo

156 1407 250 1468 verbo
273 1415 304 1468 et
326 1426 449 1486 prorsus
472 1406 555 1466 nullo
579 1407 639 1467 alio
662 1408 721 1466 sita
743 1416 790 1467 sat
810 1407 872 1483 vis,
905 1414 1018 1466 natura
1056 1412 1084 1464 et

157 1498 222 1551 tota
243 1489 414 1550 substantie
436 1490 568 1571 missae.
601 1489 710 1550 Cetera
732 1491 836 1552 omnia
857 1496 929 1548 suut
950 1489 1084 1548 humana
1110 1513 1118 1536 s

156 1574 257 1634 studia
279 1571 374 1634 verbo
400 1573 510 1634 Christi
532 1573 722 1652 accessoria,
755 1575 821 1634 siue
849 1571 959 1650 quibus
994 1572 1083 1630 missa

157 1659 272 1736 optime
299 1663 401 1736 potest
430 1655 535 1717 haberi
565 1663 595 1716 et
622 1654 797 1718 subsistere.
848 1655 953 1716 Verba
983 1663 1082 1714 autern

158 1739 278 1817 Christi,
301 1739 410 1819 quibus
422 1745 647 1800 sacramentum
669 1739 731 1799 hoc
743 1741 880 1816 instituit,
903 1745 976 1798 suut
994 1737 1082 1797 haec:

241 1822 449 1885 coenantibus
479 1829 580 1882 autem
614 1823 658 1882 eis
695 1825 815 1902 accepit
841 1821 932 1882 lesus
962 1839 1083 1900 penem,

156 1913 187 1967 et
208 1906 366 1968 benedixit
387 1906 531 1986 ecfregit,
554 1903 697 1984 deditque
711 1904 866 1986 discipulis
887 1906 962 1980 suis,
987 1909 1020 1964 et
1036 1904 1083 1962 ait:

157 1990 297 2070 Accipite
319 1996 350 2049 et
372 1988 565 2068 manducate,
587 1989 647 2048 hoc
669 1999 715 2048 est
737 2007 849 2068 eorpus
867 2007 980 2064 meum,
1004 1985 1082 2065 quod

157 2092 212 2153 pro
236 2072 324 2133 vobis
347 2070 535 2146 tradetur2).
578 2071 618 2131 Et
636 2073 790 2152 accipiens
820 2071 946 2130 calicem
970 2072 1083 2150 gratias

157 2157 229 2238 egit,
252 2165 283 2216 et
305 2154 388 2215 dedit
408 2156 465 2214 illia
488 2155 607 2215 diceus:
630 2154 727 2215 Bibite
750 2175 790 2215 ex
812 2153 872 2215 hoc
894 2173 1017 2232 omnes,
1039 2153 1084 2212 hic

158 2246 205 2299 est
226 2238 307 2300 calix
329 2256 442 2298 novum
466 2244 681 2299 testamentum
704 2239 734 2299 iu
758 2256 827 2299 meo
850 2237 1014 2316 sanguine,
1036 2236 1083 2314 qui

158 2339 215 2402 pro
239 2321 326 2382 vobis
349 2328 379 2380 et
406 2340 462 2401 pro
487 2321 587 2380 multis
615 2320 785 2382 effundetur
812 2322 842 2380 iu
871 2321 1081 2380 remissionem

158 2411 365 2485 peccatorum,
388 2405 448 2464 hoc
459 2405 551 2465 facite
572 2406 601 2463 iu
625 2424 724 2464 msam
747 2404 1082 2464 commemorationem.

241 2486 328 2562 Quae
351 2487 445 2548 verba
475 2496 505 2548 et
534 2488 694 2566 aposlolus
716 2486 740 2548 1.
764 2487 899 2550 Corinth.
924 2491 972 2550 ll.
997 2485 1083 2546 tradit

158 2577 188 2632 et
210 2571 300 2630 latius
323 2571 473 2650 explicet,
496 2572 605 2650 quibus
627 2589 684 2630 nos
707 2577 829 2650 oportet
851 2571 919 2647 niti,
942 2580 974 2630 et
995 2588 1083 2648 super

159 2673 201 2714 ea
218 2653 382 2728 aedificari,
405 2653 461 2714 ce'u
484 2673 576 2734 supra
597 2653 716 2714 firmem
738 2651 865 2734 petram,
889 2655 914 2714 si
928 2652 1083 2715 nouvolu·

160 2757 226 2798 mus
250 2739 333 2798 omui
346 2745 438 2798 vento
460 2739 618 2798 doctrinae
631 2738 825 2812 circumferri,
845 2737 924 2797 sicut
937 2737 1081 2798 hactenus

159 2820 328 2881 circumlati
363 2816 483 2897 sumus',
519 2841 574 2902 per
604 2822 714 2900 impias
742 2821 896 2883 doctrinas
927 2820 1080 2881 homiuum

159 2904 364 2967 aversantium
387 2906 555 2965 veritatem.
599 2904 679 2964 Nihil
701 2907 781 2966 enim
804 2904 835 2964 in
857 2906 903 2965 his
926 2905 1081 2975 omissum,

159 2985 241 3067 quod
266 2987 305 3048 ad
327 2989 543 3068 integritatem,
567 3008 653 3048 usum
672 2996 702 3048 et
723 2989 850 3049 fructum
874 2989 962 3048 huius
985 3004 1081 3046 sacra·

160 3072 254 3132 menti
275 3073 421 3150 pertinet,
452 3072 586 3150 nihilque
614 3073 764 3151 positum,
793 3072 875 3151 quod
897 3068 1080 3150 superfluum

160 3163 191 3214 et
218 3172 280 3214 uon
316 3156 521 3214 necessarium
556 3155 596 3215 sit
627 3155 715 3215 nobis
750 3174 852 3218 nosse.
907 3154 966 3230 Qui
1003 3153 1079 3214 enim

159 3238 281 3298 omissis
303 3237 349 3298 his
374 3237 473 3298 verbis
496 3238 534 3298 de
558 3238 710 3298 missavel
728 3238 891 3300 meditatur
914 3237 961 3298 vel
985 3237 1081 3308 docet,

161 3324 298 3380 monstra
319 3321 482 3400 impietatis
504 3321 642 3397 docebit,
671 3328 703 3381 ut
731 3322 844 3382 factum
875 3329 921 3382 est
942 3340 997 3401 per
1019 3338 1078 3397 eos,

161 3404 213 3482 qui
235 3400 312 3483 opus
336 3409 496 3482 operatum
519 3411 550 3464 et
572 3403 753 3464 sacrificium
776 3424 814 3466 ax
837 3423 875 3468 eo
898 3405 1042 3468 fecerunt.

205 3594 250 3659 .1)
269 3592 301 3646 ln
320 3593 361 3647 ed.
378 3593 449 3660 orig.
469 3591 569 3644 desunt
586 3593 655 3646 haec
673 3594 758 3648 verba
773 3595 971 3664 inscriptionis,
989 3614 1024 3651 ex
1042 3596 1080 3649 ed.

161 3663 225 3719 deu.
243 3667 366 3734 repetite.
401 3663 434 3730 2)
455 3661 487 3716 Iu
506 3663 549 3716 ad.
566 3662 649 3720 dent.
664 3664 791 3720 traditur.
