2258 4002
157 171 220 240 162
351 173 478 232 Assertio
501 192 579 233 omn.
595 178 675 233 artic.
694 173 729 233 D.
748 178 781 232 li.
800 173 831 232 L.
843 193 893 248 per

157 332 226 412 ipsa
245 330 433 412 doceantur,
455 332 636 412 probentur,
658 334 832 413 aperiantur
854 340 884 392 et
911 331 1060 397 fumantur.
1110 373 1111 410 ,

158 413 224 474 Nisi
246 415 327 474 enim
348 434 387 475 ee
408 417 562 495 apertiora
583 427 613 476 et
635 416 930 492 certioraducerent,
950 416 1063 476 ridicule
1110 423 1111 476 t

159 516 215 558 aua
238 497 370 558 obscura
391 518 445 578 per
467 499 645 559 obscuriora
667 499 724 558 Dei
751 500 884 578 probare
904 517 1064 578 praesume·

158 588 236 659 rent,
259 599 327 641 cum
340 589 371 641 et
383 582 564 658 Aristoteles
575 583 703 642 istorum
718 584 938 661 universusque
950 591 1064 642 naturae

160 682 268 724 sensus
290 664 322 724 id
343 671 523 741 monstrent,
545 664 628 744 quod
650 668 756 745 ignota
777 684 832 746 per
853 665 1065 725 notioraetob·

158 765 250 807 ecura
270 766 327 828 per
345 749 509 828 manifesta
530 749 732 808 demonstrari
755 757 905 828 oporteat

241 829 329 906 Quae
349 850 423 911 crgo
447 839 493 890 est
514 838 619 892 nostra
646 839 708 891 tarn
736 831 905 912 irreligiosa
931 832 1066 910 perversi·

158 920 218 991 tas,
239 922 274 973 ut
295 933 399 975 sacras
421 915 523 974 literas
545 933 607 975 non
629 933 685 995 per
696 934 729 974 se
741 917 823 996 ipsas
837 913 996 974 stilianum
1008 931 1066 992 pro·

161 998 264 1076 prium
288 998 435 1077 spiritum,
459 998 512 1058 sed
536 1018 591 1078 per
612 998 768 1058 hominnm
797 999 920 1077 glossas
951 996 1067 1056 velimus

125 1097 127 1102 ·
158 1080 287 1158 discere,
310 1079 430 1140 diverso
454 1083 587 1141 omnium
609 1081 733 1156 Petrum
755 1081 910 1164 exempto,
922 1087 953 1140 et
973 1082 1002 1138 in
1017 1079 1067 1138 hac

156 1165 356 1243 perversitate
388 1163 556 1244 gloriemur
594 1183 651 1224 ceu
683 1165 914 1243 religiosissima
944 1161 1068 1243 pietate?

156 1245 189 1308 Si
216 1247 296 1305 enim
321 1246 382 1306 hoc
397 1248 548 1326 volumus,
570 1248 776 1308 concedemus
799 1247 972 1327 Scripturas
993 1263 1069 1304 sanc·
1110 1267 1111 1274 ¹

158 1337 205 1388 tna
228 1348 296 1389 esse
307 1329 503 1392 obscuriores
515 1337 546 1390 et
559 1332 737 1410 ignotiores,
749 1349 840 1410 quem
851 1330 975 1389 Petrum
987 1329 1069 1407 scrip·

157 1419 250 1472 tures.
290 1412 360 1473 Hoc
379 1423 483 1474 autem
507 1413 642 1474 admisso
664 1415 789 1474 ulterius
806 1412 957 1490 dabimus,
980 1411 1009 1472 S.
1023 1411 1069 1470 Pa·

158 1503 218 1555 tres
243 1497 307 1556 suis
322 1498 558 1556 commentariis
580 1497 654 1556 nihii
675 1497 759 1558 aliud
780 1497 900 1574 fecisse,
924 1515 1015 1576 quam
1034 1501 1070 1572 ut,

160 1579 233 1638 dnm
253 1599 312 1638 aua
335 1579 467 1658 probent
488 1599 544 1661 per
565 1579 748 1660 Scripturas,
771 1583 891 1640 uouere
922 1579 1071 1658 probarint

156 1681 212 1742 per
233 1662 396 1741 ignotiora,
409 1669 440 1722 et
461 1665 506 1722 sie
528 1673 588 1723 tam
612 1681 646 1724 ee
667 1665 752 1744 ipsos
775 1681 864 1742 quam
878 1681 937 1722 nos
957 1662 1071 1721 mireil-

156 1745 299 1824 luserint,
322 1764 509 1826 prorsusque
532 1749 562 1806 in
594 1765 705 1806 vanum
731 1746 938 1824 laboraverint
960 1753 991 1804 et
1012 1746 1070 1820 en't,

155 1836 189 1888 nt
215 1827 284 1908 plus
318 1829 478 1889 credamus
513 1830 781 1910 interpretantibus
817 1847 909 1910 quam
943 1829 1072 1910 loquenti
1110 1829 1111 1832 ’

156 1910 341 1991 Scripturas,
362 1914 431 1991 quis
451 1912 658 1974 iteinsauiat?
773 1930 777 1937 ·

239 1995 302 2054 larn
325 1997 430 2075 quanti
453 2015 574 2056 errores
601 2000 631 2056 in
656 1995 791 2056 emnium
814 1993 936 2054 Petrum
959 1994 1071 2073 scriptis

156 2079 271 2138 inventi
294 2077 387 2138 sunt?
423 2078 550 2155 Quoties
573 2080 630 2140 sibi
657 2080 730 2158 ipsis
752 2077 916 2158 pugnant?
952 2077 1072 2154 Quoties

156 2162 288 2222 invicem
312 2161 517 2222 dissentiunt?
541 2161 615 2237 Quis
628 2175 684 2239 est,
705 2163 758 2240 ¹qui
771 2181 832 2222 non
845 2162 969 2241 saepius
980 2160 1073 2239 Scrip-

157 2250 240 2304 turas
262 2244 404 2305 torserit?
446 2245 574 2320 Quoties
598 2249 786 2326 Augustinus
813 2247 913 2305 solum
938 2245 1076 2323 disputat,

156 2326 231 2388 nihil
251 2327 376 2388 definit?
398 2329 604 2410 Hieronymus
628 2329 909 2389 incommentariia
931 2328 993 2386 fere
1009 2326 1075 2385 nihil

157 2412 282 2489 asserit,
297 2429 359 2490 qua
388 2421 490 2472 autem
520 2414 685 2474 securitate
714 2429 877 2492 possumus
899 2410 990 2470 alicui
1015 2410 1073 2485 niti,

156 2512 247 2573 quem
261 2496 431 2556 constiterit
443 2497 565 2576 saepius
575 2515 705 2573 ¹errasse,
718 2495 774 2555 sibi
792 2503 822 2556 et
832 2494 900 2554 aliis
913 2511 1073 2573 pugnasse,

157 2578 321 2658 Scripturis
344 2580 404 2638 vim
427 2579 547 2658 fecisse,
570 2579 643 2639 nihil
655 2579 832 2656 asseruisse,
848 2579 906 2636 nisi
918 2578 1073 2636 autoritate

157 2659 332 2740 Scripturas
355 2681 412 2724 nos
436 2665 539 2722 omnia
560 2681 665 2724 eorum
689 2681 756 2721 cum
769 2661 883 2721 iudicio
895 2657 1073 2740 legerimus?

156 2743 270 2804 Nullus·
286 2746 388 2826 attigit
409 2745 582 2826 Scripturas
604 2745 830 2825 aequalitatem,
852 2744 932 2803 sicut
952 2761 1011 2803 nec
1031 2742 1073 2801 de

156 2826 231 2904 buit,
243 2847 417 2908 quanquam
432 2831 542 2890 vetusti
558 2830 602 2890 illi
626 2829 751 2910 propius
771 2829 967 2902 accesserint,
997 2824 1071 2906 quod

156 2911 189 2970 in
211 2910 374 2991 Scripturia
387 2912 598 2994 diligentiores
622 2915 750 2973 fuerunt.
785 2910 884 2970 Nemo
908 2927 982 2990 ergo
1005 2909 1070 2968 mihi

75 3058 86 3076 Ι
157 3000 305 3074 opponat
319 2995 423 3075 Papae
448 3005 500 3057 aut
511 2997 617 3058 Sancti
641 2996 773 3055 cuiusvis
796 2995 1004 3070 autoritatem,
1021 2992 1071 3051 nisi

156 3077 320 3158 Scriptums
344 3081 499 3144 munitam.
522 3080 702 3140 Necstatim
714 3077 908 3155 vociferetur,
925 3087 1076 3145 mennam?

157 3161 238 3221 vella
260 3161 400 3223 omnibus
424 3164 590 3224 doctiorem
615 3162 709 3222 videri
728 3171 758 3222 et
768 3161 939 3241 Scripturas
954 3159 1071 3240 proprio

155 3245 264 3324 spiritu
283 3245 462 3326 intelligere.
492 3248 576 3308 Haec
590 3247 670 3306 enim
685 3264 747 3306 non
760 3253 830 3304 sunt
844 3239 1071 3304 vociferationes

158 3329 370 3406 quaerentium
394 3329 450 3388 Dei
461 3332 629 3407 veritatem,
652 3329 704 3388 sed
719 3347 805 3388 suam
817 3329 997 3388 vanitatem.
1015 3327 1071 3387 Aut

158 3428 228 3468 enm
250 3409 357 3472 efferat
374 3420 522 3490 autorem,
542 3431 631 3491 quem
647 3417 768 3472 constet
781 3429 935 3490 nunquam
952 3427 1071 3483 errasse,

73 3543 86 3568 ,
159 3489 330 3569 Scripturas
352 3494 486 3568 torsisse,
509 3496 575 3554 aliis
598 3502 629 3554 et
649 3495 706 3554 sibi
727 3512 892 3574 pugnasse,
914 3493 1072 3554 dubitasse.

158 3571 239 3632 Nolo
262 3576 394 3635 omnium
410 3575 529 3637 doctior
550 3579 672 3655 iactari,
695 3577 749 3637 sed
772 3577 869 3638 solam
892 3576 1070 3658 scripturam

159 3673 297 3736 regnare,
316 3677 376 3718 nec
397 3677 464 3718 eam
486 3678 556 3720 meo
578 3661 684 3741 spiritu
706 3661 901 3722 autullorum
917 3660 1068 3722 hominum
