<?xml version="1.0" encoding="UTF-8"?>
<!DOCTYPE html PUBLIC "-//W3C//DTD XHTML 1.0 Transitional//EN"
    "http://www.w3.org/TR/xhtml1/DTD/xhtml1-transitional.dtd">
<html xmlns="http://www.w3.org/1999/xhtml" xml:lang="en" lang="en">
 <head>
  <title>
</title>
<meta http-equiv="Content-Type" content="text/html;charset=utf-8" />
  <meta name='ocr-system' content='tesseract 3.04.00' />
  <meta name='ocr-capabilities' content='ocr_page ocr_carea ocr_par ocr_line ocrx_word'/>
</head>
<body>
  <div class='ocr_page' id='page_1' title='image "./operalatinavari03schmgoog_0027.png"; bbox 0 0 2254 4008; ppageno 0'>
   <div class='ocr_carea' id='block_1_1' title="bbox 125 107 797 182">
    <p class='ocr_par' dir='ltr' id='par_1_1' title="bbox 125 107 797 182">
     <span class='ocr_line' id='line_1_1' title="bbox 125 107 797 182; baseline 0 -16"><span class='ocrx_word' id='word_1_1' title='bbox 125 107 166 176; x_wconf 81' lang='grc'>16</span> <span class='ocrx_word' id='word_1_2' title='bbox 381 110 424 166; x_wconf 84' lang='lat' dir='ltr'>Da</span> <span class='ocrx_word' id='word_1_3' title='bbox 442 109 521 182; x_wconf 76' lang='lat' dir='ltr'>Oapt.</span> <span class='ocrx_word' id='word_1_4' title='bbox 539 109 638 180; x_wconf 83' lang='lat' dir='ltr'>Babyl.</span> <span class='ocrx_word' id='word_1_5' title='bbox 656 108 797 166; x_wconf 76' lang='lat' dir='ltr'>Eoolsaia‘e</span> 
     </span>
    </p>
   </div>
   <div class='ocr_carea' id='block_1_2' title="bbox 147 343 1037 506">
    <p class='ocr_par' dir='ltr' id='par_1_2' title="bbox 147 343 1037 506">
     <span class='ocr_line' id='line_1_2' title="bbox 147 343 1037 432; baseline -0.006 -18"><span class='ocrx_word' id='word_1_6' title='bbox 147 347 193 416; x_wconf 91' lang='lat' dir='ltr'>Da</span> <span class='ocrx_word' id='word_1_7' title='bbox 216 346 416 432; x_wconf 72' lang='lat' dir='ltr'>captivitato</span> <span class='ocrx_word' id='word_1_8' title='bbox 437 346 635 431; x_wconf 83' lang='lat' dir='ltr'>Babylonios</span> <span class='ocrx_word' id='word_1_9' title='bbox 655 345 806 414; x_wconf 81' lang='lat' dir='ltr'>aeclesias</span> <span class='ocrx_word' id='word_1_10' title='bbox 822 343 1037 414; x_wconf 83' lang='lat' dir='ltr'>Praeiudimn</span> 
     </span>
     <span class='ocr_line' id='line_1_3' title="bbox 407 429 836 506; baseline 0 -9"><span class='ocrx_word' id='word_1_11' title='bbox 407 430 444 497; x_wconf 87' lang='lat' dir='ltr'>D.</span> <span class='ocrx_word' id='word_1_12' title='bbox 466 431 562 498; x_wconf 81' lang='lat' dir='ltr'>Mart.</span> <span class='ocrx_word' id='word_1_13' title='bbox 583 429 767 506; x_wconf 61' lang='lat' dir='ltr'>tudano</span> <span class='ocrx_word' id='word_1_14' title='bbox 834 475 836 482; x_wconf 71' lang='lat'><em>,</em></span> 
     </span>
    </p>
   </div>
   <div class='ocr_carea' id='block_1_3' title="bbox 523 581 654 642">
    <p class='ocr_par' dir='ltr' id='par_1_3' title="bbox 523 581 654 642">
     <span class='ocr_line' id='line_1_4' title="bbox 523 581 654 642; baseline 0 0"><span class='ocrx_word' id='word_1_15' title='bbox 523 581 543 642; x_wconf 86' lang='lat' dir='ltr'>J</span> <span class='ocrx_word' id='word_1_16' title='bbox 552 599 654 642; x_wconf 87' lang='lat' dir='ltr'>esus.</span> 
     </span>
    </p>
   </div>
   <div class='ocr_carea' id='block_1_4' title="bbox 160 721 1020 888">
    <p class='ocr_par' dir='ltr' id='par_1_4' title="bbox 160 721 1020 888">
     <span class='ocr_line' id='line_1_5' title="bbox 160 721 1020 886; baseline -0.003 -86"><span class='ocrx_word' id='word_1_17' title='bbox 160 721 307 800; x_wconf 79' lang='lat' dir='ltr'>Martinus</span> <span class='ocrx_word' id='word_1_18' title='bbox 329 738 487 819; x_wconf 85' lang='lat' dir='ltr'>Lutherus‚</span> <span class='ocrx_word' id='word_1_19' title='bbox 510 739 652 886; x_wconf 62' lang='lat' dir='ltr'>Angusst„</span> <span class='ocrx_word' id='word_1_20' title='bbox 673 738 850 802; x_wconf 80' lang='lat' dir='ltr'><strong>Hermanno</strong></span> <span class='ocrx_word' id='word_1_21' title='bbox 872 737 1020 800; x_wconf 82' lang='lat' dir='ltr'>Tuliohio</span> 
     </span>
     <span class='ocr_line' id='line_1_6' title="bbox 531 841 642 888; baseline 0.054 -6"><span class='ocrx_word' id='word_1_22' title='bbox 531 841 589 884; x_wconf 89' lang='lat' dir='ltr'>suo</span> <span class='ocrx_word' id='word_1_23' title='bbox 634 869 642 888; x_wconf 86' lang='lat'><strong>.</strong></span> 
     </span>
    </p>
   </div>
   <div class='ocr_carea' id='block_1_5' title="bbox 128 945 1112 2027">
    <p class='ocr_par' dir='ltr' id='par_1_5' title="bbox 128 945 1112 2027">
     <span class='ocr_line' id='line_1_7' title="bbox 211 945 1064 1029; baseline -0.002 -21"><span class='ocrx_word' id='word_1_24' title='bbox 211 948 322 1027; x_wconf 85' lang='lat' dir='ltr'>Velim,</span> <span class='ocrx_word' id='word_1_25' title='bbox 345 948 450 1026; x_wconf 77' lang='lat' dir='ltr'>nolim,</span> <span class='ocrx_word' id='word_1_26' title='bbox 473 967 569 1029; x_wconf 82' lang='lat' dir='ltr'>cogor</span> <span class='ocrx_word' id='word_1_27' title='bbox 589 950 620 1009; x_wconf 89' lang='lat' dir='ltr'>in</span> <span class='ocrx_word' id='word_1_28' title='bbox 636 949 700 1009; x_wconf 89' lang='lat' dir='ltr'>dies</span> <span class='ocrx_word' id='word_1_29' title='bbox 723 947 870 1009; x_wconf 83' lang='lat' dir='ltr'>eruditior</span> <span class='ocrx_word' id='word_1_30' title='bbox 891 945 976 1025; x_wconf 84' lang='lat' dir='ltr'>fleri,</span> <span class='ocrx_word' id='word_1_31' title='bbox 1012 951 1064 1007; x_wconf 92' lang='lat' dir='ltr'>tot</span> 
     </span>
     <span class='ocr_line' id='line_1_8' title="bbox 128 1031 1064 1112; baseline -0.004 -20"><span class='ocrx_word' id='word_1_32' title='bbox 128 1031 281 1110; x_wconf 78' lang='lat' dir='ltr'>tantisque</span> <span class='ocrx_word' id='word_1_33' title='bbox 302 1033 454 1112; x_wconf 86' lang='lat' dir='ltr'>Magistris</span> <span class='ocrx_word' id='word_1_34' title='bbox 477 1034 615 1092; x_wconf 81' lang='lat' dir='ltr'>certatim</span> <span class='ocrx_word' id='word_1_35' title='bbox 644 1051 693 1092; x_wconf 89' lang='lat' dir='ltr'>me</span> <span class='ocrx_word' id='word_1_36' title='bbox 715 1031 893 1110; x_wconf 83' lang='lat' dir='ltr'>urgentibus</span> <span class='ocrx_word' id='word_1_37' title='bbox 916 1037 949 1090; x_wconf 92' lang='lat' dir='ltr'>et</span> <span class='ocrx_word' id='word_1_38' title='bbox 970 1049 1064 1090; x_wconf 87' lang='lat' dir='ltr'>exer·</span> 
     </span>
     <span class='ocr_line' id='line_1_9' title="bbox 129 1113 1062 1195; baseline -0.005 -20"><span class='ocrx_word' id='word_1_39' title='bbox 129 1114 277 1176; x_wconf 84' lang='lat' dir='ltr'>sentibus.</span> <span class='ocrx_word' id='word_1_40' title='bbox 321 1115 367 1175; x_wconf 89' lang='lat' dir='ltr'>De</span> <span class='ocrx_word' id='word_1_41' title='bbox 393 1113 589 1195; x_wconf 83' lang='lat' dir='ltr'>indulgentiis</span> <span class='ocrx_word' id='word_1_42' title='bbox 614 1124 685 1176; x_wconf 88' lang='lat' dir='ltr'>ante</span> <span class='ocrx_word' id='word_1_43' title='bbox 706 1114 784 1176; x_wconf 90' lang='lat' dir='ltr'>dnos</span> <span class='ocrx_word' id='word_1_44' title='bbox 807 1133 905 1176; x_wconf 88' lang='lat' dir='ltr'>annos</span> <span class='ocrx_word' id='word_1_45' title='bbox 935 1113 1062 1192; x_wconf 78' lang='lat' dir='ltr'>scripsi,</span> 
     </span>
     <span class='ocr_line' id='line_1_10' title="bbox 128 1196 1065 1278; baseline -0.004 -20"><span class='ocrx_word' id='word_1_46' title='bbox 128 1196 182 1258; x_wconf 87' lang='lat' dir='ltr'>ssd</span> <span class='ocrx_word' id='word_1_47' title='bbox 205 1197 266 1274; x_wconf 82' lang='lat' dir='ltr'>sio,</span> <span class='ocrx_word' id='word_1_48' title='bbox 299 1205 332 1257; x_wconf 92' lang='lat' dir='ltr'>ut</span> <span class='ocrx_word' id='word_1_49' title='bbox 354 1216 402 1258; x_wconf 92' lang='lat' dir='ltr'>me</span> <span class='ocrx_word' id='word_1_50' title='bbox 433 1217 516 1258; x_wconf 90' lang='lat' dir='ltr'>nuno</span> <span class='ocrx_word' id='word_1_51' title='bbox 544 1200 652 1259; x_wconf 92' lang='lat' dir='ltr'>mirum</span> <span class='ocrx_word' id='word_1_52' title='bbox 681 1199 711 1257; x_wconf 92' lang='lat' dir='ltr'>in</span> <span class='ocrx_word' id='word_1_53' title='bbox 742 1197 867 1258; x_wconf 90' lang='lat' dir='ltr'>modum</span> <span class='ocrx_word' id='word_1_54' title='bbox 896 1197 1065 1278; x_wconf 85' lang='lat' dir='ltr'>poeniteat</span> 
     </span>
     <span class='ocr_line' id='line_1_11' title="bbox 128 1278 1065 1361; baseline -0.004 -19"><span class='ocrx_word' id='word_1_55' title='bbox 128 1279 200 1342; x_wconf 88' lang='lat' dir='ltr'>editi</span> <span class='ocrx_word' id='word_1_56' title='bbox 230 1279 333 1343; x_wconf 88' lang='lat' dir='ltr'>libelli.</span> <span class='ocrx_word' id='word_1_57' title='bbox 394 1280 566 1344; x_wconf 87' lang='lat' dir='ltr'>Haerebam</span> <span class='ocrx_word' id='word_1_58' title='bbox 595 1283 675 1342; x_wconf 88' lang='lat' dir='ltr'>enim</span> <span class='ocrx_word' id='word_1_59' title='bbox 704 1278 734 1341; x_wconf 93' lang='lat' dir='ltr'>id</span> <span class='ocrx_word' id='word_1_60' title='bbox 766 1282 913 1361; x_wconf 89' lang='lat' dir='ltr'>temporis</span> <span class='ocrx_word' id='word_1_61' title='bbox 941 1297 1065 1359; x_wconf 87' lang='lat' dir='ltr'>magna</span> 
     </span>
     <span class='ocr_line' id='line_1_12' title="bbox 130 1362 1112 1444; baseline -0.002 -21"><span class='ocrx_word' id='word_1_62' title='bbox 130 1362 262 1442; x_wconf 86' lang='lat' dir='ltr'>quadam</span> <span class='ocrx_word' id='word_1_63' title='bbox 291 1364 509 1444; x_wconf 74' lang='lat' dir='ltr'>superstitione</span> <span class='ocrx_word' id='word_1_64' title='bbox 530 1365 691 1425; x_wconf 89' lang='lat' dir='ltr'>Romanae</span> <span class='ocrx_word' id='word_1_65' title='bbox 713 1363 899 1444; x_wconf 81' lang='lat' dir='ltr'>tyrannidis,</span> <span class='ocrx_word' id='word_1_66' title='bbox 922 1362 1008 1423; x_wconf 90' lang='lat' dir='ltr'>unde</span> <span class='ocrx_word' id='word_1_67' title='bbox 1032 1368 1065 1422; x_wconf 87' lang='lat' dir='ltr'>at</span> <span class='ocrx_word' id='word_1_68' title='bbox 1111 1401 1112 1406; x_wconf 22' lang='grc' dir='ltr'><strong>κ</strong></span> 
     </span>
     <span class='ocr_line' id='line_1_13' title="bbox 128 1445 1112 1526; baseline -0.002 -20"><span class='ocrx_word' id='word_1_69' title='bbox 128 1445 335 1526; x_wconf 77' lang='lat' dir='ltr'>indulgentias</span> <span class='ocrx_word' id='word_1_70' title='bbox 358 1465 418 1507; x_wconf 90' lang='lat' dir='ltr'>non</span> <span class='ocrx_word' id='word_1_71' title='bbox 441 1448 565 1526; x_wconf 87' lang='lat' dir='ltr'>penitus</span> <span class='ocrx_word' id='word_1_72' title='bbox 587 1447 767 1508; x_wconf 85' lang='lat' dir='ltr'>reiioiendaa</span> <span class='ocrx_word' id='word_1_73' title='bbox 789 1465 858 1508; x_wconf 88' lang='lat' dir='ltr'>esse</span> <span class='ocrx_word' id='word_1_74' title='bbox 880 1445 1063 1526; x_wconf 77' lang='lat' dir='ltr'>censebam,</span> <span class='ocrx_word' id='word_1_75' title='bbox 1111 1465 1112 1468; x_wconf 44' lang='lat'>¹</span> 
     </span>
     <span class='ocr_line' id='line_1_14' title="bbox 131 1528 1063 1610; baseline -0.001 -22"><span class='ocrx_word' id='word_1_76' title='bbox 131 1547 207 1610; x_wconf 85' lang='lat' dir='ltr'>quas</span> <span class='ocrx_word' id='word_1_77' title='bbox 230 1536 316 1590; x_wconf 88' lang='lat' dir='ltr'>tanto</span> <span class='ocrx_word' id='word_1_78' title='bbox 340 1529 497 1590; x_wconf 91' lang='lat' dir='ltr'>hominum</span> <span class='ocrx_word' id='word_1_79' title='bbox 512 1549 665 1592; x_wconf 89' lang='lat' dir='ltr'>oonsensu</span> <span class='ocrx_word' id='word_1_80' title='bbox 677 1529 839 1591; x_wconf 77' lang='lat' dir='ltr'>cernebam</span> <span class='ocrx_word' id='word_1_81' title='bbox 853 1528 1063 1610; x_wconf 76' lang='lat' dir='ltr'>comprobari.</span> 
     </span>
     <span class='ocr_line' id='line_1_15' title="bbox 131 1611 1061 1693; baseline 0.002 -20"><span class='ocrx_word' id='word_1_82' title='bbox 131 1611 197 1673; x_wconf 84' lang='lat' dir='ltr'>Neo</span> <span class='ocrx_word' id='word_1_83' title='bbox 219 1614 337 1692; x_wconf 86' lang='lat' dir='ltr'>mirum,</span> <span class='ocrx_word' id='word_1_84' title='bbox 361 1614 433 1693; x_wconf 91' lang='lat' dir='ltr'>quia</span> <span class='ocrx_word' id='word_1_85' title='bbox 455 1613 538 1674; x_wconf 90' lang='lat' dir='ltr'>solus</span> <span class='ocrx_word' id='word_1_86' title='bbox 567 1621 628 1674; x_wconf 89' lang='lat' dir='ltr'>tum</span> <span class='ocrx_word' id='word_1_87' title='bbox 657 1612 821 1674; x_wconf 79' lang='lat' dir='ltr'>volvebam</span> <span class='ocrx_word' id='word_1_88' title='bbox 848 1614 908 1674; x_wconf 89' lang='lat' dir='ltr'>hoo</span> <span class='ocrx_word' id='word_1_89' title='bbox 935 1631 1061 1675; x_wconf 86' lang='lat' dir='ltr'>saxum.</span> 
     </span>
     <span class='ocr_line' id='line_1_16' title="bbox 131 1693 1061 1778; baseline -0.003 -22"><span class='ocrx_word' id='word_1_90' title='bbox 131 1697 172 1756; x_wconf 84' lang='lat' dir='ltr'>At</span> <span class='ocrx_word' id='word_1_91' title='bbox 193 1704 318 1776; x_wconf 88' lang='lat' dir='ltr'>postea,</span> <span class='ocrx_word' id='word_1_92' title='bbox 349 1695 501 1758; x_wconf 80' lang='lat' dir='ltr'>beneficio</span> <span class='ocrx_word' id='word_1_93' title='bbox 531 1695 677 1778; x_wconf 80' lang='lat' dir='ltr'>Sylvestri</span> <span class='ocrx_word' id='word_1_94' title='bbox 706 1703 737 1756; x_wconf 89' lang='lat' dir='ltr'>et</span> <span class='ocrx_word' id='word_1_95' title='bbox 755 1697 891 1757; x_wconf 78' lang='lat' dir='ltr'>Fratrum</span> <span class='ocrx_word' id='word_1_96' title='bbox 923 1693 1061 1772; x_wconf 80' lang='lat' dir='ltr'>adiutus,</span> 
     </span>
     <span class='ocr_line' id='line_1_17' title="bbox 129 1777 1061 1859; baseline -0.003 -19"><span class='ocrx_word' id='word_1_97' title='bbox 129 1779 181 1859; x_wconf 87' lang='lat' dir='ltr'>qui</span> <span class='ocrx_word' id='word_1_98' title='bbox 208 1786 331 1840; x_wconf 88' lang='lat' dir='ltr'>strenue</span> <span class='ocrx_word' id='word_1_99' title='bbox 359 1780 426 1840; x_wconf 88' lang='lat' dir='ltr'>illas</span> <span class='ocrx_word' id='word_1_100' title='bbox 454 1780 543 1842; x_wconf 89' lang='lat' dir='ltr'>tutati</span> <span class='ocrx_word' id='word_1_101' title='bbox 576 1786 664 1856; x_wconf 80' lang='lat' dir='ltr'>sunt,</span> <span class='ocrx_word' id='word_1_102' title='bbox 697 1778 851 1859; x_wconf 74' lang='lat' dir='ltr'>intellexi,</span> <span class='ocrx_word' id='word_1_103' title='bbox 893 1799 946 1840; x_wconf 93' lang='lat' dir='ltr'>eas</span> <span class='ocrx_word' id='word_1_104' title='bbox 974 1777 1061 1838; x_wconf 88' lang='lat' dir='ltr'>alind</span> 
     </span>
     <span class='ocr_line' id='line_1_18' title="bbox 130 1859 1062 1944; baseline -0.004 -21"><span class='ocrx_word' id='word_1_105' title='bbox 130 1881 191 1923; x_wconf 91' lang='lat' dir='ltr'>non</span> <span class='ocrx_word' id='word_1_106' title='bbox 215 1882 293 1942; x_wconf 86' lang='lat' dir='ltr'>esse,</span> <span class='ocrx_word' id='word_1_107' title='bbox 316 1882 408 1944; x_wconf 85' lang='lat' dir='ltr'>quam</span> <span class='ocrx_word' id='word_1_108' title='bbox 430 1882 529 1923; x_wconf 92' lang='lat' dir='ltr'>meras</span> <span class='ocrx_word' id='word_1_109' title='bbox 553 1863 745 1924; x_wconf 80' lang='lat' dir='ltr'>adulatorum</span> <span class='ocrx_word' id='word_1_110' title='bbox 767 1863 983 1924; x_wconf 87' lang='lat' dir='ltr'>Romanorum</span> <span class='ocrx_word' id='word_1_111' title='bbox 1007 1859 1062 1920; x_wconf 91' lang='lat' dir='ltr'>im-</span> 
     </span>
     <span class='ocr_line' id='line_1_19' title="bbox 130 1942 1061 2027; baseline -0.003 -22"><span class='ocrx_word' id='word_1_112' title='bbox 130 1953 284 2027; x_wconf 85' lang='lat' dir='ltr'>posturas,</span> <span class='ocrx_word' id='word_1_113' title='bbox 307 1945 416 2025; x_wconf 91' lang='lat' dir='ltr'>quibus</span> <span class='ocrx_word' id='word_1_114' title='bbox 439 1953 469 2006; x_wconf 90' lang='lat' dir='ltr'>et</span> <span class='ocrx_word' id='word_1_115' title='bbox 490 1945 582 2006; x_wconf 88' lang='lat' dir='ltr'>fidem</span> <span class='ocrx_word' id='word_1_116' title='bbox 596 1947 651 2006; x_wconf 90' lang='lat' dir='ltr'>Dei</span> <span class='ocrx_word' id='word_1_117' title='bbox 675 1951 707 2006; x_wconf 93' lang='lat' dir='ltr'>et</span> <span class='ocrx_word' id='word_1_118' title='bbox 728 1947 874 2026; x_wconf 78' lang='lat' dir='ltr'>pecunias</span> <span class='ocrx_word' id='word_1_119' title='bbox 897 1942 1061 2006; x_wconf 91' lang='lat' dir='ltr'>hominum</span> 
     </span>
    </p>
   </div>
   <div class='ocr_carea' id='block_1_6' title="bbox 89 2027 1062 2441">
    <p class='ocr_par' dir='ltr' id='par_1_6' title="bbox 89 2027 1062 2441">
     <span class='ocr_line' id='line_1_20' title="bbox 130 2027 1060 2110; baseline -0.003 -21"><span class='ocrx_word' id='word_1_120' title='bbox 130 2027 303 2109; x_wconf 86' lang='lat' dir='ltr'>perderent.</span> <span class='ocrx_word' id='word_1_121' title='bbox 346 2029 448 2108; x_wconf 86' lang='lat' dir='ltr'>Atque</span> <span class='ocrx_word' id='word_1_122' title='bbox 476 2030 591 2090; x_wconf 90' lang='lat' dir='ltr'>utinam</span> <span class='ocrx_word' id='word_1_123' title='bbox 622 2049 641 2089; x_wconf 86' lang='lat' dir='ltr'>a</span> <span class='ocrx_word' id='word_1_124' title='bbox 668 2028 842 2110; x_wconf 90' lang='lat' dir='ltr'>bibliopolis</span> <span class='ocrx_word' id='word_1_125' title='bbox 870 2047 984 2108; x_wconf 88' lang='lat' dir='ltr'>queam</span> <span class='ocrx_word' id='word_1_126' title='bbox 1007 2029 1060 2086; x_wconf 90' lang='lat' dir='ltr'>im·</span> 
     </span>
     <span class='ocr_line' id='line_1_21' title="bbox 89 2111 1062 2194; baseline 0 -23"><span class='ocrx_word' id='word_1_127' title='bbox 89 2141 91 2148; x_wconf 41' lang='lat' dir='ltr'>v</span> <span class='ocrx_word' id='word_1_128' title='bbox 130 2118 265 2191; x_wconf 82' lang='lat' dir='ltr'>patrare,</span> <span class='ocrx_word' id='word_1_129' title='bbox 290 2117 322 2171; x_wconf 90' lang='lat' dir='ltr'>et</span> <span class='ocrx_word' id='word_1_130' title='bbox 349 2111 505 2190; x_wconf 89' lang='lat' dir='ltr'>omnibus,</span> <span class='ocrx_word' id='word_1_131' title='bbox 534 2113 584 2192; x_wconf 94' lang='lat' dir='ltr'>qni</span> <span class='ocrx_word' id='word_1_132' title='bbox 615 2111 773 2194; x_wconf 80' lang='lat' dir='ltr'>legerunt,</span> <span class='ocrx_word' id='word_1_133' title='bbox 802 2111 1006 2192; x_wconf 82' lang='lat' dir='ltr'>persuadere,</span> <span class='ocrx_word' id='word_1_134' title='bbox 1029 2118 1062 2171; x_wconf 91' lang='lat' dir='ltr'>nt</span> 
     </span>
     <span class='ocr_line' id='line_1_22' title="bbox 129 2193 1061 2280; baseline -0.002 -26"><span class='ocrx_word' id='word_1_135' title='bbox 129 2195 290 2254; x_wconf 86' lang='lat' dir='ltr'>universos</span> <span class='ocrx_word' id='word_1_136' title='bbox 314 2193 432 2254; x_wconf 89' lang='lat' dir='ltr'>libellos</span> <span class='ocrx_word' id='word_1_137' title='bbox 456 2215 541 2256; x_wconf 89' lang='lat' dir='ltr'>meos</span> <span class='ocrx_word' id='word_1_138' title='bbox 565 2195 602 2256; x_wconf 90' lang='lat' dir='ltr'>de</span> <span class='ocrx_word' id='word_1_139' title='bbox 629 2195 827 2280; x_wconf 84' lang='lat' dir='ltr'>indulgentiis</span> <span class='ocrx_word' id='word_1_140' title='bbox 849 2199 998 2277; x_wconf 81' lang='lat' dir='ltr'>exurant,</span> <span class='ocrx_word' id='word_1_141' title='bbox 1031 2201 1061 2252; x_wconf 89' lang='lat' dir='ltr'>et</span> 
     </span>
     <span class='ocr_line' id='line_1_23' title="bbox 131 2277 1061 2360; baseline 0.001 -24"><span class='ocrx_word' id='word_1_142' title='bbox 131 2296 187 2358; x_wconf 89' lang='lat' dir='ltr'>pro</span> <span class='ocrx_word' id='word_1_143' title='bbox 210 2277 370 2354; x_wconf 86' lang='lat' dir='ltr'>omnibus,</span> <span class='ocrx_word' id='word_1_144' title='bbox 393 2295 472 2356; x_wconf 90' lang='lat' dir='ltr'>quae</span> <span class='ocrx_word' id='word_1_145' title='bbox 495 2279 533 2339; x_wconf 91' lang='lat' dir='ltr'>de</span> <span class='ocrx_word' id='word_1_146' title='bbox 557 2279 600 2340; x_wconf 91' lang='lat' dir='ltr'>eis</span> <span class='ocrx_word' id='word_1_147' title='bbox 622 2281 744 2359; x_wconf 84' lang='lat' dir='ltr'>soripai,</span> <span class='ocrx_word' id='word_1_148' title='bbox 773 2279 852 2341; x_wconf 85' lang='lat' dir='ltr'>hano</span> <span class='ocrx_word' id='word_1_149' title='bbox 872 2277 1061 2360; x_wconf 90' lang='lat' dir='ltr'>propositio·</span> 
     </span>
     <span class='ocr_line' id='line_1_24' title="bbox 131 2360 472 2441; baseline 0.012 -21"><span class='ocrx_word' id='word_1_150' title='bbox 131 2379 201 2421; x_wconf 89' lang='lat' dir='ltr'>nem</span> <span class='ocrx_word' id='word_1_151' title='bbox 224 2360 472 2441; x_wconf 85' lang='lat' dir='ltr'>apprehendant:</span> 
     </span>
    </p>
   </div>
   <div class='ocr_carea' id='block_1_7' title="bbox 213 2509 965 2675">
    <p class='ocr_par' dir='ltr' id='par_1_7' title="bbox 213 2509 965 2675">
     <span class='ocr_line' id='line_1_25' title="bbox 213 2509 965 2592; baseline 0.003 -22"><span class='ocrx_word' id='word_1_152' title='bbox 213 2509 426 2592; x_wconf 83' lang='lat' dir='ltr'>Indulgentiae</span> <span class='ocrx_word' id='word_1_153' title='bbox 447 2518 518 2573; x_wconf 87' lang='lat' dir='ltr'>sunt</span> <span class='ocrx_word' id='word_1_154' title='bbox 540 2513 732 2574; x_wconf 85' lang='lat' dir='ltr'>adulatorum</span> <span class='ocrx_word' id='word_1_155' title='bbox 755 2511 965 2575; x_wconf 88' lang='lat' dir='ltr'>Romanorum</span> 
     </span>
     <span class='ocr_line' id='line_1_26' title="bbox 515 2597 680 2675; baseline 0.012 -19"><span class='ocrx_word' id='word_1_156' title='bbox 515 2597 680 2675; x_wconf 86' lang='lat' dir='ltr'>nequitiae.</span> 
     </span>
    </p>
   </div>
   <div class='ocr_carea' id='block_1_8' title="bbox 130 2710 1059 3294">
    <p class='ocr_par' dir='ltr' id='par_1_8' title="bbox 130 2710 1059 3294">
     <span class='ocr_line' id='line_1_27' title="bbox 147 2710 1057 2776; baseline 0.002 -6"><span class='ocrx_word' id='word_1_157' title='bbox 147 2731 162 2740; x_wconf 67' lang='lat'>¹·</span> <span class='ocrx_word' id='word_1_158' title='bbox 214 2710 287 2771; x_wconf 89' lang='lat' dir='ltr'>Post</span> <span class='ocrx_word' id='word_1_159' title='bbox 308 2710 385 2772; x_wconf 87' lang='lat' dir='ltr'>haee</span> <span class='ocrx_word' id='word_1_160' title='bbox 405 2711 517 2774; x_wconf 82' lang='lat' dir='ltr'>Eooius</span> <span class='ocrx_word' id='word_1_161' title='bbox 540 2714 692 2775; x_wconf 77' lang='lat' dir='ltr'>etEmser</span> <span class='ocrx_word' id='word_1_162' title='bbox 715 2733 784 2776; x_wconf 87' lang='lat' dir='ltr'>enm</span> <span class='ocrx_word' id='word_1_163' title='bbox 807 2711 974 2775; x_wconf 76' lang='lat' dir='ltr'>coniuratis</span> <span class='ocrx_word' id='word_1_164' title='bbox 995 2714 1057 2772; x_wconf 90' lang='lat' dir='ltr'>suis</span> 
     </span>
     <span class='ocr_line' id='line_1_28' title="bbox 133 2792 1057 2878; baseline 0.003 -25"><span class='ocrx_word' id='word_1_165' title='bbox 133 2792 170 2854; x_wconf 87' lang='lat' dir='ltr'>de</span> <span class='ocrx_word' id='word_1_166' title='bbox 201 2796 332 2874; x_wconf 85' lang='lat' dir='ltr'>primatu</span> <span class='ocrx_word' id='word_1_167' title='bbox 361 2795 466 2876; x_wconf 86' lang='lat' dir='ltr'>Papae</span> <span class='ocrx_word' id='word_1_168' title='bbox 494 2817 542 2857; x_wconf 89' lang='lat' dir='ltr'>me</span> <span class='ocrx_word' id='word_1_169' title='bbox 572 2797 692 2859; x_wconf 87' lang='lat' dir='ltr'>erudire</span> <span class='ocrx_word' id='word_1_170' title='bbox 719 2803 896 2878; x_wconf 78' lang='lat' dir='ltr'>coeperunt.</span> <span class='ocrx_word' id='word_1_171' title='bbox 953 2797 1057 2876; x_wconf 85' lang='lat' dir='ltr'>Atque</span> 
     </span>
     <span class='ocr_line' id='line_1_29' title="bbox 131 2877 1059 2961; baseline 0.001 -24"><span class='ocrx_word' id='word_1_172' title='bbox 131 2877 182 2937; x_wconf 90' lang='lat' dir='ltr'>hio</span> <span class='ocrx_word' id='word_1_173' title='bbox 204 2879 305 2957; x_wconf 87' lang='lat' dir='ltr'>etiam,</span> <span class='ocrx_word' id='word_1_174' title='bbox 327 2898 366 2939; x_wconf 90' lang='lat' dir='ltr'>ne</span> <span class='ocrx_word' id='word_1_175' title='bbox 379 2878 552 2940; x_wconf 89' lang='lat' dir='ltr'>homiuibus</span> <span class='ocrx_word' id='word_1_176' title='bbox 567 2889 628 2941; x_wconf 89' lang='lat' dir='ltr'>tam</span> <span class='ocrx_word' id='word_1_177' title='bbox 644 2880 743 2940; x_wconf 86' lang='lat' dir='ltr'>doetis</span> <span class='ocrx_word' id='word_1_178' title='bbox 754 2881 891 2961; x_wconf 84' lang='lat' dir='ltr'>ingratus</span> <span class='ocrx_word' id='word_1_179' title='bbox 904 2880 972 2955; x_wconf 84' lang='lat' dir='ltr'>sim,</span> <span class='ocrx_word' id='word_1_180' title='bbox 985 2897 1059 2939; x_wconf 88' lang='lat' dir='ltr'>oon·</span> 
     </span>
     <span class='ocr_line' id='line_1_30' title="bbox 131 2959 1055 3044; baseline 0 -24"><span class='ocrx_word' id='word_1_181' title='bbox 131 2959 221 3021; x_wconf 87' lang='lat' dir='ltr'>fiteor</span> <span class='ocrx_word' id='word_1_182' title='bbox 243 2980 292 3021; x_wconf 87' lang='lat' dir='ltr'>me</span> <span class='ocrx_word' id='word_1_183' title='bbox 326 2961 416 3022; x_wconf 87' lang='lat' dir='ltr'>valde</span> <span class='ocrx_word' id='word_1_184' title='bbox 442 2965 635 3043; x_wconf 87' lang='lat' dir='ltr'>promovisse</span> <span class='ocrx_word' id='word_1_185' title='bbox 664 2982 769 3024; x_wconf 89' lang='lat' dir='ltr'>eorum</span> <span class='ocrx_word' id='word_1_186' title='bbox 800 2981 903 3044; x_wconf 82' lang='lat' dir='ltr'>opera,</span> <span class='ocrx_word' id='word_1_187' title='bbox 933 2980 1055 3042; x_wconf 79' lang='lat' dir='ltr'>nempe,</span> 
     </span>
     <span class='ocr_line' id='line_1_31' title="bbox 132 3044 1057 3127; baseline 0.002 -24"><span class='ocrx_word' id='word_1_188' title='bbox 132 3063 199 3104; x_wconf 86' lang='lat' dir='ltr'>oum</span> <span class='ocrx_word' id='word_1_189' title='bbox 223 3044 373 3125; x_wconf 89' lang='lat' dir='ltr'>Papatum</span> <span class='ocrx_word' id='word_1_190' title='bbox 394 3063 557 3127; x_wconf 86' lang='lat' dir='ltr'>negassem</span> <span class='ocrx_word' id='word_1_191' title='bbox 580 3047 689 3127; x_wconf 82' lang='lat' dir='ltr'>divini,</span> <span class='ocrx_word' id='word_1_192' title='bbox 712 3046 819 3106; x_wconf 89' lang='lat' dir='ltr'>admisi</span> <span class='ocrx_word' id='word_1_193' title='bbox 842 3065 911 3107; x_wconf 88' lang='lat' dir='ltr'>asae</span> <span class='ocrx_word' id='word_1_194' title='bbox 931 3044 1057 3105; x_wconf 90' lang='lat' dir='ltr'>humani</span> 
     </span>
     <span class='ocr_line' id='line_1_32' title="bbox 130 3126 1055 3212; baseline 0.001 -25"><span class='ocrx_word' id='word_1_195' title='bbox 130 3128 221 3192; x_wconf 84' lang='lat' dir='ltr'>iuris:</span> <span class='ocrx_word' id='word_1_196' title='bbox 253 3126 307 3188; x_wconf 90' lang='lat' dir='ltr'>sed</span> <span class='ocrx_word' id='word_1_197' title='bbox 336 3135 370 3188; x_wconf 94' lang='lat' dir='ltr'>ut</span> <span class='ocrx_word' id='word_1_198' title='bbox 397 3130 498 3190; x_wconf 90' lang='lat' dir='ltr'>andivi</span> <span class='ocrx_word' id='word_1_199' title='bbox 527 3136 558 3190; x_wconf 88' lang='lat' dir='ltr'>et</span> <span class='ocrx_word' id='word_1_200' title='bbox 579 3131 640 3212; x_wconf 89' lang='lat' dir='ltr'>legi</span> <span class='ocrx_word' id='word_1_201' title='bbox 668 3129 880 3191; x_wconf 88' lang='lat' dir='ltr'>subtilissimas</span> <span class='ocrx_word' id='word_1_202' title='bbox 909 3127 1055 3189; x_wconf 89' lang='lat' dir='ltr'>subtilita-</span> 
     </span>
     <span class='ocr_line' id='line_1_33' title="bbox 133 3210 1057 3294; baseline -0.001 -22"><span class='ocrx_word' id='word_1_203' title='bbox 133 3216 179 3272; x_wconf 91' lang='lat' dir='ltr'>tes</span> <span class='ocrx_word' id='word_1_204' title='bbox 202 3211 329 3271; x_wconf 86' lang='lat' dir='ltr'>istorum</span> <span class='ocrx_word' id='word_1_205' title='bbox 350 3210 576 3292; x_wconf 86' lang='lat' dir='ltr'>Trossnlorum,</span> <span class='ocrx_word' id='word_1_206' title='bbox 598 3214 707 3294; x_wconf 87' lang='lat' dir='ltr'>quibus</span> <span class='ocrx_word' id='word_1_207' title='bbox 725 3233 813 3274; x_wconf 90' lang='lat' dir='ltr'>suum</span> <span class='ocrx_word' id='word_1_208' title='bbox 834 3212 949 3274; x_wconf 90' lang='lat' dir='ltr'>idolum</span> <span class='ocrx_word' id='word_1_209' title='bbox 973 3211 1057 3274; x_wconf 85' lang='lat' dir='ltr'>fabre</span> 
     </span>
    </p>
   </div>
   <div class='ocr_carea' id='block_1_9' title="bbox 134 3521 1054 3662">
    <p class='ocr_par' dir='ltr' id='par_1_9' title="bbox 134 3521 1054 3662">
     <span class='ocr_line' id='line_1_34' title="bbox 189 3521 1054 3591; baseline 0.003 -17"><span class='ocrx_word' id='word_1_210' title='bbox 189 3523 219 3583; x_wconf 72' lang='lat'>1)</span> <span class='ocrx_word' id='word_1_211' title='bbox 243 3523 274 3575; x_wconf 93' lang='lat' dir='ltr'>In</span> <span class='ocrx_word' id='word_1_212' title='bbox 299 3523 341 3576; x_wconf 86' lang='lat' dir='ltr'>ad.</span> <span class='ocrx_word' id='word_1_213' title='bbox 365 3523 423 3576; x_wconf 87' lang='lat' dir='ltr'>Jen.</span> <span class='ocrx_word' id='word_1_214' title='bbox 448 3523 517 3574; x_wconf 85' lang='lat' dir='ltr'>haec</span> <span class='ocrx_word' id='word_1_215' title='bbox 544 3521 638 3574; x_wconf 86' lang='lat' dir='ltr'>addita</span> <span class='ocrx_word' id='word_1_216' title='bbox 663 3525 740 3575; x_wconf 83' lang='lat' dir='ltr'>sunt:</span> <span class='ocrx_word' id='word_1_217' title='bbox 774 3522 821 3575; x_wconf 91' lang='lat' dir='ltr'>ubi</span> <span class='ocrx_word' id='word_1_218' title='bbox 844 3523 992 3591; x_wconf 75' lang='lat' dir='ltr'>praecipue</span> <span class='ocrx_word' id='word_1_219' title='bbox 1022 3523 1054 3578; x_wconf 88' lang='lat' dir='ltr'>da</span> 
     </span>
     <span class='ocr_line' id='line_1_35' title="bbox 134 3595 930 3662; baseline 0.001 -17"><span class='ocrx_word' id='word_1_220' title='bbox 134 3597 243 3662; x_wconf 77' lang='lat' dir='ltr'>natura,</span> <span class='ocrx_word' id='word_1_221' title='bbox 262 3609 379 3648; x_wconf 87' lang='lat' dir='ltr'>numero</span> <span class='ocrx_word' id='word_1_222' title='bbox 398 3598 426 3647; x_wconf 88' lang='lat' dir='ltr'>et</span> <span class='ocrx_word' id='word_1_223' title='bbox 444 3608 494 3646; x_wconf 88' lang='lat' dir='ltr'>uso</span> <span class='ocrx_word' id='word_1_224' title='bbox 513 3596 750 3646; x_wconf 80' lang='lat' dir='ltr'>sacramentorum</span> <span class='ocrx_word' id='word_1_225' title='bbox 770 3595 861 3662; x_wconf 83' lang='lat' dir='ltr'>agitur</span> <span class='ocrx_word' id='word_1_226' title='bbox 879 3600 930 3648; x_wconf 87' lang='lat' dir='ltr'>eto.</span> 
     </span>
    </p>
   </div>
   <div class='ocr_carea' id='block_1_10' title="bbox 0 0 1139 4008">
    <p class='ocr_par' dir='ltr' id='par_1_10' title="bbox 0 0 1139 4008">
     <span class='ocr_line' id='line_1_36' title="bbox 0 0 1139 4008; baseline 0 0"><span class='ocrx_word' id='word_1_227' title='bbox 0 0 1139 4008; x_wconf 95' lang='lat' dir='ltr'> </span> 
     </span>
    </p>
   </div>
  </div>
 </body>
</html>
