2252 4006
143 118 207 186 224
344 124 470 180 Assertio
488 141 563 182 omn.
583 129 659 184 artie.
676 125 711 182 D.
729 127 763 182 ll.
784 129 811 184 L.
830 82 880 200 per

144 275 391 356 sioutbiiobeas,
414 280 465 359 qui
488 282 606 361 etipse
635 282 760 345 odiosus
784 292 862 360 arat,
904 285 974 364 quia
1002 273 1064 344 non

142 359 349 440 prophetabat
369 363 427 422 nisi
450 363 580 445 malum,
603 365 702 426 dioam
731 375 762 428 et
782 368 849 447 ipse
874 385 945 427 meo
965 367 1066 429 Absb:

145 443 204 521 lte,
231 444 425 524 proelismini
448 460 556 508 oontre
577 448 708 527 Turees,
731 455 765 509 ut
791 451 938 510 resistatis
961 449 1066 530 virgae

145 524 203 588 Dei
227 534 257 587 et
279 525 407 606 cadatis,
429 531 508 589 sieut
529 539 560 590 et
580 531 633 591 ille
656 532 777 596 oeoidit.

226 608 357 685 Quando
380 614 492 673 rectius
513 613 700 694 teneremus,
735 619 761 674 si
794 617 923 695 primum
954 617 1066 675 oretio·

143 691 242 773 nibus,
264 696 327 754 imo
350 696 443 764 totius
465 698 546 757 vitae
568 706 688 758 mutate·
706 700 825 764 ratione
841 698 940 758 Deum
963 700 1066 779 propi-

142 777 217 836 tium
238 777 430 838 teneremus?
471 779 549 840 Tum
572 780 655 841 idolo
685 781 728 841 illi
742 781 883 842 Romano
906 781 1023 842 Caesar
1036 790 1067 841 et

142 857 297 940 Principes
321 863 445 921 modum
468 871 619 942 ponerent
629 865 808 944 tyrannidis,
825 865 986 942 illusionis,
1000 883 1067 944 per·

142 943 266 1004 ditionis
289 945 470 1006 animarum.
514 945 593 1007 Nem
615 954 648 1008 ut
670 956 700 1006 et
731 965 790 1028 ego
814 949 997 1028 prophetem
1022 967 1068 1006 se-

142 1026 217 1106 mel,
250 1028 321 1087 lieet
355 1046 416 1088 non
440 1028 561 1108 eudier,
585 1029 668 1108 quod
691 1032 771 1090 soie:
806 1030 870 1091 Nisi
904 1031 1066 1091 Romanus

141 1108 283 1172 Pontifex
304 1109 460 1191 redigetur
480 1113 510 1171 in
534 1113 690 1194 ordinem,
720 1123 821 1174 aetum
851 1123 898 1174 est
919 1115 958 1174 de
979 1116 1067 1173 omni

140 1211 172 1252 re
195 1192 377 1277 Christiane,
398 1195 505 1275 lugiet,
527 1196 605 1257 siout
629 1196 765 1257 Christus
788 1198 902 1274 doanit,
924 1199 955 1257 in
978 1215 1067 1258 mon·

139 1285 194 1353 tes,
218 1277 269 1355 qui
290 1279 419 1358 poterit,
442 1286 496 1340 eut
517 1281 608 1340 vitem
630 1280 793 1340 bomioidis
815 1280 964 1341 Romanis
994 1299 1065 1339 eum

139 1357 252 1421 fiducie
274 1359 383 1422 offeret
403 1363 434 1421 in
458 1372 597 1424 mortem.
640 1362 721 1424 Nihil
749 1365 807 1423 nisi
833 1373 996 1444 peeoetum
1037 1373 1067 1422 et

138 1442 340 1522 perditionem
363 1453 494 1525 papatus
517 1447 637 1526 operari
660 1453 772 1526 petest.
815 1445 964 1522 Quidvis
1002 1465 1066 1505 am-

138 1526 240 1606 plius?
284 1529 324 1588 At
343 1529 411 1607 quis
432 1529 552 1609 rediget
565 1548 636 1589 eum
657 1531 688 1588 in
711 1529 874 1590 ordinem?
919 1529 1064 1590 Christus

136 1610 339 1671 illustratione
375 1611 525 1673 adventus
556 1613 604 1673 sui
638 1623 669 1672 et
698 1630 759 1673 non
788 1613 875 1674 alius.
918 1613 1065 1688 Domine,

137 1694 206 1772 quis
228 1692 324 1754 eredit
345 1696 461 1756 auditui
483 1695 614 1757 nostro?
656 1694 715 1771 Qui
745 1695 837 1757 bebet
866 1714 955 1756 eures
977 1695 1065 1755 audi·

137 1776 218 1856 endi,
240 1777 345 1838 eudiet
366 1784 398 1838 et
417 1798 437 1839 e
459 1777 540 1839 bello
561 1780 690 1840 Turaioo
713 1779 875 1858 abstinent,
888 1777 989 1840 donee
1012 1798 1064 1859 pe-

137 1879 196 1940 pes
218 1880 331 1922 nornen
353 1859 411 1921 sub
433 1863 523 1923 aoelo
548 1862 639 1939 valet,
661 1861 733 1925 dixi.

316 2149 318 2156 ·
373 2111 613 2172 Trioesimus
642 2113 822 2191 quintus:

197 2245 297 2306 Nemo
321 2257 368 2310 est
389 2253 500 2324 oertus,
518 2266 553 2307 se
574 2266 642 2312 non¹
660 2255 782 2328 semper
802 2255 1057 2328 peoesremorts-

197 2329 274 2408 liter,
295 2337 421 2412 propter
443 2330 682 2393 occultissimum
705 2329 867 2412 superbiae
888 2331 1007 2391 vitium.

217 2448 249 2512 Si
260 2467 308 2528 ea,
331 2467 411 2528 quse
424 2447 506 2510 diota
527 2451 597 2508 sunt
621 2450 652 2508 in
674 2448 827 2510 trioesimo
850 2449 949 2529 primo
972 2455 1062 2508 etse·

136 2533 248 2611 eundo,
270 2533 469 2612 intelligimus
492 2551 566 2592 vere
587 2550 665 2607 esse,
687 2540 719 2592 et
738 2532 788 2592 hio
808 2533 956 2593 ertioulus
969 2551 1061 2592 verus

134 2622 189 2678 est.
232 2616 265 2676 bi
287 2617 368 2676 enim
391 2634 470 2696 opus
503 2614 618 2676 bonum
644 2617 715 2675 iusti
745 2625 906 2696 peeoetum
929 2616 1061 2676 mortale

133 2705 190 2776 est,
212 2700 237 2758 si
260 2700 299 2758 ad
320 2699 466 2761 iudicium
488 2699 547 2761 Dei
568 2699 725 2777 referatur,
748 2707 863 2778 quanto
876 2699 976 2779 megin
996 2707 1062 2760 tote

132 2781 197 2840 vite
229 2782 367 2843 mortalis
389 2791 451 2861 est,
484 2783 510 2842 si
532 2782 741 2844 misericordie
774 2801 835 2843 non
852 2781 1060 2843 suonurrerit?

133 2863 286 2945 Breviter,
308 2865 358 2926 bio
379 2866 525 2928 ertioulus
547 2884 610 2927 non
643 2875 690 2927 est
722 2883 824 2944 meus,
857 2866 911 2926 sed
933 2865 1000 2927 lob.
1024 2868 1059 2929 9:

131 2947 260 3008 Etiamsi
287 2950 427 3030 simplex·
441 2951 547 3029 tuero,
577 2948 639 3010 hon
659 2951 758 3031 ipsum
780 2950 935 3030 ignorabit
956 2950 1060 3008 anima

131 3049 209 3093 mea.
253 3033 295 3093 lilt
308 3032 483 3114 'Gregorius
504 3031 617 3093 ibidem
640 3052 732 3116 super
752 3033 824 3098 illo:
846 3031 985 3093 Verebar
995 3050 1057 3094 om·

94 3145 96 3149 v
130 3116 182 3176 nie
210 3132 306 3196 opere
333 3136 420 3194 mea,
456 3117 556 3177 eniens
579 3117 724 3196 quoniam
747 3129 808 3179 non
836 3117 937 3196 perois
965 3115 1058 3176 delin-

130 3202 245 3280 quenti,
269 3200 358 3261 dioit:
381 3198 462 3275 Quia
484 3217 564 3279 ques
594 3208 700 3280 aperte
723 3203 838 3281 egerim
859 3199 970 3278 video,
992 3196 1056 3273 sed,

130 3280 203 3359 quid
230 3285 312 3343 intus
343 3282 473 3343 letanter
495 3283 681 3362 pertulerim,
708 3284 827 3362 ignoro.
870 3282 955 3344 Idem
984 3280 1056 3342 tire·

129 3365 233 3441 gorius
254 3366 501 3445 apertissimam
524 3363 585 3424 fine
607 3365 783 3427 Moralium:
807 3365 881 3442 Quis
903 3367 983 3425 inter
998 3366 1056 3424 ista

129 3458 267 3507 remanet
288 3446 396 3508 salutis
425 3446 533 3509 lnous?
556 3447 679 3526 quendo
703 3457 733 3510 et
755 3450 835 3511 mela
852 3458 958 3510 nostre
979 3467 1055 3527 pura

130 3527 212 3586 mele
231 3537 302 3590 sunt
322 3537 354 3590 et
375 3528 458 3596 bona
472 3538 589 3610 nostra,
601 3549 680 3610 quae
697 3551 755 3594 nos
766 3532 881 3594 habere
893 3532 1054 3609 oredimus,

131 3627 207 3686 pura
241 3609 323 3672 bone
354 3632 424 3675 esse
457 3631 651 3694 nequaquem
680 3624 819 3694 possunt
856 3613 944 3706 ,Quid
968 3613 1051 3693 diois,
