2250 4008
144 181 207 247 448
416 197 421 213 “
442 183 601 238 Gomutatio
618 181 781 237 botheriuna

145 347 245 398 tecum
276 337 418 418 disputat.
461 339 526 398 lam
549 337 755 418 Hieronymus
783 355 821 398 eo
850 336 922 398 loco
954 353 996 395 ne
1020 351 1069 394 co·

145 423 222 501 gitat
240 421 362 499 quidem
386 420 424 482 de
446 423 504 481 isto
527 420 598 482 ioco
620 419 805 497 Salomonis,
826 427 947 480 'tantum
970 418 1069 494 abest,

147 510 179 565 ut
198 503 321 585 probet,
341 506 406 564 eins
428 523 550 564 sensum
573 522 651 582 esse,
672 521 763 582 quem
779 503 924 564 Latomus
947 521 989 562 ax
1001 502 1069 580 ipso

145 585 239 650 affert.
289 585 493 647 insulsissima
515 597 561 648 est
582 588 817 665 consequentia:
861 585 1070 664 Hieronymus

148 670 230 746 dicit,
253 669 337 749 quod
359 669 464 731 Sancti
487 670 651 749 aliquando
686 678 818 750 peccant
851 679 882 728 et
917 685 981 728 non
1007 685 1069 746 per·

146 761 238 833 petuo
251 759 356 813 carent
368 763 514 833 peecato3
537 771 611 832 ergo
626 751 773 812 Salomon
787 753 867 812 idem
881 750 958 828 vuit,
976 768 1069 828 quan·

146 835 186 897 do
209 835 298 896 dicit:
320 835 390 898 Non
412 846 460 897 eat
480 839 576 896 iustus
598 837 628 895 in
651 843 741 911 terra,
763 837 813 914 qui
837 834 932 894 faciat
955 835 1069 892 bonum

146 928 177 978 et
199 937 259 980 non
283 929 402 999 peccet.
445 919 506 980 Cur
527 937 589 978 non
611 920 703 978 etiam
722 917 819 977 diois?
842 917 957 976 Penius
978 914 1070 975 dicit:

148 1002 242 1081 Virgo
264 1019 325 1062 non
349 1011 473 1083 peccet,
495 1004 520 1061 si
542 1001 644 1077 nubit,
682 1019 756 1080 ergo
780 999 860 1060 idem
884 1009 951 1076 est,
987 999 1070 1078 quod

147 1085 251 1145 Petrus
274 1085 361 1146 dicit:
385 1086 521 1163 Fratres,
545 1085 668 1164 vigitate
690 1093 721 1144 et
741 1085 834 1144 sobrii
851 1091 964 1144 estote.
990 1079 1072 1141 Con-

146 1169 321 1247 sequentias
367 1169 479 1240 trabis,
512 1177 542 1227 et
577 1186 638 1227 non
678 1165 791 1247 probas
838 1185 911 1241 aas,
959 1161 1070 1224 deinde

146 1269 269 1311 sensnm
297 1253 384 1311 unius
415 1251 473 1312 inci
511 1252 555 1310 vis
578 1252 608 1309 in
631 1250 724 1311 alium
764 1249 864 1309 iocum
896 1248 1070 1325 intrudere,

145 1335 310 1396 autoritate
321 1335 455 1415 propria,
477 1335 564 1412 qnasi
587 1333 641 1392 tibi
654 1333 736 1394 orbis
758 1331 882 1392 credere
904 1341 937 1391 et
959 1330 1072 1390 cedere

146 1417 266 1496 debeat,
289 1417 355 1477 sine
373 1417 435 1478 uiio
452 1418 637 1477 testimonio.
680 1415 841 1496 Oompone
850 1422 1008 1494 quotquot
1020 1432 1071 1472 so-

146 1500 191 1560 les
213 1499 303 1578 loca,
331 1500 386 1562 sed
410 1509 631 1573 memoresto,
656 1506 688 1558 ut
710 1499 820 1578 probos
844 1497 965 1557 iliorum
991 1514 1071 1570 esse,

147 1583 235 1643 sicuti
258 1583 303 1642 vis
326 1583 441 1662 videri,
477 1581 608 1644 eandem
642 1583 835 1642 seutentiam.
881 1580 949 1640 Hoc
987 1581 1068 1640 enim
1110 1655 1111 1660 η

146 1665 296 1744 officium,
327 1665 470 1743 Latome,
504 1666 685 1745 suscepisti,
726 1663 808 1744 quod
842 1664 900 1724 nisi
945 1663 1068 1736 feceris,
1110 1679 1111 1692 ¹

146 1749 219 1808 nihii
251 1748 370 1813 feceris.
413 1749 517 1810 Manet
548 1749 622 1811 mihi
655 1749 806 1810 sententia
846 1755 878 1806 et
916 1745 1067 1806 Salomon
1110 1765 1111 1778 ¹

147 1850 232 1892 naeus
254 1830 376 1916 firmus,
409 1844 440 1893 et
470 1851 526 1892 voa
547 1830 725 1892 incendiarii
760 1835 791 1890 et
817 1829 960 1908 sacrilegi
999 1845 1069 1889 con·

139 1933 317 2010 yrncemrnr.

228 2045 277 2104 An
315 2051 416 2104 eutem
449 2041 653 2122 Hieronymus
687 2049 769 2102 recte
808 2044 944 2102 tractarit
978 2039 1065 2102 iilud:

147 2125 247 2188 David
270 2126 342 2189 feeit
374 2145 482 2187 omnes
513 2125 686 2186 voluntates
710 2125 785 2201 Dei,
818 2136 848 2184 et
878 2136 982 2184 tamen
1018 2123 1065 2183 aii-

145 2210 269 2289 quando
291 2211 441 2290 pensavit,
463 2229 517 2288 per
539 2208 599 2268 boc
615 2207 697 2288 quod
717 2207 799 2284 dicit,
823 2205 938 2268 Omnes
964 2207 1064 2266 voiun-

146 2300 224 2354 tatea
246 2291 361 2353 dixisse
382 2291 497 2369 Deum,
533 2291 670 2352 sednon
701 2291 872 2370 addidisse,
905 2300 1066 2371 perpetuo,

145 2377 176 2436 iu
199 2374 300 2436 medio
323 2375 473 2454 relinquo,
496 2376 626 2436 alienum
642 2374 681 2434 ab
698 2375 835 2434 instituto
850 2384 969 2434 nostr0.
1004 2372 1065 2432 Nos

146 2459 285 2540 dicimus,
309 2477 417 2520 omnes
435 2458 606 2518 voluntates
626 2457 683 2518 Dei
705 2455 781 2530 fieri,
802 2458 847 2517 sic
870 2467 902 2516 nt
925 2459 1064 2536 ignoscat

146 2545 230 2604 omni
253 2543 340 2622 operi
361 2548 478 2620 nostro,
500 2541 578 2602 sicut
601 2542 788 2622 Augustinus
811 2540 898 2600 dicit:
923 2538 1064 2600 Mandata

146 2625 203 2686 Dei
217 2626 389 2706 implentur,
412 2623 547 2705 quaudo,
570 2623 714 2703 quidquid
733 2642 794 2684 non
818 2621 861 2699 fit,
884 2624 1062 2702 ignoscitur.

145 2708 227 2770 Nihil
249 2709 299 2768 hic
322 2708 360 2768 de
382 2709 514 2769 robustis
536 2706 595 2768 illia
619 2707 755 2788 peccatis
777 2706 982 2786 disputemus,
1005 2709 1062 2786 qui·

147 2790 203 2852 bus
226 2791 391 2871 aliquando
413 2790 518 2852 Sancti
545 2799 691 2871 peccant,
724 2788 777 2850 sed
813 2787 851 2850 de
885 2789 1062 2869 quotidiano

145 2875 333 2954 inhaerente,
355 2877 434 2934 sicut
455 2881 486 2935 ei
506 2874 564 2955 ipsi
586 2872 625 2934 de
648 2873 759 2934 veniali
783 2873 956 2953 loquuntur.
988 2872 1062 2934 Satis

146 2958 223 3019 dura
245 2957 316 3016 mibi
338 2955 516 3038 Hieronymi
538 2958 748 3038 interpretatio
772 2956 906 3034 videtur,
939 2955 1063 3033 Omnes,

146 3041 176 3102 id
201 3047 265 3120 eat,
293 3040 457 3120 aliquando
480 3042 529 3100 vei
551 3059 606 3120 pro
631 3041 738 3100 maiori
761 3047 914 3119 tempore,
938 3057 1004 3101 non
1026 3046 1062 3100 ta·

147 3145 216 3186 men
240 3123 369 3202 damno,
391 3127 518 3203 propter
540 3122 668 3204 figuram
692 3123 773 3182 iiiam
797 3121 1025 3203 synecdochen.

231 3241 348 3304 Deinde
367 3241 528 3301 manifeste
541 3249 631 3318 errat,
653 3240 736 3319 quod
750 3240 876 3301 Paulum
899 3241 1061 3316 insimulat,

148 3330 234 3405 quasi
257 3326 306 3386 vei
323 3325 467 3405 peccarit,
491 3322 539 3384 vel
555 3343 618 3384 non
633 3323 748 3384 bonum
764 3341 842 3403 opus
854 3323 971 3402 iecerit,
995 3324 1060 3384 dum

148 3411 269 3487 scripsit
290 3408 328 3468 ad
342 3404 534 3467 Timotheum
554 3407 592 3467 de
615 3407 809 3479 membranis,
831 3425 869 3466 ao
891 3407 1013 3486 quoties
1026 3407 1059 3469 de

149 3490 328 3548 necessariis
350 3489 439 3549 buius
465 3490 546 3548 vitae
567 3491 719 3570 cogitarit.
763 3488 820 3550 Ubi
854 3498 901 3550 est
930 3490 983 3550 hic
1015 3490 1059 3550 iiie

149 3568 269 3646 tbrnso,
287 3571 343 3649 qui
359 3589 393 3630 se
415 3569 602 3651 ponderare,
624 3590 686 3632 non
705 3591 865 3633 numerere
887 3573 1057 3634 testimonia

151 3647 249 3710 dixit?
278 3651 372 3712 Hrror
393 3659 454 3731 est,
476 3653 615 3733 inquam,
638 3673 792 3736 asserere,
814 3654 942 3716 Panium
965 3657 995 3716 in
1017 3655 1057 3716 bis
