2258 4002
256 198 364 255 nnllam
382 199 467 256 Leon
486 199 520 256 X.
537 199 659 256 damnet
678 215 704 254 a
722 199 801 258 loco.
850 191 853 213 ’
925 193 987 264 201

55 352 274 436 indulgentias¹
293 374 361 417 csse
382 355 579 436 impiissimas
596 355 897 417 sceleratissimorum
914 372 989 435 pon·

55 435 178 498 tiflcum
200 437 322 500 fraudes
345 445 375 498 et
388 440 595 519 imposturas,
623 438 731 520 quibus
754 447 784 499 st
804 457 852 498 res
875 443 906 499 et
927 438 989 498 ani·

56 539 127 580 mas
152 519 288 582 fidelium
316 521 423 583 fallunt
450 528 480 582 ct
501 522 640 602 perdunt.
683 521 743 584 Sed
766 529 797 582 ct
819 521 899 582 hanc
920 539 990 600 pro-

43 604 250 682 positionem
275 623 343 666 cum
366 604 570 686 praecedente
591 613 622 666 et
642 609 772 684 quatuor
793 603 989 684 sequentibus

56 689 208 748 revocavi
231 689 262 747 in
285 687 360 749 libro
384 688 422 748 de
444 689 628 768 Captivitata
651 687 848 768 Babylonica.
927 752 933 758 ,

148 769 279 831 Probavi
304 771 382 831 enim
406 772 559 850 superius,
588 771 827 832 satisfactionem
851 777 903 830 aut
925 769 988 830 nul-

60 851 124 912 lam
148 855 260 932 requiri
284 875 302 914 a
326 855 409 932 Dec,
437 861 489 914 aut
517 872 640 934 prorsus
663 853 897 914 irremissibilem
921 871 989 913 essa

48 933 99 995 ab
123 935 260 1009 homine,
282 957 373 1016 quam
396 937 575 1016 requisierit,
595 937 666 998 ideo
688 936 892 1016 indulgentias
915 938 989 996 istas

60 1035 192 1096 prorsus
216 1019 289 1079 nihil
312 1039 389 1080 esse.
432 1019 483 1080 Sic
505 1020 584 1080 enim
609 1018 696 1081 Adae
718 1028 748 1079 et
770 1021 874 1080 Hevae
896 1022 990 1081 omni·

60 1100 184 1180 busque
206 1100 294 1163 nobis
315 1103 460 1181 imposuit
479 1103 613 1164 laborem
637 1108 667 1162 et
680 1109 819 1181 mortem,
844 1103 889 1161 sic
910 1103 989 1163 occi·

60 1183 106 1258 dit
130 1190 160 1243 et
181 1187 332 1264 percussit
353 1181 464 1246 multos
487 1186 517 1245 in
533 1185 689 1266 Scriptura
712 1192 820 1247 sancta
843 1203 898 1265 pro
921 1203 989 1264 pec·

61 1267 152 1342 caus,
175 1265 229 1327 sed
253 1274 283 1328 et
304 1268 382 1329 Psal.
405 1266 501 1342 89.*)
526 1266 611 1328 dicit:
634 1268 665 1329 Si
687 1269 898 1348 peccaverint,
923 1267 989 1327 visi·

62 1347 138 1409 tabo
161 1350 193 1409 in
216 1352 302 1429 virga
329 1351 504 1430 iniquitates
537 1370 651 1411 eorum.
694 1351 770 1413 Ideo
799 1370 914 1423 merum
937 1350 991 1431 lig·

63 1434 202 1492 mentum
226 1441 281 1510 est,
304 1433 449 1512 quidquid
474 1433 511 1493 de
522 1433 718 1514 indulgentiis
742 1433 854 1494 dictum
878 1442 908 1493 et
927 1452 991 1493 cre·

28 1565 31 1572 .
64 1512 161 1574 ditum
187 1524 242 1576 est.
285 1516 352 1577 Non
377 1518 456 1576 enim
477 1535 560 1596 papa
580 1523 683 1596 potest
704 1518 764 1578 hoc
786 1516 911 1577 verbum
935 1517 990 1576 Dei

66 1596 186 1660 tollere.
231 1598 633 1680 DamnentergoPsalmum
656 1601 758 1679 istum,
781 1607 843 1660 turn
867 1599 989 1659 credam

65 1679 272 1760 indulgentias
295 1682 407 1760 aliquid
436 1701 514 1742 esse.
557 1681 618 1742 Sed
641 1691 671 1742 et
692 1682 801 1745 Ebrae.
825 1685 872 1746 12.
902 1682 992 1742 docet

67 1762 245 1843 apostolus,
277 1783 334 1824 nos
357 1784 375 1824 a
398 1764 463 1825 Deo
486 1764 575 1825 Patre
597 1764 798 1844 disciplinari,
832 1773 862 1826 et
884 1766 904 1825 l.
929 1766 991 1826 Oo-

67 1845 156 1905 rinlh.
182 1849 229 1910 tl.
252 1847 378 1907 iudicari
402 1855 433 1906 ct
454 1848 564 1926 corripi
586 1867 605 1907 a
627 1847 775 1926 Domino,
807 1867 845 1908 nc
868 1848 990 1908 damne-

70 1947 139 1988 mur.
187 1929 229 1989 At
251 1931 460 1990 sanctissimus
482 1929 532 1989 illc
550 1931 680 1990 vicarius
697 1930 754 1990 Dei
776 1933 805 1990 in
828 1933 914 1992 terris
938 1931 992 1991 do·

70 2017 116 2070 cet
139 2029 174 2070 sc
196 2031 288 2091 posse
311 2013 418 2074 tollere
447 2018 476 2072 et
498 2012 661 2090 remittere,
689 2024 768 2091 quac
791 2015 873 2074 Deus
896 2016 991 2093 impc-

70 2094 120 2170 nit,
144 2099 206 2154 tam
230 2094 356 2174 pulchre
377 2095 522 2156 convenit
538 2113 606 2155 cum
629 2096 766 2176 principe
789 2105 819 2156 et
839 2115 990 2176 regesne,

70 2176 146 2235 sicut
169 2176 264 2238 Belial
288 2197 356 2238 cum
379 2177 510 2240 Christo.

151 2257 182 2338 Si
206 2266 307 2320 tamen
330 2259 443 2342 aliquid
466 2265 568 2320 essent
582 2260 799 2342 indulgentiae,
821 2261 893 2341 quid
908 2260 989 2322 aliud

71 2359 159 2420 quam
184 2343 381 2402 remissiones
401 2343 552 2404 bonorum
574 2361 701 2422 operum
724 2343 849 2404 essent?
881 2343 991 2404 Nonne

71 2424 226 2485 remittunt
249 2425 495 2487 satisfactiones?
529 2423 607 2500 Quid
636 2432 737 2486 autem
766 2433 836 2486 sunt
857 2427 991 2486 satisfac·

71 2507 178 2581 tiones,
202 2508 258 2566 nisi
272 2506 353 2568 bona
366 2526 462 2586 opera
478 2506 639 2588 bonaeque
649 2508 833 2588 passiones?
856 2516 886 2568 ut
900 2512 990 2569 etiam

72 2588 128 2648 hac
156 2585 275 2649 ratione
310 2589 535 2671 pestilentiores
566 2591 676 2651 luerint
706 2591 930 2670 indulgentiae,
966 2593 991 2650 si

73 2670 184 2751 aliquid
208 2677 325 2749 essent,
361 2691 452 2752 qnam
474 2692 572 2751 nunc,
599 2673 670 2733 dum
693 2673 765 2733 nihil
795 2683 879 2750 sunl,
912 2693 990 2752 quae

73 2753 150 2814 fraus
172 2754 360 2834 sceleratior,
384 2773 475 2834 quam
498 2754 672 2816 hominibus
693 2754 774 2816 bona
787 2774 881 2836 opera
892 2757 992 2815 remit·

74 2842 143 2913 tere,
166 2843 197 2896 et
218 2837 372 2898 licentiam
397 2837 471 2898 dare
492 2837 654 2918 pigritandi
677 2837 732 2898 sub
745 2839 848 2918 specie
870 2840 990 2918 pietatis

75 2918 109 2978 ad
129 2921 276 2999 pecunias
299 2926 415 2980 lantum
439 2919 655 3000 exsugendas?

131 3001 257 3063 Revoco
270 3003 361 3063 ctiam
370 3001 452 3082 quod
462 3002 535 3079 dixi,
549 3022 601 3062 eas
611 3022 678 3063 essa
691 3003 862 3064 denumero
875 3022 991 3078 eorum,

76 3101 148 3162 quae
170 3083 272 3160 licent,
295 3085 357 3146 hoc
378 3087 457 3145 enim
473 3105 575 3146 verum
592 3092 682 3162 essct,
705 3084 856 3165 sialiquid
878 3091 990 3164 essent,

77 3167 150 3245 quia,
174 3168 255 3247 quod
278 3187 339 3228 non
361 3175 614 3248 estpraeceptum
637 3187 695 3229 nec
706 3168 887 3244 consultum,
909 3187 991 3247 pror-

35 3319 36 3324 ,
78 3267 122 3308 sus
134 3267 192 3310 nec
204 3250 331 3329 expedit
341 3269 399 3312 nec
411 3251 617 3311 necessarium
632 3257 687 3330 est,
710 3250 764 3311 sed
778 3271 860 3313 merc
874 3252 989 3312 licitum

78 3340 103 3392 et
123 3331 329 3411 arbitrarium,
352 3341 383 3393 at
411 3332 486 3393 tales
509 3339 611 3394 essent
633 3333 848 3414 indulgentiae.
902 3332 991 3392 Nunc

78 3423 171 3475 cutem
193 3413 263 3476 dico
286 3434 339 3476 eas
362 3434 430 3476 csse
451 3415 489 3475 de
511 3435 637 3477 numero
652 3435 767 3496 sorum,
791 3433 869 3494 quae
882 3415 989 3477 lallunt

128 3690 158 3758 ⁸)
177 3689 209 3752 ln
228 3687 271 3744 ed.
291 3691 379 3761 orlga
397 3689 440 3747 88.
