2258 4002
301 157 462 215 Antichristi
482 157 514 213 D.
535 159 568 214 ld.
586 157 732 212 Lutherus.
924 149 986 219 153

71 315 157 375 tentia
180 333 219 374 ne
242 314 362 376 hiscere
384 316 504 394 quidem
528 313 677 390 audeant,
708 319 737 374 et
761 311 985 373 meticulosissi·

71 417 140 457 uram
165 397 245 458 banc
272 398 385 461 bullam
415 417 506 479 aegre
533 399 712 459 emutierint.
760 397 827 476 Ego
850 395 985 454 inimico·

69 499 125 539 rum
153 480 227 562 luga
256 488 375 543 erectus
405 482 486 542 hanc
515 481 725 542 meticulosam
758 480 984 539 damnationem

70 563 128 623 vice
161 565 394 644 approbationis
422 565 650 626 robustissimae
678 569 807 644 accepto
841 571 871 622 et
899 579 985 620 snam

69 647 93 704 in
119 665 174 706 cos
208 649 292 726 ipsos
322 657 483 728 retorqueo
513 648 749 710 damnationem.
800 645 869 721 Qua
905 645 983 704 enirn

68 729 178 789 ratione
201 749 234 789 se
247 734 332 812 ipsos
353 737 481 811 possent
502 733 600 810 magis
621 732 776 808 damnare,
799 748 889 808 qnam
913 727 984 786 dum

7 879 8 882 Ἴ
68 818 197 872 metuunt
222 817 331 876 erroris
354 822 384 874 et
405 816 570 877 haereseos
597 815 639 874 rei
662 814 806 887 inveniri,
839 813 862 872 si
892 811 985 871 ratiu-

69 913 132 954 nem
155 894 282 958 reddere
305 904 502 977 cogerentur,
534 896 571 957 ud
594 898 654 957 boc
676 902 845 957 extremum
868 901 898 955 et
927 893 983 952 lru·

66 984 213 1050 erraneum
228 984 406 1050 miserorum
431 980 574 1062 effugium
594 979 745 1055 labuntur,
767 987 799 1038 ut
820 977 932 1044 clausis
956 981 986 1036 et

7 1061 9 1070 '
67 1060 157 1120 oculis
180 1067 210 1123 et
231 1065 352 1124 auribus
375 1064 491 1126 dicant:
523 1063 617 1140 Nola,
642 1063 771 1140 damno,
799 1081 859 1122 nou
883 1059 986 1132 audio,

67 1163 122 1203 non
144 1144 283 1210 admitto.
311 1146 684 1228 Sicgosicinsaniisscm,
708 1145 848 1223 obsecro,
872 1149 986 1222 quanta

68 1227 159 1305 gloria
186 1229 215 1288 in
239 1248 288 1290 me
310 1229 550 1310 triumpharent?
573 1229 749 1309 Degeneres
764 1229 882 1289 animos
897 1227 988 1286 timor

67 1311 169 1388 arguit.
961 1309 964 1314 ’

145 1393 213 1473 Ego
243 1396 346 1474 itaque
379 1415 417 1455 ne
446 1397 568 1475 prolixo
601 1395 745 1456 lectorem
778 1412 903 1475 gravem
927 1411 986 1451 ser-

69 1494 169 1553 mone,
200 1478 225 1536 si
255 1479 391 1557 singulos
414 1479 558 1540 articulos
582 1497 766 1558 prosequar,
800 1478 846 1537 bis
869 1476 988 1556 scriptis

68 1566 157 1619 testor
179 1579 227 1620 me
256 1563 358 1621 omnia
387 1561 530 1622 damnata
559 1581 613 1641 per
635 1560 747 1622 bullam
780 1561 875 1620 istam
900 1577 986 1617 exse·

69 1642 204 1703 arabilem
244 1641 381 1704 confiteri
414 1665 470 1722 pro
504 1645 663 1705 catholicis
703 1641 914 1723 dogmatibus,
949 1640 987 1700 de

11 1731 12 1738 ’
68 1723 170 1802 quibus
198 1728 346 1787 rationem
369 1726 496 1788 reddidi¹
515 1727 601 1787 editis
625 1726 743 1788 libellis.
787 1725 906 1786 Deinde
936 1723 988 1782 ad>

68 1807 123 1867 buc
143 1809 212 1869 volo
236 1809 355 1870 libellos
378 1829 462 1870 meos
485 1813 515 1870 in
539 1810 612 1870 orbe
635 1818 783 1889 vagantes
801 1810 868 1869 vice
890 1806 988 1887 publi·

69 1909 119 1950 cae
140 1894 344 1952 accusationis
366 1893 471 1953 haberi
494 1893 641 1954 adversus
658 1895 769 1972 impios
787 1893 864 1952 istos
887 1889 987 1970 sophi-

69 1980 136 2050 stas,
158 1974 263 2054 populi
286 1975 342 2034 Dei
365 1976 560 2056 seductores,
583 1977 626 2036 ita
648 1983 681 2035 ut
702 1977 758 2034 uisi
780 1977 898 2035 ratione
921 1971 986 2031 red-

70 2055 126 2115 dita
148 2077 195 2116 me
219 2059 408 2118 convicerint
431 2067 461 2118 et
492 2078 548 2120 sua
571 2061 744 2135 statuerint,
773 2077 842 2118 reos
866 2056 987 2132 erroris,

69 2138 242 2216 haereseos,
271 2141 440 2221 sacrilegii,
468 2149 613 2220 quantum
648 2143 677 2202 in
706 2161 754 2201 me
776 2141 880 2218 luerit,
915 2138 987 2198 mihi

69 2229 251 2299 censeantur,
274 2243 415 2303 monens,
437 2243 566 2305 rogans,
589 2226 775 2303 hortansque
797 2225 827 2283 in
851 2223 1008 2299 Dominox

70 2323 190 2380 omues,
218 2307 268 2384 qui
292 2305 444 2368 Christum
479 2326 549 2367 vere
581 2307 778 2382 confitentur,
811 2305 850 2366 ab
881 2325 985 2366 eorum

70 2389 209 2465 perversis
234 2398 265 2448 et
285 2391 386 2471 impiis
410 2389 555 2450 doctrinis
577 2389 634 2450 sibi
656 2395 804 2468 caveant,
827 2397 857 2449 et
881 2399 984 2446 verum

69 2469 141 2529 illum
165 2471 375 2532 antichristum
398 2492 453 2553 per
476 2491 530 2534 eos
552 2475 581 2534 iu
606 2473 679 2533 orbe
701 2492 829 2552 regnare
852 2491 912 2531 non
932 2469 985 2529 du·

69 2551 163 2614 bitent.
221 2553 310 2630 Quod
348 2557 372 2615 ai
405 2558 471 2636 quis
504 2557 668 2617 fraternum
703 2557 763 2619 hoc
787 2555 982 2615 munit-urium

70 2654 157 2696 meum
180 2641 416 2718 contempserit,
445 2641 522 2699 sciat
544 2659 599 2699 mer
615 2659 683 2699 esse
708 2638 852 2698 mundum
876 2659 893 2697 a
917 2656 985 2696 san·

70 2719 149 2796 guina
170 2737 239 2796 suo,
261 2731 292 2780 et
313 2721 342 2780 iu
367 2730 505 2782 extremo
527 2722 641 2784 iudicio
660 2723 770 2783 Christi
794 2728 984 2798 excusatum,

71 2800 131 2861 nihil
159 2804 239 2862 enirn
270 2804 375 2881 omisi,
409 2805 491 2884 quod
521 2806 638 2866 caritati
662 2803 853 2865 Christianae
885 2802 984 2864 debui.

71 2883 152 2944 Porro
174 2885 198 2944 si
228 2886 287 2945 alia
321 2887 370 2946 via
398 2905 460 2948 non
490 2907 569 2968 queo
593 2887 821 2948 damnatoribus
845 2886 984 2945 verbosis

72 2975 96 3024 et
115 2967 252 3028 inanibus
263 2970 414 3046 resistere,
439 2971 575 3030 ultimum
591 2970 672 3050 quod
695 2970 793 3029 habeo
817 2987 983 3049 exponam,

72 3067 170 3129 nempe
203 3049 282 3110 hanc
310 3053 441 3112 animam
476 3059 506 3113 et
534 3053 614 3114 hunc
643 3053 834 3132 sanguinem.
879 3051 985 3110 Melius

71 3137 109 3189 sat
130 3134 207 3192 enim
231 3151 279 3193 me
303 3135 410 3195 millies
442 3135 556 3213 occidi,
589 3155 681 3215 quum
710 3155 801 3196 unam
835 3135 983 3216 syllabam

70 3212 269 3275 damnatorum
293 3218 489 3278 articulorum
513 3237 669 3280 revocare.
702 3217 742 3278 Et
763 3219 841 3277 sicut
863 3219 919 3298 ipsi
937 3235 984 3274 me

69 3300 327 3358 excommunicant
354 3319 410 3380 pro
434 3302 582 3380 sacrilega
614 3302 731 3362 haeresi
755 3320 825 3372 sua,
858 3302 899 3360 ita
929 3317 982 3359 eos

68 3397 160 3439 rursus
188 3401 247 3460 ego
275 3385 509 3444 excommunico
537 3403 592 3465 pro
626 3389 732 3444 sancta
766 3384 892 3442 veritate
916 3381 982 3444 [lei.

70 3459 195 3524 Christus
223 3464 316 3524 iudex
345 3466 466 3546 viderit,
497 3474 563 3528 utra
591 3465 870 3528 excommunicatio
901 3462 981 3547 apud

8 3557 9 3600 r
70 3561 130 3602 euru
151 3547 264 3624 valeat,
290 3548 395 3611 Amen.
952 3550 955 3560 '

412 3679 621 3691 Ἢ
