2252 4006
233 195 487 252 Bullam‘baon.x.
508 195 629 252 damnat
649 215 673 252 a
694 200 770 258 toto.
913 197 976 266 231

41 348 212 412 voluntate
234 350 330 412 Patris
352 352 461 426 vestri,
491 353 541 432 qui
564 352 594 414 in
617 352 712 416 ooelie
734 359 795 428 est,
826 357 857 414 et
878 351 979 434 oapilli

40 435 162 512 eapitis
197 434 288 496 vestri
325 452 431 496 omnes
465 437 615 496 numerati
644 442 724 498 sunt.
773 435 916 500 aeneai.
939 437 977 500 tt

39 516 92 655 gris
106 517 244 592 insultat,
258 516 378 580 diosus:
403 517 486 578 Bene
497 536 620 598 qnoque
634 527 685 580 aut
697 518 788 598 male,
801 519 826 578 si
839 519 979 598 potestis,

54 599 154 659 aoite.

136 681 227 744 Unde
254 689 284 741 et
314 700 373 762 ego
395 682 452 742 bos
474 682 561 744 liberi
591 683 704 744 arbitrii
736 702 789 744 eeu
815 682 887 744 Beal
911 701 980 762 pro·

39 763 162 842 phetas
187 764 333 826 exhortor
355 784 425 826 oum
447 765 530 826 Elia:
553 767 656 847 Agite,
680 773 779 826 estote
801 765 866 840 viri,
888 765 981 828 ieoite

38 847 136 925 quod
158 849 190 908 in
212 847 300 908 vobis
313 854 369 926 est,
392 855 507 910 tentate
528 847 825 928 saltemaliquando,
847 847 878 908 id
896 847 980 927 quod

39 929 183 1010 donetis,
203 937 385 1010 praeparate
396 951 452 992 vos
476 931 514 993 ad
527 933 667 1012 gratiam,
689 940 720 991 et
742 931 878 992 obtinete
900 949 980 1012 quae

39 1013 156 1092 vultis,
179 1013 550 1094 quandoquidemdioitis,
574 1016 670 1076 Deum
685 1033 747 1074 non
770 1032 884 1094 negare
894 1013 979 1093 quid·

41 1114 162 1174 quam,
200 1098 226 1156 si
248 1096 396 1177 sederitis,
419 1097 503 1176 quod
527 1097 654 1158 liberum
681 1097 836 1157 arbitrium
866 1101 979 1176 potest.

43 1179 262 1242 Vehementer
284 1186 372 1259 turpe
393 1191 455 1254 eet,
486 1187 518 1240 ut
541 1188 659 1242 vestrae
682 1179 842 1241 doetrinae
863 1178 978 1240 nullum

43 1262 231 1343 exemptum
253 1261 414 1337 adducere,
438 1262 552 1324 nullum
575 1282 654 1342 opus
671 1281 727 1322 vos
750 1263 809 1342 ipsi
823 1268 979 1342 praestare

44 1347 189 1425 queatis,
218 1351 249 1405 et
275 1345 349 1406 solis
372 1345 470 1406 verbis
493 1347 648 1425 sapientes
670 1347 745 1407 sitis.
790 1345 903 1404 Verum
925 1343 980 1405 Pe·

44 1428 170 1508 lagium
192 1427 248 1488 snb
270 1427 316 1487 bis
338 1427 446 1490 studiis
468 1428 561 1490 alunt.
606 1425 685 1504 Quid
709 1428 790 1488 enim
813 1425 919 1503 refert,
953 1427 978 1486 si

45 1529 149 1591 neges
170 1511 299 1590 gratiam
322 1529 362 1570 ex
385 1510 528 1590 operibus
550 1512 673 1590 nostris,
696 1518 728 1571 et
749 1509 864 1570 dooeas
875 1514 977 1570 tamen

46 1613 108 1674 per
131 1612 229 1673 opera
251 1601 356 1654 nostra
378 1593 465 1655 dari?
493 1594 575 1654 idem
598 1600 702 1654 manet
722 1593 886 1672 impietatis
909 1609 979 1652 sen-

47 1696 122 1751 sus,
154 1694 216 1756 qno
246 1677 344 1756 gratia
371 1696 432 1738 nou
462 1679 573 1756 gratis,
602 1676 656 1737 esd
686 1675 727 1736 ob
756 1680 862 1736 nostra
883 1692 980 1755 opera

48 1760 164 1820 donari
186 1757 327 1818 ereditur.
375 1759 482 1838 Neque
512 1761 592 1820 enim
615 1758 770 1837 Pelagiani
803 1757 864 1818 alia
885 1775 980 1836 opera

49 1841 225 1903 doouernut
255 1848 286 1900 et
315 1842 466 1918 iecerunt,
495 1851 620 1922 propter
648 1859 728 1920 quae
756 1842 885 1922 gretiam
915 1837 979 1900 dari

48 1924 232 2000 voluerunt,
267 1943 357 2003 quam
393 1943 448 1986 vos
479 1923 596 1986 donetis
624 1931 654 1984 et
679 1924 788 1985 faoitis.
832 1920 978 1984 Eiusdem

49 2015 124 2068 sunt
147 2005 233 2068 liberi
255 2005 368 2068 arbitrii
392 2026 497 2087 opera,
519 2006 749 2085 eorundemque
761 2004 979 2081 membrorum,

50 2089 108 2151 sed
132 2089 194 2150 alia
216 2107 272 2151 vos
295 2091 338 2150 eis
362 2092 487 2152 nomina
509 2098 539 2150 et
567 2088 628 2152 alia
648 2089 692 2149 illi
714 2086 876 2162 dederuut,
907 2087 978 2146 ieiu·

51 2174 156 2250 nium,
180 2173 294 2249 oratio,
317 2172 535 2253 eleemosynae
559 2171 685 2233 eaedem
709 2176 810 2247 eraut,
838 2168 892 2230 sed
923 2187 980 2230 vos

53 2274 211 2336 oongrua,
234 2255 275 2314 iili
298 2254 453 2334 eondigua
474 2255 513 2316 ed
537 2256 665 2335 gratiam
689 2260 894 2330 voeaverunt,
917 2251 981 2312 ubi·

54 2357 114 2418 que
138 2343 242 2398 tamen
271 2337 351 2398 idem
372 2338 515 2418 Pelagius
539 2337 740 2417 triumphator
762 2334 983 2416 perseveravit.

141 2419 232 2480 Fallit
252 2419 309 2481 bos
332 2420 459 2482 miseros
481 2421 623 2482 homines
652 2439 752 2480 rerum
779 2418 980 2481 humanarum

53 2502 280 2582 insonstautia,
312 2522 366 2564 eeu
391 2507 442 2581 (ut
461 2508 593 2577 vocant)
619 2501 844 2581 eontingeutia,
873 2499 981 2560 oeulos

56 2587 138 2647 enim
172 2603 245 2646 suos
267 2586 377 2648 stultos
399 2593 540 2666 mergunt
568 2586 598 2646 in
627 2605 678 2645 res
706 2586 789 2664 ipses
825 2599 982 2662 operaque

57 2688 175 2743 rerum,
202 2686 261 2730 neo
289 2667 454 2748 aliquando
483 2669 606 2728 elevent
635 2669 664 2726 in
692 2671 891 2746 eonspeetum
915 2665 982 2741 Dei,

57 2759 89 2813 ut
112 2770 162 2812 res
185 2769 278 2830 supra
299 2770 348 2812 rea
368 2753 398 2811 iu
415 2751 482 2812 Deo
505 2758 738 2830 eognosoereut.
781 2747 877 2810 Nobis
900 2749 980 2808 enim

58 2834 96 2894 ed
119 2833 240 2894 inferna
260 2834 469 2914 speetautibue
498 2852 546 2894 res
576 2839 726 2912 apparent
752 2831 929 2892 arbitrariae
951 2835 983 2890 et

58 2917 220 2992 fortuitae,
251 2915 306 2978 aed
329 2915 367 2977 ad
389 2934 523 2996 superna
543 2914 751 2997 speetantibus
780 2914 885 2975 omnia
913 2919 985 2972 sunt

59 2999 243 3060 necessaria.
287 2997 367 3074 Quia
388 3017 448 3058 nou
471 3000 549 3058 siout
571 3016 638 3074 nos,
660 2995 714 3056 sed
737 2997 815 3056 siout
836 2996 888 3056 ille
909 2994 983 3070 vuit,

58 3085 101 3143 ita
123 3082 266 3157 vivimus,
287 3081 425 3157 faoimus,
448 3082 581 3160 patimur
603 3098 710 3140 omues
724 3087 754 3140 et
766 3080 880 3140 omnia.
913 3077 985 3138 Oes-

62 3172 109 3226 sat
141 3163 268 3225 liberum
303 3164 458 3224 arbitrium
492 3183 566 3242 erga
595 3163 712 3240 Deum,
743 3161 825 3242 quod
857 3167 985 3240 apparet

62 3266 136 3326 erga
160 3257 218 3308 n'oa
240 3255 271 3308 st
289 3247 494 3326 temporalia,
518 3245 579 3306 illie
607 3247 706 3320 enim,
729 3251 761 3305 ut
781 3243 911 3306 lacobus
934 3242 985 3318 ait,

62 3349 123 3390 non
156 3337 204 3390 est
226 3331 448 3404 transmutatio,
471 3347 529 3390 neo
553 3327 767 3390 vicissitudinis
782 3325 985 3388 obumbratio.

62 3413 118 3473 Hie
141 3431 215 3472 vero
249 3413 352 3472 omnia
388 3418 541 3472 mutantur
575 3417 606 3471 et
640 3411 802 3472 variantur.
856 3407 896 3468 Et
928 3425 985 3468 noe

65 3495 148 3558 stulti
171 3494 275 3556 diviua
295 3495 492 3556 aestimamus
504 3493 670 3554 seeundum
694 3493 771 3554 haee
783 3487 985 3570 temporalia?

66 3585 97 3639 ut
127 3577 225 3640 libero
256 3576 381 3638 arbitrio
410 3595 640 3658 praesumamus
667 3576 765 3636 Deum
798 3573 986 3654 praevenire,

68 3667 96 3727 et
116 3663 246 3744 gratiam
268 3667 451 3741 extorquere
472 3660 555 3720 velut
576 3658 753 3738 dormienti,
775 3656 895 3736 quoties
917 3653 985 3716 libi-
