2250 4008
322 205 446 260 Rationis
458 192 645 256 ‘montanas
663 192 714 244 etc.
923 157 988 236 lm

71 365 190 430 oceidit
205 353 291 438 vaani,
311 362 386 442 ¹qnia
401 358 502 419 ‘virtm
524 351 596 416 fidei
618 351 685 410 erat
704 341 762 415 ibi,
784 341 863 418 qnae
884 339 989 389 verunt

70 467 226 533 venenam
238 461 300 508 non
314 445 387 507 lecit
399 458 468 505 esse
479 437 572 513 aliud,
595 445 685 514 qnam
703 439 808 486 verum
827 411 991 490 venenum,

73 542 129 596 snt
149 551 282 614 poenam
304 529 353 590 vel
374 525 592 598 infirmitatem,
619 513 684 588 sed,
707 529 746 572 na
767 505 905 580 noceret,
923 509 992 576 pro·

71 619 182 680 hibuit.
226 613 316 692 Quod
338 612 363 673 si
385 610 463 670 alius
484 606 627 680 bibisset,
649 611 721 658 vere
742 594 879 651 mortuus
900 583 992 640 esset.

74 699 256 774 Christus*)
281 697 367 758 dicit:
405 693 436 754 Si
459 687 649 752 mortiferum
668 676 740 759 quid
763 669 909 738 biberint,
930 679 994 722 noa

74 788 122 847 eis
144 783 282 860 nocebit3
304 799 365 841 non
388 777 475 851 dixit,
492 788 559 834 'nou
582 760 781 842 eritamp'lins
797 748 997 816 mortiferam,
1037 739 1040 750 ¹

73 868 132 930 ssd
154 884 215 928 non
238 863 372 939 nocebit,
395 859 467 940 quia
488 859 518 917 in
540 853 667 914 nomine
689 860 758 906 meo
780 837 899 903 bibent,
921 828 997 890 allo-

75 953 130 1032 qui
152 965 232 1030 quae
253 945 389 1009 miraculi
412 943 521 1022 gloria,
544 938 568 998 si
587 930 774 995 mortiferum
786 938 855 982 esse
868 915 999 985 desinet,

75 1053 149 1096 cunr
173 1037 311 1114 pesum
333 1026 442 1090 fuerit?
463 1025 546 1104 Ignis
561 1015 735 1082 Chaldaeus
752 1023 822 1066 vere
843 999 922 1080 ignis
942 994 998 1055 luit

78 1125 112 1181 ct
133 1116 311 1198 permansit,
333 1111 386 1172 sed
408 1105 646 1170 nonlaesittres
660 1090 819 1166 viros**),
842 1100 904 1144 non
928 1077 999 1158 qnia

77 1202 189 1263 ardere
211 1206 242 1260 et
262 1215 351 1258 urere
372 1213 433 1255 non
448 1193 566 1272 posset,
588 1183 642 1244 sed
658 1180 731 1261 quia
751 1171 822 1235 illos
844 1183 906 1228 non
928 1177 999 1242 pos-

78 1293 144 1364 set,
167 1301 237 1344 cum
258 1286 378 1342 eeteros
401 1281 471 1337 ante
491 1271 647 1334 fornacem
672 1261 776 1339 utique
798 1249 1001 1316 consumeret.

165 1367 212 1429 lta
232 1367 294 1426 lucc
321 1367 482 1444 peccatum
511 1368 616 1416 uerum
638 1348 800 1428 peccatum
822 1341 885 1408 cst,
921 1324 1002 1409 quod

28 1520 31 1526 ,
81 1452 163 1515 alios
179 1465 287 1511 ornnes
303 1449 367 1508 irae
378 1441 452 1517 m)
478 1437 608 1508 subiicit,
631 1433 689 1493 hos
704 1445 766 1487 nou
780 1417 911 1491 subiicit,
933 1409 1006 1490 quia

81 1537 132 1614 hi,
156 1551 216 1595 nou
238 1531 298 1606 illi,
321 1527 481 1592 antidoton
504 1520 634 1598 habeut,
664 1523 780 1587 'nempe
802 1504 916 1564 donum
937 1493 1007 1568 Dei,

84 1621 115 1678 in
141 1619 239 1698 gratia
272 1615 360 1675 unius
394 1607 527 1672 hominis
544 1603 618 1664 'lesu
637 1594 771 1666 cuncti,
808 1603 869 1666 quo
899 1577 1007 1640 imbuti

83 1719 151 1762 non
175 1698 333 1762 ambulant
358 1691 526 1754 secundnm
548 1698 693 1757 ‘camem3
719 1691 823 1737 noune
847 1669 925 1728 haec
944 1663 1006 1722 tarn

85 1785 173 1846 elur-a
194 1791 225 1844 et
248 1780 347 1842 lucilia
368 1782 457 1855 sunt,
479 1779 512 1833 ut
534 1769 636 1831 nullus
656 1767 721 1826 tum
743 1754 848 1819 tardus
869 1749 925 1821 sit,
957 1741 1008 1823 qni

86 1883 152 1930 non
174 1865 317 1928 facillime
340 1851 601 1932 comprehendat?
630 1865 698 1909 cum
721 1839 840 1902 interim
863 1827 1008 1894 subtilita-

85 1959 137 2012 tes
150 1950 217 2011 illas
235 1954 384 2021 reatuum,
396 1942 578 2013 debitorum,
599 1928 782 1998 lormclium,
796 1912 1008 1980 materialium,
1024 1927 1029 1935 ¹

88 2035 229 2114 peceati,
252 2029 441 2112 privationis,
464 2021 596 2094 habitus,
619 2020 716 2087 actus,
739 1998 947 2085 expulsionis,
969 1993 1011 2052 in-

88 2117 231 2194 fusionis,
252 2112 455 2183 remissionis,
478 2102 675 2188 qualitatum,
698 2095 873 2158 formarum,
895 2077 1011 2140 subice

91 2207 206 2276 torum,
225 2197 371 2259 bonitatis
393 2191 576 2253 intrinsecae
599 2189 629 2242 et
651 2177 857 2244 extrinsecae,
879 2159 1013 2224 malitiae

91 2283 279 2344 intrinsecae
301 2285 331 2340 et
354 2277 555 2345 extrinsecae,
578 2261 716 2343 congrui,
737 2248 898 2322 meritorii,
920 2257 1012 2326 geue-

93 2370 135 2427 ris
158 2366 320 2441 bonorum,
342 2357 503 2438 acceptati,
526 2345 727 2427 deacceptati,
749 2335 859 2416 etquis
872 2341 1013 2390 ranarum

95 2456 128 2510 et
149 2465 321 2510 mascarum
343 2445 469 2504 istarum
498 2451 591 2496 voces
619 2445 726 2491 omues
754 2419 873 2498 audiat,
902 2408 1015 2472 nedum

94 2531 278 2594 recenseat?
300 2527 423 2608 ipsimet
444 2519 581 2583 nondum
603 2507 797 2574 concorditer
810 2499 943 2578 capiunt,
965 2489 1016 2569 qul

96 2617 228 2678 allorum
249 2611 384 2692 Magistri
407 2612 491 2681 sunt,
520 2609 638 2662 tantum
661 2594 763 2664 abest,
798 2572 1016 2658 utaliquando

98 2701 243 2760 miserum
266 2693 375 2775 vulgus
409 2709 448 2750 ex
468 2686 544 2768 ipsis
570 2699 674 2742 veram
707 2669 825 2754 peccati
848 2670 879 2724 et
901 2657 1018 2742 gratim

100 2783 310 2862 cognitionem
338 2775 485 2854 accipiat,
519 2785 587 2828 cunr
615 2763 666 2823 hic
690 2748 905 2839 philosophiae
927 2743 1020 2801 etiam

101 2866 287 2928 novissimas
314 2859 417 2920 faeces
439 2860 470 2915 et
492 2849 595 2912 decies
620 2847 759 2906 excretos
783 2847 909 2894 vorasse
931 2839 1020 2904 opor-

101 2957 176 3028 teat,
199 2951 374 3025 antequam,
396 2937 467 3020 quid
487 2940 591 2995 rectas
613 2933 665 2989 aut
687 2922 821 2985 debitum
844 2913 893 2987 sit,
913 2904 1021 2969 intelli·

103 3048 171 3113 gas.
194 3031 362 3090 Facessant
382 3025 442 3083 ista
460 3014 592 3080 absurda
604 3017 634 3074 et
651 3011 788 3070 monstra
800 2996 1022 3078 sophistarum.

188 3113 269 3173 Vere
281 3126 355 3187 ergo
368 3106 441 3166 dicit
455 3097 562 3170 *Μὴ
585 3096 653 3175 Ego
669 3097 771 3153 autem
792 3077 922 3144 carnalis
946 3086 1023 3142 sum,

109 3218 172 3261 non
186 3196 269 3267 dicit,
283 3189 414 3253 carnalis
426 3187 478 3261 lui,
490 3179 683 3254 venundatus
695 3170 751 3233 snb
763 3169 902 3249 peccato.
922 3154 1026 3219 Proba

107 3277 290 3363 igiturmihi‚
305 3273 387 3354 quod
401 3267 530 3332 carnalis
539 3266 569 3324 in
586 3260 742 3338 Scriptura
754 3245 1025 3330 significetpoena·

107 3363 243 3427 litutibus
257 3367 286 3419 et
298 3351 520 3417 infirmitatibus
532 3345 711 3407 subiectum.
735 3330 895 3397 Carnalem
909 3335 1027 3384 verosa

112 3448 195 3521 eicit,
207 3463 271 3506 non
285 3441 355 3522 quia
367 3444 449 3499 totns
458 3428 642 3504 sitc'amalis,
659 3421 713 3484 sed
721 3423 824 3480 mente
836 3417 881 3472 est
890 3406 1028 3488 spiritua-

112 3533 158 3610 lis,
181 3545 273 3590 cerne
285 3521 425 3598 carnalis,
448 3518 527 3578 sicut
540 3517 641 3573 mente
655 3505 731 3568 liber
745 3499 915 3580 apeccato,
938 3501 1030 3547 carna

115 3636 531 3660 -„,...---‘„..........----

125 3654 333 3774 “wamiam
355 3685 551 3758 **)Danial.3.
572 3677 747 3746 ”⁸Jltumc.
760 3673 785 3728 t.
806 3655 1028 3730 '*’'⁵lltcrra.7¹
