2252 4006
133 147 196 216 232
330 149 455 205 Assertio
473 166 547 205 omn.
567 151 641 204 ertio.
661 149 694 206 D.
711 151 745 205 lt.
764 151 792 205 la.
812 166 862 220 per

135 313 197 365 tum
219 304 317 381 fuerit,
339 305 426 384 quasi
447 304 498 365 ille
510 306 618 366 mutari
640 305 800 366 nobiseum
824 305 931 387 possit,
953 311 982 366 et
1005 323 1053 365 ve·

84 435 87 460 ,
134 387 168 447 lit
191 387 273 467 quod
296 387 460 467 aliquando
488 407 549 449 non
574 389 687 465 voluit,
716 388 809 467 idque
831 396 936 450 nostro
958 388 1053 449 libero

135 470 259 532 arbitrio
283 479 430 551 operante
452 476 483 530 et
505 471 636 534 volante.
679 470 707 530 0
728 471 811 532 furor
836 471 969 533 surorum
990 489 1055 532 om-

134 555 218 614 nium
242 555 437 616 novissimus.

217 636 256 697 Et
278 636 390 696 Paulus
404 637 540 717 llphe..2
562 636 649 696 dioit:
671 635 802 696 Eremos
820 645 850 696 et
871 655 928 696 nos
950 644 1057 698 natura

134 718 187 779 lilii
210 721 289 799 irae,
314 722 392 780 siout
413 727 444 780 et
466 719 569 780 ueteri.
613 719 644 779 Si
672 738 780 779 omnes
811 730 900 780 extra
929 721 1056 799 gratiam

134 808 204 862 sunt
214 801 267 862 lilii
281 805 343 862 irae
355 822 394 863 ex
405 804 473 882 ipsa
485 809 603 877 natura,
627 821 701 882 ergo
715 810 744 862 et
761 801 889 863 liberum
903 802 1055 863 arbitrium

135 893 181 945 ast
212 884 292 945 filins
322 886 386 945 irae
407 905 447 945 ex
469 893 578 945 natura
609 903 680 964 aua,
724 887 749 944 si
780 905 820 945 ex
853 891 961 945 natura
993 905 1058 958 sua,

134 967 229 1028 multo
273 969 370 1048 magis
405 987 444 1028 ex
478 967 619 1028 omnibns
657 967 799 1047 operibns
843 969 916 1027 suis.
977 967 1055 1042 Quid

134 1058 235 1112 antem
270 1069 338 1111 esse
372 1056 475 1130 potest
508 1057 615 1111 natura
650 1049 729 1110 lilius
763 1051 844 1130 irae,
885 1050 944 1110 nisi
979 1050 1057 1128 qnod

136 1135 239 1194 omnia
273 1152 351 1212 quaa
387 1133 458 1193 iaoit
495 1139 564 1192 sunt
602 1132 696 1210 mala,
741 1152 800 1193 non
840 1132 879 1192 ad
922 1135 1058 1212 gratiam,

136 1215 190 1276 sed
213 1215 349 1277 adirem
372 1217 603 1296 praeparantia,
633 1218 696 1275 imo
718 1216 794 1275 iram
818 1215 989 1276 merentia?
1016 1215 1059 1276 lte

137 1317 220 1359 nuno
241 1297 397 1379 Pelagiani
427 1307 458 1358 et
488 1297 630 1378 operibus
661 1298 770 1358 vestris
799 1305 987 1378 praeparata
1008 1317 1059 1358 vos

137 1380 176 1442 ad
200 1382 339 1460 gratiam,
363 1401 431 1442 oum
454 1381 505 1441 hio
521 1380 633 1440 Paulus
655 1399 717 1440 non
740 1381 797 1440 nisi
820 1382 896 1440 irum
921 1380 981 1440 illia
1004 1400 1059 1440 ma·

134 1465 193 1524 reri
208 1483 314 1525 omnes
329 1464 420 1526 dioat.
453 1463 554 1523 Mitius
565 1472 638 1538 erat,
661 1464 802 1524 sisoium
822 1463 966 1524 dixisset:
989 1463 1059 1523 lira·

135 1565 202 1607 mus
224 1546 278 1606 filii
300 1549 375 1624 irae,
398 1547 450 1607 sed
474 1545 601 1621 addens,
626 1552 742 1621 natura,
765 1552 962 1607 eertetotum
978 1545 1057 1626 quod

134 1649 240 1690 snmus
263 1636 293 1690 et
313 1629 443 1690 lauimus
466 1648 506 1688 ex
527 1637 646 1706 natura,
668 1647 728 1690 non
752 1631 810 1689 nisi
823 1631 965 1690 meritum
988 1630 1064 1704 ireos

134 1731 327 1793 nequaquam
350 1713 466 1793 gratiae
492 1711 622 1792 intelligi
654 1711 759 1772 voluit.
804 1711 864 1771 Vix
887 1711 1055 1772 breviorem

74 1869 80 1874 ,
133 1802 164 1856 et
185 1797 369 1876 apertiorem
392 1795 659 1875 potentioremque
681 1796 712 1853 in
735 1793 898 1874 seripturis
921 1796 1056 1855 invenias

134 1879 316 1938 sententiam
339 1877 487 1946 adversus
509 1876 637 1937 liberum
661 1877 826 1939 arbitrium.
903 1899 904 1902 ¹

215 1960 255 2021 Et
278 1959 350 2040 qnid
372 1960 473 2021 multis
497 1959 638 2040 agimus?
662 1960 710 2020 Ex
733 1959 916 2040 supradietis
939 1959 1057 2020 abunde

136 2043 356 2124 eognovimus,
386 2044 477 2104 etiarn
498 2044 596 2103 iustos
619 2061 733 2122 magno
755 2044 921 2103 certamine
954 2051 1058 2104 eontra

136 2144 222 2186 snam
245 2145 368 2186 earnem
390 2125 541 2202 laborare,
565 2133 596 2185 nt
615 2125 730 2185 laniant
753 2125 866 2186 bonum
881 2125 1055 2206 resistitqne

135 2209 179 2267 eis
210 2207 337 2268 liberum
367 2225 474 2268 eorum
503 2206 658 2268 arbitrium
696 2214 727 2268 et
754 2208 916 2288 prudentia
950 2209 1056 2285 earnis,

134 2290 260 2350 summis
276 2290 390 2352 viribus
413 2291 755 2369 oonoupisoensoontra
777 2291 927 2370 spiritum,
952 2289 1056 2351 odiens

135 2391 173 2434 ea
195 2391 275 2452 qnae
297 2380 367 2434 sunt
388 2374 509 2453 spiritns
523 2379 553 2433 et
575 2372 736 2452 legiaDei3
758 2380 787 2433 et
810 2371 969 2452 quomodo
991 2391 1056 2453 pos-

134 2455 222 2516 sibile
244 2462 303 2535 est,
336 2463 369 2517 ut
390 2457 456 2516 sine
478 2455 584 2535 spiritu
608 2474 647 2514 ex
669 2462 777 2515 natura
807 2473 864 2515 sua
885 2457 986 2536 possit
1003 2473 1056 2536 pro

134 2540 239 2619 spiritu
263 2540 491 2618 oonoupisoera
514 2556 568 2597 seu
592 2537 630 2598 ad
653 2538 791 2616 spiritum
814 2557 847 2598 se
865 2557 1057 2618 praeparare,

132 2621 273 2682 iaoiendo
296 2621 379 2702 qnod
403 2627 450 2682 est
469 2621 500 2680 in
523 2619 578 2680 se?
610 2620 642 2680 ln
666 2620 765 2700 gratia
787 2620 858 2682 dum
881 2620 982 2697 tuerit,
1005 2640 1056 2681 na·
1080 2647 1108 2664 -1

132 2711 200 2764 tura
221 2705 286 2764 eius
309 2705 378 2765 talis
410 2709 472 2778 est,
508 2707 541 2764 ut
575 2709 683 2763 eontra
710 2703 840 2782 gratiam
874 2703 1054 2764 indomitum
1084 2699 1108 2762 .l

134 2792 264 2865 pugnet,
297 2793 328 2847 et
358 2793 446 2846 extra
472 2786 609 2864 gratiam
626 2784 785 2845 talis'esse
806 2787 920 2866 poterit
951 2792 1056 2848 natura
1107 2769 1108 2850 l

133 2868 209 2946 eius,
232 2876 263 2928 nt
284 2870 421 2950 spiritum
444 2867 549 2928 iuvet?
578 2867 658 2942 Quid
683 2868 818 2928 insanius
840 2867 914 2950 fingi
934 2867 1055 2948 potest?

131 2949 223 3010 Esset
250 2953 330 3012 enim
352 2951 413 3012 hoo
440 2956 608 3011 monstrum
641 2969 755 3010 novum
782 2951 881 3012 simile
908 2951 998 3012 huin:
1027 2950 1053 3011 Si
1107 2969 1108 2992 i

135 3034 202 3112 quis
225 3033 404 3096 indomitam
432 3034 527 3093 feram
557 3033 686 3094 vinoulis
717 3033 901 3094 eustoditam
932 3033 1054 3094 domare
1107 3085 1108 3090 ,

133 3135 194 3177 non
217 3117 331 3196 possit,
361 3123 514 3177 ettamen
542 3117 669 3175 insanus
689 3115 784 3176 iaotet
811 3135 878 3176 eam
903 3123 976 3176 anta
997 3117 1053 3175 vin·

132 3197 204 3259 nula
234 3205 267 3260 ¹et
304 3201 369 3259 sine
408 3198 536 3258 vinculis
565 3215 633 3258 esse
666 3205 726 3257 tam
757 3200 888 3259 oiourem
920 3207 951 3258 et
979 3217 1053 3259 man·

131 3287 265 3418 puptam,
299 3286 332 3341 ut
367 3288 477 3359 sponte
514 3299 547 3338 sa
581 3279 703 3355 domet,
740 3299 810 3358 sen,
850 3287 883 3341 ut
905 3280 1049 3358 dometur,

144 3379 161 3418 a
186 3369 260 3422 oret.

215 3442 374 3515 Desinite,
396 3460 522 3521 quaeso,
548 3443 586 3504 ab
598 3443 656 3503 bae
677 3445 807 3520 insania,
830 3445 991 3520 miserrimi
1003 3445 1051 3504 Pe·

64 3554 67 3559 -
133 3519 254 3598 lagiani.
305 3523 336 3584 Si
363 3523 489 3584 liberum
518 3524 672 3585 arbitrium
706 3527 736 3585 in
770 3521 868 3606 gratia
896 3532 1010 3607 peooat
1025 3533 1050 3586 et

134 3601 248 3662 insanit
269 3602 416 3666 adversus
439 3607 577 3685 gretiam
600 3609 678 3668 siout
700 3610 844 3689 cogimur
859 3627 968 3670 omnes
990 3627 1049 3670 seu·
