2254 4008
130 165 156 254 42
412 165 453 244 D,
466 167 544 248 liant.
563 165 642 221 Luth.
661 165 781 225 oblatio.

130 319 257 382 devoret
278 320 436 382 iustiorem
464 340 507 400 se,
530 328 562 384 et
584 321 624 382 sit
643 320 738 382 facies
759 320 907 396 hominis,
928 325 962 380 ut
983 316 1060 378 Pro·

128 404 223 484 pheta
244 403 303 483 ait,
325 403 413 484 quasi
434 406 535 486 pisces
558 405 666 478 maris,
695 410 726 464 et
746 404 834 484 quasi
854 403 974 483 reptilia
991 420 1062 464 uon

127 487 274 548 habentia
296 486 423 568 ducem,
452 489 523 548 dum
554 489 592 547 sit
619 485 763 547 iudicium
794 493 824 546 et
851 484 1060 546 contradictio

127 571 291 650 potentior.
333 571 380 632 lta
402 590 451 631 me
467 570 661 641 commendo,
682 571 726 632 ita
750 567 884 648 confido,
905 570 1060 649 itaspero

100 665 103 675 “
127 646 158 714 in
185 660 268 714 tuam
296 654 536 715 sacratissimam
559 654 767 730 Maiestatem,
789 671 881 732 quam
903 651 1060 713 Dominus

128 735 217 797 Jesus
240 735 329 798 nobis
352 744 453 798 servet
474 741 506 799 et
528 735 720 817 magnificet,
742 735 782 796 ad
804 736 932 815 gloriam
952 736 1060 796 Evan-

128 818 201 965 ἕοίἰί
223 819 269 880 sui
283 817 510 902 sempiternam,
530 823 639 882 Amen.
678 819 789 880 Datum
803 818 1060 899 Wittembergae,

149 905 178 964 ie
203 907 250 968 15.
271 903 419 974 ianuarii,
441 923 523 965 anno
546 901 712 980 MDXX¹].

212 985 431 1060 Saganissimae
460 988 628 1048 Maiestatis
656 993 726 1045 tuae
755 1004 792 1045 ao
818 985 935 1065 Regiae
955 984 1060 1065 Impe-

127 1071 257 1130 tatoriae
280 1070 440 1130 clientulus
464 1070 593 1132 devotus
618 1067 764 1132 Martinus
788 1066 990 1145 Lutherus2).

129 1230 179 1325 D.
209 1229 391 1331 Martini
420 1229 790 1442 Βᾳξὶὲζῖὲὲἓὴιϊὶο
821 1230 923 1325 Sive
951 1229 1060 1324 Pro·

505 1485 678 1564 Jesusi).

130 1603 278 1664 Martinus
301 1603 449 1664 Lutherus
472 1603 717 1683 Augustinianus
742 1608 884 1683 precetur
913 1601 1060 1663 omnibus

130 1687 210 1746 hanc
232 1687 485 1767 protestationem
512 1687 562 1747 vel
590 1687 712 1748 lecturis
741 1685 788 1746 vel
811 1685 957 1746 audituris
988 1705 1061 1767 gra·

206 1771 279 1830 tiam
302 1769 370 1850 Dei,
393 1769 525 1830 offerens
549 1772 703 1830 orationes
726 1787 798 1829 suas
820 1768 972 1848 indignas.

209 1905 307 1966 Editis
335 1905 452 1984 aliquot
483 1907 560 1966 meis
593 1902 857 1967 lucubrationibus
886 1910 916 1964 et
943 1903 1080 1988 libellis,

130 1988 277 2050 hactenus
300 1994 331 2048 ut
344 1989 518 2066 multorum,
540 1991 583 2049 ita
606 2005 787 2068 magnorum
801 1987 1061 2066 indignationem,

129 2071 247 2148 odium,
273 2072 400 2132 stiram
423 2075 574 2152 contraxi,
597 2072 686 2147 adeo,
709 2079 742 2131 ut
763 2089 863 2155 paene
884 2089 967 2132 nuuc
989 2077 1060 2132 toto

131 2155 261 2218 triennio
283 2173 340 2233 pro
369 2154 474 2214 divina
502 2163 532 2214 et
554 2154 734 2234 evangelica
765 2153 893 2214 veritate
921 2151 1061 2214 infinitas

128 2245 159 2297 et
180 2245 344 2317 perpetuas
365 2239 612 2317 persecutiones,
635 2237 847 2312 contumelias,
870 2235 1060 2318 discrimina,

128 2326 158 2380 et
180 2319 323 2400 quioquid
347 2321 494 2381 malorum
526 2341 543 2380 a
574 2322 649 2380 meis
679 2320 860 2380 adversariis
884 2321 1060 2399 excogitari

128 2404 237 2482 potuit,
260 2421 385 2483 passus,
414 2423 454 2462 ne
476 2403 567 2464 hodie
590 2402 712 2483 quidem
741 2403 902 2464 evaserim.
946 2401 1060 2482 Neque

130 2486 211 2546 enim
235 2485 308 2546 mihi
331 2487 454 2566 profuit,
479 2487 563 2566 quod
584 2487 697 2548 invitus
720 2485 879 2547 atnolans
904 2486 934 2545 in
957 2485 1058 2565 publi·

128 2588 199 2630 cum
222 2587 414 2649 progressus,
437 2588 537 2648 neque
563 2589 653 2630 aecus
676 2588 773 2649 quam
792 2587 928 2630 meorum
952 2588 1058 2633 aemu-

127 2652 225 2714 lorum
239 2653 279 2729 vi,
297 2651 452 2714 fraudibus
466 2661 496 2712 et
508 2653 625 2714 insidiis
638 2652 765 2714 adactus
780 2652 897 2731 scripsi,
908 2652 1057 2733 quioquid

128 2735 245 2815 scripsi,
268 2735 341 2796 nihil
364 2735 444 2798 aliud
459 2755 591 2816 uuquam
615 2735 663 2796 vei
685 2743 826 2815 precatus
849 2735 897 2794 vel
920 2745 1058 2812 secutus,

128 2837 219 2898 quam
234 2819 457 2879 utveluthomo
467 2819 586 2880 alienae
600 2819 748 2880 voluntati
761 2819 889 2878 devotus
901 2818 1058 2900 inaugulo

127 2901 230 2981 aliquo
252 2901 350 2967 latens
372 2909 403 2962 et
425 2901 572 2967 obscurus
596 2902 691 2964 latere
712 2920 847 2981 possem.

150 3039 151 3049 ,
211 2984 277 3044 Neo
298 2985 371 3045 mihi
393 2986 449 3046 fuit
470 2987 569 3064 saluti,
592 2987 674 3065 quod
684 2986 751 3046 Deo
774 2986 896 3064 optimo
907 2987 1058 3066 maximo,

127 3077 158 3129 at
179 3087 249 3128 mea
271 3069 461 3130 couscientia
485 3077 561 3130 teste
584 3089 655 3128 vere
680 3069 794 3144 testari,
817 3067 870 3129 sed
893 3076 924 3129 et
946 3069 1058 3130 multo·

127 3171 192 3214 rum
215 3151 400 3231 proborum,
421 3155 577 3232 gravium,
599 3152 859 3228 Christianorum,
889 3151 1057 3212 eruditissi-

127 3253 258 3310 morum,
280 3242 311 3295 et
326 3235 578 3314 peritissimorum
592 3235 705 3309 iudicio
720 3243 750 3295 et
761 3237 914 3302 sententia
935 3236 1056 3316 possim

150 3443 153 3448 -
181 3412 211 3474 1)
235 3411 265 3464 ln
290 3411 332 3464 ed.
359 3413 429 3480 orig.
456 3413 648 3466 tantummodo
670 3413 795 3482 degitur:
825 3416 922 3469 Datum
943 3417 1059 3472 Wittsn·

127 3481 238 3552 burgae.
275 3481 361 3537 Anno
382 3484 490 3536 Domini
509 3483 544 3536 M.
564 3484 596 3537 D.
618 3485 675 3536 XX.
712 3487 744 3550 2)
766 3485 835 3540 ibid.
864 3488 964 3542 desunt
988 3490 1059 3543 haec

128 3556 228 3607 verba:
257 3553 457 3609 serenissimae
481 3583 514 3594 -
535 3557 682 3623 Lutherus,
710 3560 827 3625 repetita
855 3565 920 3613 sunt
953 3577 989 3616 ex
1013 3561 1059 3615 sd.

129 3624 216 3681 suar.
235 3631 263 3679 et
280 3625 344 3682 an.
376 3627 409 3694 3)
430 3627 498 3685 ibid.
518 3628 607 3682 deest:
626 3627 719 3684 Jesus.
