2262 4006
151 158 213 230 364
380 165 536 236 Responsio
555 165 588 220 D.
604 163 638 221 u.
656 165 687 220 L.
706 164 742 220 ad
760 164 861 221 librom

152 289 263 399 ubique
286 303 372 382 dioit:
400 321 580 383 lllandamus
609 327 760 402 quatenus
790 320 928 382 didriote
958 319 1068 399 praeei-

151 404 264 485 piendo
288 404 466 466 mandantes
489 413 519 466 et
540 404 690 466 eiusmodi
713 405 827 466 similes
849 403 966 464 buooas
988 402 1071 462 tomi·

151 487 307 566 dissimas,
330 488 439 568 quibus
461 503 569 550 omnes
596 487 719 548 scholas
748 496 896 568 oooopat,
937 492 969 546 nt
996 485 1071 545 bene

149 569 255 631 Petrus
278 591 339 631 non
361 572 540 651 loquentes,
569 571 622 631 sed
650 580 795 631 sonantes
818 569 973 650 appellet,
1004 587 1070 628 enm

149 656 208 714 sint
235 673 329 714 voees
363 673 480 733 merae,
514 654 587 714 nihil
620 655 678 714 nisi
713 655 897 714 vanissimae
930 653 1071 711 vanitatis

151 737 313 800 doctrines.
358 737 396 797 Et
419 747 518 798 tamen
544 738 589 796 iris
619 738 753 816 pestibus
781 737 920 798 allioiunt
944 734 1071 795 nobilio-

149 838 213 880 rem
237 829 352 900 partem
373 821 519 894 lidelium,
541 823 601 900 qui,
625 821 696 881 dum
719 820 764 879 his
788 820 963 879 vanissimis
976 823 1069 878 turno-

150 903 232 963 ribus
255 903 412 964 doetrinae
434 904 572 975 student,
601 905 663 963 suis
693 901 910 982 cupiditatibus
941 901 1070 961 student.

152 985 226 1062 Quis
249 987 328 1046 anim
360 989 388 1046 in
413 987 666 1047 Universitatibus
693 1005 753 1047 nou
781 985 883 1046 studet
904 985 996 1063 lueri,
1023 991 1073 1044 aut

150 1068 282 1148 gloriae,
317 1079 368 1129 ant
402 1071 453 1130 otii
487 1069 605 1150 gratia?
645 1076 678 1129 ut
705 1071 859 1146 omittam,
892 1066 978 1147 quod
1010 1068 1070 1127 ani·

149 1171 218 1212 mae
239 1153 413 1212 inescantur
435 1152 549 1212 laseiva
571 1152 623 1212 illa
643 1158 674 1212 et
684 1151 845 1212 licentiosa
866 1153 930 1211 vita
949 1150 1071 1211 Univer-

150 1235 295 1295 sitntumi
324 1235 464 1312 Summa,
493 1237 541 1294 ius
564 1233 752 1296 Canoninnm
782 1233 871 1296 nobis
894 1233 950 1295 dat
973 1234 1070 1306 Colle·

151 1319 267 1396 porum
297 1327 327 1378 et
354 1317 533 1379 scholarum
561 1318 724 1398 populum,
754 1335 815 1378 non
846 1318 1069 1395 nisivanitsti,

148 1400 250 1480 luxui,
274 1401 434 1477 lasciviae,
458 1403 542 1475 otio,
573 1418 707 1481 pompae
729 1399 881 1480 deditum,
918 1410 949 1460 et
973 1409 1068 1459 tamen

149 1483 318 1544 ineredibili
341 1485 436 1545 boatu
464 1484 611 1564 superbos
640 1503 721 1564 papa
745 1503 812 1543 oum
836 1483 899 1543 suis
923 1481 1069 1563 apostolis

151 1567 258 1630 horum
282 1575 404 1646 statum,
428 1585 513 1646 opes,
536 1566 711 1647 hypocrisin
735 1569 849 1626 laniant
870 1567 901 1625 in
925 1565 990 1626 auis
1012 1565 1067 1624 De-

151 1651 258 1726 cretis,
291 1657 324 1710 ut
355 1669 427 1710 vere
455 1650 561 1710 Petrus
596 1649 727 1729 superba
756 1650 898 1708 vanitatis
928 1648 1068 1728 appellet,

150 1735 283 1813 speeiem
305 1733 394 1792 istam
406 1733 528 1812 pietatis
552 1741 583 1791 et
603 1733 758 1812 religionis
778 1738 808 1791 et
829 1733 989 1808 seientiae',
1012 1749 1067 1810 qua

149 1816 281 1897 populus
303 1817 360 1876 iste
381 1815 518 1890 inflatur,
547 1817 665 1874 interim
689 1831 750 1874 nnn
781 1815 838 1874 nisi
861 1814 1067 1894 voluptatibus

149 1909 179 1958 et
200 1898 317 1958 delioiis
345 1899 490 1978 perditus.
526 1899 623 1964 ¹Hune
649 1915 772 1959 sensnm
804 1899 887 1957 iuvat
915 1895 1007 1956 ludas
1031 1897 1067 1955 di·
1116 1943 1117 1950 ,

150 1999 238 2042 oens:
261 1981 299 2041 Et
324 2001 359 2041 os
381 1981 498 2041 illorum
523 1979 783 2059 loquiturtumida
806 1980 992 2040 admirantes
1007 1998 1066 2058 per·

149 2081 242 2125 sonas
264 2065 400 2124 utilitatis
414 2066 521 2144 gratia.
555 2064 637 2123 Eoos
653 2079 811 2143 personas,
834 2065 965 2142 speeies,
987 2081 1067 2141 pom-

149 2163 219 2226 pas,
244 2154 274 2208 et
296 2149 438 2225 omnino,
462 2165 537 2226 quas
560 2149 699 2226 superius
721 2146 815 2205 faoies
836 2144 1066 2226 appellavimus,

150 2237 251 2291 vooat.
294 2229 358 2290 Hos
381 2231 460 2290 enim
493 2232 587 2290 iaotat
614 2247 670 2288 rex
696 2230 754 2289 iste
783 2227 928 2289 laoierum
958 2229 1066 2307 magni-

150 2311 227 2373 liaos
249 2312 363 2388 titulos,
386 2313 554 2391 privilegia,
576 2311 730 2372 libertates
753 2320 810 2372 eto.
862 2307 865 2314 ’

233 2395 273 2456 Et
295 2396 419 2475 pnlahre
443 2395 527 2454 addit
549 2413 619 2469 eos,
650 2395 700 2473 qui
730 2411 800 2453 vere
823 2392 1010 2473 effugerant,
1038 2398 1065 2452 in

148 2497 251 2538 errore
278 2488 511 2552 conversantes,
546 2475 637 2558 (mihi
672 2477 790 2537 videtur
817 2477 878 2536 hoe
904 2475 998 2550 valle,
1029 2485 1064 2554 ut,

149 2561 295 2641 quidquid
318 2561 532 2642 ebaptismate
544 2569 574 2619 et
595 2559 689 2620 verbo
709 2560 767 2619 Dei
789 2567 892 2618 natum
913 2569 944 2619 et
966 2558 1064 2618 libera-

149 2654 211 2704 tum
234 2664 253 2703 a
275 2645 518 2723 peaoatisiuerit,
543 2660 625 2716 mox,
649 2643 700 2702 ubi
712 2642 888 2718 adoleverit,
910 2643 941 2700 in
965 2659 1062 2701 eornm

149 2727 305 2788 dootrinas
329 2737 358 2786 at
380 2726 480 2786 studia
502 2727 618 2804 rapitur
640 2734 671 2785 et
691 2725 895 2804 immergitur,
918 2733 950 2783 nt
974 2725 1004 2784 in
1026 2743 1062 2782 er·

150 2827 218 2869 rore
240 2812 414 2870 conversari
439 2819 597 2888 cogantur,
620 2809 692 2868 linet
714 2827 767 2880 per
783 2807 935 2867 Christum
960 2807 1063 2885 effuge·

149 2893 209 2952 rint
230 2903 321 2953 antea
344 2911 450 2953 omnes
474 2909 600 2952 errores.
644 2891 712 2948 Hoo
740 2890 788 2966 fit,
815 2889 886 2949 dnm
917 2909 935 2950 a
958 2889 1016 2950 fide
1037 2891 1061 2949 in

150 2978 351 3047 oeramonias,
374 2975 509 3054 aspiritn
522 2977 552 3033 in
574 2992 733 3054 personas,
755 2975 893 3052 agretia
913 2975 943 3032 in
967 2991 1063 3052 opera,

151 3061 309 3120 averitate
323 3060 352 3118 in
376 3060 519 3136 speeiem,
543 3057 730 3136 hypocrisin,
753 3063 783 3115 et
798 3058 971 3115 nniversam
989 3055 1062 3115 illam

149 3143 293 3202 iaoierum
325 3159 471 3220 pompam
502 3151 605 3212 ruunt,
640 3159 693 3218 per
721 3139 899 3217 impiissima
927 3140 1061 3198 vanitatis

149 3223 300 3306 superbae
321 3241 426 3284 eorum
450 3220 604 3302 Decreta),
626 3222 795 3281 libertatem
819 3221 877 3281 illis
894 3223 1060 3301 promitten-

149 3317 215 3384 tes,
238 3327 306 3370 oum
327 3308 388 3366 sint
417 3307 495 3366 servi
519 3305 735 3384 eorruptionis3
765 3303 825 3364 hoe
853 3311 883 3364 et
910 3303 949 3363 ad
973 3302 1061 3365 indul-

152 3391 270 3468 gentias
291 3391 431 3472 pertinet,
453 3396 482 3449 at
504 3388 543 3446 ad
566 3405 687 3448 omnem
711 3387 793 3446 iilam
818 3385 989 3461 fallaciam,
1010 3405 1061 3464 qua

152 3469 297 3532 iaoiernm
319 3472 450 3530 studium
473 3468 656 3550 praedicant
673 3470 802 3547 bonum,
831 3477 863 3528 ut
886 3471 935 3548 qni
958 3471 989 3529 in
1010 3471 1059 3530 illis

153 3550 301 3627 ambulet,
339 3560 444 3614 sanate
484 3561 513 3612 et
543 3553 591 3631 pia
625 3552 780 3613 ambulare
812 3551 961 3630 credatur.
1018 3551 1060 3613 Sia

155 3631 234 3691 enim
265 3633 385 3694 ordines
413 3633 620 3714 sacerdotnm,
657 3634 952 3714 monachornm,·et
977 3636 1058 3698 totius
