2250 4008
302 143 303 146 ’
328 149 454 206 llabcnis
473 149 653 206 latomiansa
671 156 723 204 stc.
926 145 989 218 423

44 301 240 368 ansonem
281 323 350 366 esse
382 311 542 386 peecatum
576 311 607 368 et
635 303 872 386 blasphemiam,
918 305 987 368 lios

43 381 142 449 bene
175 387 266 450 babet
294 387 467 470 Scriptura,
496 387 578 468 quod
606 389 728 468 spiritus
756 389 794 450 da
824 391 924 470 impiis
958 395 989 452 st

46 485 114 545 pro
144 471 248 550 impiis
271 479 337 532 oret
354 491 408 551 per
429 471 571 547 Sanctae,
593 469 646 533 sed
670 473 700 532 in
727 491 861 553 persona
882 491 987 542 scruta

46 569 234 632 nunquam.
270 553 398 634 Spiritus
421 562 467 616 est
481 555 619 635 corporis
631 553 750 632 Christi,
772 560 805 618 et
824 556 854 616 in
866 554 987 617 Sanctis
1028 609 1032 617 .

45 632 194 698 adiuvat
221 636 425 698 infirmitatem
455 656 577 715 eorum,
610 645 640 698 et
667 639 762 718 gemit
790 645 819 700 et
850 637 988 720 postulat

46 735 114 796 pro
144 721 202 780 eis.
247 719 376 796 Qualem
404 739 472 782 esse
499 720 580 780 hane
607 723 777 793 orationem
798 721 898 784 Isaiae
919 722 987 802 quis

45 818 122 862 non
150 801 258 883 palpat
279 802 393 864 etiam?
427 803 478 866 Sic
500 803 637 866 Christus
664 801 748 866 flevit
769 822 861 885 snper
881 803 986 868 Hiera·-

45 883 181 965 ealem,
212 885 265 946 sed
296 904 356 947 non
380 888 410 946 in
442 905 577 967 persona
597 886 804 964 Hierusalem
827 884 984 964 Paulus*)

48 967 159 1028 etiam
184 987 240 1048 pro
263 969 401 1045 Iudaeis,
422 968 476 1030 sed
499 971 615 1030 nonin
637 989 772 1050 persona
792 968 986 1046 ludaeorum,
1052 1009 1053 1014 κ

49 1056 87 1110 at
114 1051 173 1112 hie
194 1051 289 1112 Isaiae
312 1069 381 1132 sese
403 1071 568 1132 personam
590 1052 664 1114 facit
685 1071 809 1130 eornm,
831 1072 901 1114 eum
923 1054 986 1132 qui·

46 1131 116 1194 bus
145 1140 177 1194 et
197 1153 254 1215 pro
276 1133 385 1213 quibus
409 1141 486 1196 orat

148 1216 244 1296 Igitur
277 1235 345 1279 cunr
374 1217 541 1299 pericnlum
577 1219 618 1280 sit
652 1236 817 1297 asserere,¹
840 1217 923 1295 quod
954 1219 985 1278 in

49 1296 232 1379 Scripturia
253 1301 428 1381 exemplum
450 1320 513 1364 non
535 1300 643 1380 habet,
674 1300 705 1361 id
728 1300 827 1362 solum
848 1319 986 1361 asserere

53 1388 201 1461 oportet,
224 1383 305 1461 quod
328 1384 380 1444 illa
396 1383 505 1454 habet3
528 1383 740 1467 confiteamur,
762 1383 844 1464 quod
863 1382 986 1463 spiritus

50 1467 203 1544 eorporis
227 1465 336 1528 Christi
359 1485 514 1546 nunquam
538 1469 567 1526 in
590 1466 707 1545 aliena,
741 1485 820 1547 qnae
852 1472 898 1528 est
921 1483 986 1526 cor·
1064 1529 1065 1532 ,

51 1548 148 1628 poris
171 1547 327 1626 diabolici,
349 1549 403 1610 sed
427 1569 547 1629 semper
568 1551 598 1610 in
621 1549 668 1610 sui
692 1550 831 1630 corporis
851 1565 986 1629 persona

51 1630 223 1710 loquatur,
245 1639 403 1711 operetur,
432 1633 515 1692 vivat
542 1640 571 1693 et
604 1637 737 1694 maneat.
779 1631 850 1694 Non
872 1637 985 1712 potest,

52 1712 195 1774 laudans
230 1714 342 1793 Deum,
385 1733 547 1794 personam
591 1734 698 1796 gerere
743 1713 984 1794 blasphemanb‘t

53 1797 174 1872 Deum,
187 1815 276 1863 ,cum
289 1799 324 1876 ie,
347 1798 397 1877 qui
410 1817 575 1878 personam
594 1800 681 1878 gerit,
704 1805 734 1858 et
755 1798 792 1874 is,
814 1797 899 1857 cuins
919 1815 984 1877 per·

54 1898 174 1940 sonam
197 1881 284 1959 gerit,
307 1888 448 1961 oporteat
470 1882 500 1941 in
524 1879 638 1959 verbo,
660 1899 752 1942 sensu
774 1885 805 1940 et
825 1884 901 1941 voto
923 1878 984 1939 sal·

56 1972 123 2024 tem
148 1963 329 2041 convenire,
362 1964 388 2022 si
409 1981 472 2026 ncn
495 1970 624 2043 possunt
645 1965 675 2024 in
698 1962 813 2023 viribus
834 1969 865 2022 et
886 1961 984 2040 operi-

55 2044 132 2108 bus.
176 2047 217 2107 Ar
242 2046 308 2108 istis
336 2044 456 2108 ludaeis
490 2053 521 2108 ct
551 2047 670 2126 spiritui
692 2046 749 2106 Dsi
780 2043 983 2124 implacabilis

58 2127 217 2188 dissensio
240 2136 302 2206 est,
324 2130 374 2208 qni
398 2137 511 2209 tamen,
537 2130 560 2188 si
588 2147 644 2210 per
663 2128 776 2192 Isaiarn
799 2128 828 2188 in
852 2145 985 2207 persona

58 2229 173 2272 corum
203 2210 324 2272 locutus
346 2217 443 2289 esset,
465 2229 560 2291 usqne
589 2207 682 2274 bodie
710 2210 815 2272 itidem
838 2216 869 2272 et
890 2207 984 2270 multo

58 2293 165 2374 magis
185 2293 378 2372 loqueretur,
411 2313 480 2356 cum
504 2301 627 2355 exstent
654 2294 719 2354 cius
741 2291 852 2366 verba,
884 2299 915 2354 et
936 2309 985 2352 oe

59 2377 149 2440 casio
178 2377 425 2457 praesentissima
456 2376 723 2438 vehementissime
755 2382 871 2455 urgeat.
921 2373 986 2436 Nec

60 2477 229 2540 possumus
251 2476 384 2540 negare,
408 2460 480 2540 quin
504 2461 627 2540 spiritus
649 2458 743 2520 verba
764 2458 841 2534 sint,
864 2475 932 2520 cum
955 2457 985 2518 in

62 2561 154 2606 sacro
177 2541 304 2606 Oenone
325 2543 394 2604 sint
438 2541 528 2618 Quod
559 2543 585 2604 si
609 2542 732 2623 spiritus
760 2545 850 2618 sunt,
882 2540 935 2619 pia
956 2546 986 2600 el

62 2625 168 2686 tidelia
195 2630 226 2686 et
255 2631 362 2686 sancta
395 2630 480 2700 sunt,
515 2644 594 2704 quac
622 2643 774 2705 personae
801 2621 985 2686 ludaeorum

67 2713 118 2783 (nt
139 2706 245 2786 vides)
270 2708 394 2770 minime
412 2709 548 2770 omnium
565 2708 761 2768 conveniunt.
793 2705 825 2769 Si
846 2705 988 2766 recitaret

64 2797 183 2854 lentum
211 2789 305 2853 verba
333 2791 513 2871 impiorum,
552 2798 657 2871 posset
694 2808 800 2852 eorum
836 2789 988 2851 sententia

64 2873 199 2950 tolerari,
221 2872 275 2934 sed
298 2892 386 2936 orare
408 2881 438 2934 ct
461 2891 553 2952 agere
573 2874 603 2933 in
626 2891 761 2952 persona
783 2889 907 2946 eorum,
927 2869 988 2932 hoe

64 2953 135 3018 ferri
160 2974 221 3016 noa
235 2962 356 3036 potest.
389 2956 508 3017 Recital
530 2955 612 3036 apud
628 2955 740 3017 lsaiam
763 2953 858 3014 verba
880 2973 984 3032 auper-

66 3036 126 3102 bse'
153 3037 337 3116 Babylonis,
370 3046 400 3100 st
428 3038 525 3100 Assur
557 3044 588 3100 et
618 3036 844 3114 Sennacherib,
879 3037 985 3097 recitat

67 3121 147 3202 apud
170 3119 363 3184 Ezechielem
394 3120 487 3183 verba
509 3120 651 3182 draconis
675 3121 778 3200 magni
799 3119 829 3180 in
853 3117 992 3194 flumine,

68 3215 97 3264 ct
119 3203 282 3270 multorum
306 3204 445 3280 aliorum,
467 3203 521 3264 sed
542 3222 707 3284 personam
731 3220 887 3280 nunquam
909 3201 987 3280 gerit

69 3287 124 3348 nisi
147 3287 267 3366 piorum
292 3293 323 3346 et
344 3306 480 3350 suorum.

147 3368 196 3430 Ad
225 3369 302 3430 haec
331 3369 414 3432 clare
444 3369 517 3430 dicit
545 3369 575 3428 in
608 3374 707 3430 textu:
747 3366 829 3428 Ecce
858 3365 987 3445 respice,

70 3451 198 3533 popolus
226 3457 295 3514 tuns
327 3469 435 3512 omnes
466 3470 532 3514 nos.
584 3452 631 3511 An
654 3450 825 3526 nescimus,
855 3446 928 3530 quid
949 3448 989 3510 sit

139 3639 169 3710 ⁸)
192 3640 273 3696 Rem.
293 3641 318 3700 8.
