2254 4008
318 165 350 220 D.
370 167 403 232 lt
421 165 502 220 Loth.
523 164 706 222 maurorum.
934 165 977 230 49

82 323 171 384 malum
190 326 293 396 eunte,
320 321 393 380 dara
416 320 544 400 gloriam
568 321 633 380 Deo
663 328 694 379 et
726 321 882 380 veritatem
913 321 978 380 eiua

79 403 213 466 oooliteril
243 403 319 462 Esse
348 402 466 463 aoilioet
503 404 594 464 hodie
617 403 793 464 sacerdotes
817 422 924 464 omues
946 404 976 463 in

80 487 209 548 sententia
235 505 397 566 perversa,
431 489 604 566 quicunque
635 488 758 546 missam
795 505 851 566 pro
885 505 978 567 opere

78 572 187 644 duount,
208 588 269 648 quo
291 577 471 630 suoourrant
492 571 554 630 suis
577 577 629 630 aut
652 570 790 650 eliorum,
814 571 878 629 sive
901 589 978 630 mor·

78 665 189 729 luorum,
219 654 285 712 sive
312 655 467 730 vivorum,
496 653 737 714 necessitatibus.
779 653 919 714 lnaudita
949 657 979 712 et

76 736 204 816 stupenda
227 735 307 798 dieo.
354 733 413 796 Sed
438 738 561 798 missam
589 737 613 797 si
642 736 803 814 intuearis,
831 735 903 815 qnid
930 737 978 814 sit,

77 838 198 880 verume
230 838 301 880 esse
335 819 471 879 loentum
503 838 685 899 eognoeoes.
733 820 800 879 Hoo
829 820 899 879 leoit
927 819 979 879 ille

76 904 151 962 nimia
177 904 341 978 securitas,
371 921 432 981 qua
460 905 535 963 iram
559 902 615 964 Dei
643 905 672 962 in
703 921 759 964 nos
787 912 978 982 grassantem

73 1005 119 1046 nou
139 984 353 1050 intelleximus.

138 1068 206 1128 Hoo
226 1076 329 1129 autem
351 1067 441 1128 facile
467 1068 611 1144 admitto,
639 1068 812 1143 orationes,
840 1086 916 1146 quas
939 1066 978 1126 ed

72 1153 176 1212 missam
201 1151 429 1232 percipiendam
458 1153 637 1231 congregati
665 1169 769 1212 eoram
791 1151 858 1211 Deo
887 1150 981 1211 effun-

17 1267 18 1270 ι
72 1237 165 1309 dimus,
187 1254 257 1294 esse
280 1235 361 1294 bona
383 1253 477 1314 opera
506 1255 559 1294 seu
583 1233 748 1314 benefieia,
779 1252 859 1312 quae
890 1235 979 1294 uobis

70 1325 160 1378 mutuo
189 1319 395 1398 impertimus,
430 1317 628 1397 oppilemus
650 1328 681 1376 et
707 1318 979 1394 oommuuioemus,

69 1411 94 1460 et
110 1419 161 1481 pro
185 1403 314 1461 iuvioem
328 1401 494 1476 offerimus,
516 1402 594 1460 sieut
614 1399 791 1474 Iacobus*)
816 1418 874 1460 nou
888 1399 980 1462 donet

69 1503 144 1544 orare
165 1502 221 1562 pro
245 1485 386 1559 invicem,
410 1490 442 1544 ιιι
463 1483 625 1545 salvemur.
648 1483 688 1542 Ει
701 1484 810 1543 Paulus
822 1484 844 1543 l.
856 1483 934 1546 Tim.
948 1485 978 1545 2.

16 1585 17 1588 ’
67 1567 212 1646 praecepit
223 1565 288 1627 fieri
302 1566 543 1640 immutationes,
557 1567 722 1645 orationes,
745 1566 979 1646 postulationes,

67 1669 113 1730 pro
136 1650 276 1710 omnibus
298 1649 489 1728 hominibus,
517 1669 574 1730 pro
603 1650 742 1729 regibus,
770 1657 802 1710 et
828 1651 979 1726 omuibus,

15 1779 16 1782 ι
66 1733 158 1811 quiin
180 1733 366 1794 sublimitate
389 1741 459 1793 suut
480 1734 645 1794 constituti.
695 1733 780 1792 Haeo
807 1734 887 1792 enim
917 1752 979 1792 non

65 1824 127 1874 sunt
147 1817 249 1894 misso,
272 1816 326 1876 sed
351 1836 445 1896 opere
462 1817 583 1888 missae,
607 1818 631 1874 si
644 1823 745 1876 tamen
759 1835 853 1895 opera
875 1817 979 1876 vuueri

14 1911 15 1934 ³
66 1898 168 1958 debent
190 1900 345 1960 orationes
369 1900 468 1960 cordis
492 1907 523 1960 el
544 1901 619 1974 oris,
647 1900 722 1977 quia
747 1898 823 1958 liunt
850 1918 890 1958 ex
919 1897 979 1958 lide

65 1984 90 2042 in
109 1991 300 2043 saorameuto
324 1989 470 2064 pereepte
490 1982 652 2043 velauota.
690 1981 759 2042 Non
784 1983 864 2042 enim
888 1984 983 2048 misae¹

13 2067 14 2094 i
65 2065 104 2124 vel
127 2067 289 2144 promissio
311 2065 369 2126 Dei
392 2065 534 2146 impletur
556 2066 690 2143 orendo,
720 2065 774 2125 sed
795 2065 893 2126 solum
917 2085 980 2124 ore-

12 2141 14 2204 ἕ
64 2149 170 2226 dendo,
192 2149 352 2210 eredentes
375 2157 476 2209 autem
499 2167 639 2228 oramus,
662 2156 693 2208 et
713 2148 873 2227 quodlibet
900 2167 979 2229 opus

12 2289 13 2292 ,
65 2232 168 2292 bonum
189 2233 327 2294 lauimus.
371 2232 432 2293 Sed
455 2233 522 2312 quis
544 2230 738 2292 sacerdotum
767 2232 828 2292 hoo
855 2235 979 2292 nomine

11 2333 16 2381 l
63 2314 220 2391 saorifioal,
242 2323 275 2377 ιιι
296 2315 378 2376 soles
401 2318 554 2376 orationes
577 2315 737 2376 arbitretur
759 2334 827 2374 seue
849 2315 980 2375 offerre?

65 2397 168 2458 Omnes
206 2399 413 2479 imaginantur
453 2418 521 2460 sese
558 2398 667 2458 offerre
698 2400 797 2478 ipsum
827 2398 978 2459 Christum

64 2481 121 2542 Deo
154 2481 233 2542 Patri
274 2490 420 2562 tunquam
449 2481 581 2542 hostiam
609 2481 915 2558 sufficientissimam,
950 2488 981 2540 et

65 2563 167 2624 bonnm
190 2584 270 2645 opus
291 2565 393 2626 faeere
417 2565 570 2642 omnibus,
591 2565 700 2644 quibus
712 2574 891 2644 proponunt
911 2584 978 2646 pro·

64 2647 153 2727 desse,
175 2649 417 2728 quiaooofidunt
438 2651 574 2728 inopere
597 2650 726 2728 operati,
748 2648 830 2726 quod
848 2649 980 2710 orationi

65 2750 115 2790 uon
145 2731 288 2792 tribuunt.
344 2733 394 2793 Sio
422 2731 568 2812 paulatim
605 2751 708 2792 errore
739 2739 914 2810 oresoeute,
949 2732 978 2791 id

65 2813 136 2892 quod
158 2816 332 2876 orationum
355 2823 412 2894 est,
435 2815 602 2875 tribuerunt
627 2822 830 2892 sacramento,
853 2823 884 2875 et
898 2815 979 2894 quod

65 2900 188 2978 reoipere
211 2899 392 2958 benefioium
416 2897 537 2975 debent,
559 2896 589 2957 id
612 2898 788 2958 obtulerunt
808 2899 887 2958 Deo.

138 2980 240 3056 Quare
271 2990 361 3042 acute
389 2981 622 3042 disosrnendum
646 2989 695 3042 eat
719 2984 797 3042 inter
819 2989 981 3042 testamen-

10 3127 11 3142 ,
66 3072 118 3124 tuor
140 3073 428 3144 santamentumque
450 3066 549 3145 ipsum
572 3073 604 3123 et
624 3065 702 3124 inter
714 3067 879 3144 orationes,
902 3083 981 3144 quas

66 3147 142 3206 simul
165 3167 299 3225 oramus,
322 3167 379 3208 neo
401 3148 430 3206 id
453 3149 564 3225 solum,
587 3147 640 3208 sed
654 3149 732 3208 seire
754 3167 981 3229 quoqueopor·

65 3235 110 3306 tet,
129 3232 285 3292 orationes
306 3250 431 3310 prorsus
454 3232 527 3291 nihil
551 3232 669 3308 velere,
698 3252 756 3292 neo
783 3235 881 3294 oranti
911 3233 979 3311 ipsi,

67 3333 116 3372 nee
135 3316 180 3392 iis,
204 3331 261 3394 pro
284 3315 392 3393 quibus
415 3324 554 3392 orantur,
583 3317 640 3374 niai
663 3316 793 3394 primum
818 3322 980 3376 testamen·

68 3405 120 3456 tum
139 3397 199 3458 fide
222 3406 399 3478 perceptum
430 3400 483 3476 sit,
522 3405 555 3458 ut
583 3397 658 3458 fides
689 3407 770 3476 oret,
800 3417 879 3478 quae
914 3399 982 3460 sola

70 3480 226 3558 exauditur,
249 3481 328 3540 sieut
350 3480 479 3541 lacobus
503 3482 523 3543 l.
547 3500 614 3560 cap.
643 3482 748 3562 dooet3
780 3482 859 3546 adeo
889 3483 982 3562 longe

115 3669 143 3734 ')
161 3669 255 3724 Iacob.
273 3671 298 3725 5.

92 3773 172 3816 nmen
185 3787 237 3826 opp.
251 3776 278 3818 v.
292 3776 319 3816 n.
334 3776 363 3815 ιιι
376 3775 417 3816 ιιι.
431 3775 481 3816 ua
494 3777 509 3818 ι
524 3787 546 3826 n.
560 3775 608 3817 voi
624 3773 650 3815 v.
874 3745 894 3804 4
