2262 4006
153 177 217 244 418
307 257 309 260 Ι
446 181 607 240 &nocuo
625 113 793 242 nuncnunc

151 351 209 396 rus
229 337 372 432 propriu,
405 336 506 400 verbis
529 339 650 400 Petrum
679 343 839 421 imposito,
874 339 995 400 subdoli
1024 340 1065 398 isti

152 433 293 496 operum.
790 463 792 472 ,

151 537 286 622 Tertius:
320 553 390 615 Non
424 557 530 618 omnis
550 558 703 700 fimorgolio
731 577 800 618 esse
821 557 978 620 sacerdoti
1000 575 1067 616 oon-

572 648 622 702 ten
646 660 674 705 c.

234 740 324 802 Hunc
346 740 523 804 dumnctum
553 743 625 804 dicit
647 745 784 825 generali
806 745 965 820 Concilio,
999 762 1067 822 ergo

151 830 198 883 est
232 824 411 902 damnatus,
449 833 533 886 tenet
562 829 804 907 consequentis,
840 827 1013 888 ulntouro
1034 826 1067 886 sd

149 923 239 967 suurn
263 908 444 987 sapientem.
489 907 587 984 Quom
617 917 717 972 cutem
742 909 931 991 Scriptorum
963 927 1019 989 pro
1038 927 1068 968 se

150 988 286 1066 hebeti)
323 988 517 1052 Concilium?
560 991 591 1052 Si
616 993 787 1054 Concilium
817 994 884 1052 sinc
916 991 1069 1071 Scriptura

151 1071 248 1151 volet,
287 1080 319 1133 et
340 1075 413 1134 sotis
445 1081 492 1134 est
524 1076 668 1136 infulatos
697 1087 728 1138 et
750 1094 838 1137 rusus
858 1075 923 1136 illic
945 1092 1068 1152 congre·

150 1156 228 1235 geri,
250 1175 304 1215 cur
327 1174 389 1215 non
403 1156 504 1236 lignee
527 1165 557 1218 et
579 1158 830 1238 lupidccsignee
854 1157 979 1237 templis
1002 1175 1067 1216 oon·

151 1256 325 1318 gregumus,
348 1239 542 1319 elimpositis
566 1242 661 1300 mitris
683 1251 713 1301 et
724 1242 826 1302 infulis
849 1240 990 1301 dicamus
1012 1239 1067 1298 illic

151 1319 322 1382 Concilium
344 1339 413 1382 csse
434 1323 599 1402 generale?
628 1324 738 1384 Nonne
761 1316 993 1385 'vitiosissimum
1017 1331 1066 1400 ert,

150 1402 321 1465 Concilium
345 1404 411 1464 cine
434 1404 529 1466 verbo
550 1405 606 1466 Dei
630 1425 723 1486 cgere
745 1414 799 1468 cut
821 1405 983 1468 statuere?
1014 1405 1065 1464 Vc

149 1504 215 1546 rum
239 1503 298 1566 ego
321 1505 403 1547 nunc
425 1488 555 1568 emplius
578 1489 666 1569 dico,
687 1498 720 1550 et
741 1507 821 1569 nego
844 1489 1064 1550 confessionem

150 1569 334 1648 exigendum
357 1588 426 1630 csse
449 1571 479 1630 in
504 1579 617 1650 totum,
641 1571 723 1632 edito
745 1573 776 1633 in
799 1572 859 1634 hoc
880 1573 984 1654 ipsum
1008 1589 1064 1632 vcr-

150 1651 262 1712 noculo
274 1651 362 1729 libro,
383 1653 517 1712 lecturus
529 1653 610 1714 idem
626 1654 730 1732 lctino,
754 1655 804 1716 ubi
816 1663 939 1736 tempus
952 1654 1063 1715 foverit.

148 1731 341 1795 Truditiones
364 1735 444 1796 enim
466 1735 624 1797 hominum
647 1737 819 1798 cbolcndnc
850 1746 922 1799 sunt
955 1737 994 1798 de
1022 1755 1062 1796 co

149 1816 264 1895 cleric,
296 1835 373 1896 quos
404 1824 436 1878 ct
456 1817 603 1881 Lutomus
636 1839 691 1900 per
712 1820 851 1881 homines
884 1819 953 1881 tolli
977 1837 1063 1900 posse

149 1897 280 1960 affirmat
301 1901 331 1959 in
355 1900 569 1981 suoDielogo,
592 1911 624 1962 ct
645 1905 701 1964 isto
724 1901 878 1964 confessio
902 1902 986 1964 eliud
1010 1919 1064 1962 nou

149 1989 205 2059 est,
228 2000 321 2062 quem
345 1985 505 2063 tyrannico
526 1988 650 2046 exactio
664 1985 856 2063 Pontificum,
878 1984 972 2048 nullis
994 1983 1065 2045 rodi·

33 2081 35 2096 ¹
150 2063 236 2125 cibus
258 2063 435 2145 Scripturas
456 2067 539 2130 nixo.

148 2165 296 2230 Ultimus:
339 2169 439 2231 Omne
461 2187 540 2252 opus
571 2172 685 2233 bonum
709 2174 739 2234 in
762 2174 876 2235 sanctis
900 2171 1066 2234 victoribus

481 2273 550 2315 esse
571 2263 742 2336 peccatum.

230 2355 301 2436 Hui,
323 2375 413 2438 quem
443 2359 606 2421 absurdum
647 2361 728 2423 huno
765 2362 851 2440 lucit,
889 2367 920 2422 ct
954 2361 1068 2422 videtur

148 2446 234 2501 tuoto
264 2440 328 2502 viro
351 2440 465 2502 directe
492 2451 600 2504 contro
619 2443 691 2504 illud
714 2445 861 2526 symboli:
895 2441 955 2522 Qui
990 2443 1069 2506 bone

148 2531 285 2602 egerunt,
307 2522 394 2585 ibunt
415 2525 444 2586 in
469 2527 560 2588 vitem
584 2536 749 2590 aeternnm.
793 2527 850 2588 Hic
872 2545 947 2588 vero
971 2528 1067 2587 triuni-

147 2605 222 2686 phut
247 2607 349 2685 serio,
371 2614 403 2668 ut
425 2608 600 2688 pudendum
625 2630 693 2670 esse
715 2612 824 2688 iactet,
856 2611 1010 2670 rationem
1033 2609 1066 2670 cb

148 2687 192 2748 eis
215 2695 323 2774 petere
352 2690 384 2750 iu
411 2683 614 2752 huiusmodi.x
638 2693 778 2772 Denique
812 2693 945 2753 minetur
979 2695 1065 2753 etiem

146 2769 235 2831 ferox
257 2769 324 2850 illc,
362 2791 402 2834 ne
424 2775 491 2852 quis
514 2774 586 2834 mihi
619 2795 653 2836 sc
674 2778 792 2836 socium
820 2775 921 2838 locist.
967 2775 1019 2838 Sic
1041 2785 1067 2834 et

144 2849 251 2938 ludaei
274 2871 376 2916 eorem
399 2855 513 2918 Pilato:
545 2855 576 2920 Si
600 2877 660 2918 non
697 2867 778 2920 esset
806 2859 856 2918 hic
880 2857 1066 2936 malefactor,

147 2953 209 2998 non
232 2934 285 2995 libi
308 2936 537 3000 tradidissemus
559 2961 638 3002 eum.
683 2941 762 3002 Vere
783 2941 866 3002 stulti
883 2947 914 3002 et
935 2941 1066 3022 pudendi

148 3016 309 3099 mortales,
345 3022 396 3099 qui
417 3021 570 3100 Magistris
607 3024 791 3086 nostralibus
826 3024 1064 3086 Lovenicosibus

147 3119 210 3164 nou
231 3099 301 3164 solo
324 3110 397 3163 nutu
431 3105 643 3184 crediderunt,
678 3109 766 3189 qussi
788 3108 807 3167 ii
830 3109 906 3184 sint,
945 3111 997 3187 qui
1018 3117 1064 3168 eut

147 3183 227 3246 mule
250 3183 329 3246 velle
351 3193 403 3246 eut
427 3205 527 3248 errore
540 3190 668 3269 possint,
691 3191 876 3252 sicutoeteri
901 3191 1063 3266 hominum,
1119 3213 1120 3218 ¹

147 3263 326 3349 prccserlim
350 3285 418 3330 cum
450 3278 482 3331 et
503 3271 659 3333 Bullnrum
680 3275 844 3354 episcopus
878 3293 985 3336 eorum
1006 3273 1061 3334 feo·

143 3357 209 3426 ,tum
233 3350 456 3430 comprobavit,
479 3353 566 3414 Bulle
589 3355 705 3418 scilicet
726 3355 831 3419 bullus.

230 3430 291 3492 Sed
314 3431 384 3494 ride
405 3436 574 3514 nequitiam
588 3437 731 3518 hominis,
755 3441 804 3518 qui
829 3458 980 3518 nusquam
1002 3459 1057 3502 non

147 3512 361 3591 interpretetur
381 3525 542 3596 peccatum
568 3519 625 3593 (de
648 3539 709 3599 quo
732 3539 791 3602 ego
814 3525 843 3582 in
867 3541 962 3604 opere
983 3521 1057 3584 bono

220 3649 249 3714 l)
268 3646 300 3701 ln
319 3650 360 3704 sd.
380 3655 467 3722 crim:
487 3653 599 3710 hebent.
