2258 4002
249 178 359 234 annam
378 179 442 234 Leo.
461 179 492 232 X.
505 190 509 202 “
520 178 642 233 damnat
661 193 686 233 a.
706 177 785 236 tato.
922 177 983 245 159

64 334 142 395 ribus
164 333 307 394 humanis
326 351 398 394 esse
417 333 535 397 detrita.
559 332 730 412 Dicentqae
750 332 822 392 iliud
846 335 983 395 omnium

64 437 113 478 ore
133 425 166 476 et
186 416 307 478 calamo
330 417 485 490 usitatum,
507 436 526 475 a
547 417 652 494 paucis
664 422 766 474 tamen
781 417 980 496 intellectum,

62 499 139 580 quod
161 502 194 560 in
225 499 403 560 Oanonibus
425 497 605 558 Pontificum
636 499 782 576 docetur,
818 507 883 560 non·
914 519 983 561 esse

61 583 231 663 Scripturas
266 589 390 644 sanctas
428 583 554 661 proprio
584 581 690 660 spiritu
728 583 982 662 interpretandas.

61 667 150 727 Ouios
175 665 259 726 verbi
280 665 509 745 perversissima
528 664 729 746 intelligentia
760 684 797 724 eo
825 683 983 744 processe·

61 757 136 828 runt,
159 757 195 808 ut
217 748 387 827 Scripturas
410 767 471 808 non
494 750 551 807 nisi
574 749 700 828 proprio
723 749 983 830 spirituinterpre·

60 840 194 892 tarentur
214 832 273 912 ipsi
297 839 404 893 contra
433 849 518 890 suam
555 831 755 910 ipsorummet
792 837 981 894 sententiam.
1060 851 1066 864 ¹

59 915 134 978 Nam
158 915 232 974 hinc
253 915 395 993 sepositis
417 915 512 976 saeris
534 913 639 993 literis,
661 913 734 972 sotis
757 917 985 977 commentariis

59 998 216 1058 hominum
239 997 475 1072 immunitum,
499 996 648 1075 nonquid¹
666 1013 775 1056 sacrae
790 998 905 1076 literae,
929 999 984 1059 sed

60 1079 128 1160 quid
151 1081 197 1140 illi
219 1082 249 1138 in
271 1080 482 1140 sacris'literis
505 1081 652 1140 sentirent
668 1089 860 1161 quaerentes,
883 1083 983 1143 donec

60 1166 105 1223 uni
134 1163 255 1223 homini
277 1163 424 1223 Romano·
449 1161 606 1238 Pontifici,
635 1181 695 1222 non
725 1165 783 1222 nisi
802 1163 983 1225 indoctissi-

60 1249 112 1305 mis
134 1245 289 1326 sophistis
310 1245 554 1322 oircumvailato,
576 1245 634 1305 soli
650 1245 816 1311 tribuerent
830 1247 876 1306 ins
895 1249 982 1308 inter-

60 1329 231 1408 pretandae
252 1327 428 1408 Scripturas
450 1335 585 1407 saumae,
608 1331 706 1388 etiam
718 1329 834 1388 desole
851 1338 984 1408 potesta·

59 1415 93 1472 tis
114 1419 148 1471 et
171 1411 367 1472 sublimitatis
392 1412 561 1486 maiestate,
584 1411 661 1470 citra
676 1429 798 1471 omnem
813 1413 979 1493 intelligen·

59 1490 128 1555 tiam
152 1501 186 1554 et
208 1493 412 1554 eruditionem
436 1497 653 1574 praesumenti
675 1494 862 1573 saturantes,
887 1497 983 1556 eccie-

60 1579 131 1638 siam
159 1577 210 1652 (id
232 1585 294 1656 eat,
316 1579 445 1656 papam)
470 1595 533 1638 non
556 1595 653 1657 posse·
671 1595 772 1638 errare
793 1579 822 1636 in
845 1577 915 1640 fide.

10 1713 12 1732 ζ
140 1659 248 1737 Quare
269 1679 361 1739 super
380 1659 440 1720 hac
461 1679 493 1720 re
516 1659 590 1720 utile
611 1661 703 1720 fuerit
716 1678 817 1740 pauca
834 1663 981 1726 conferre.

10 1735 12 1810 ἓ
58 1744 202 1822 Primum,
226 1743 252 1802 si
269 1742 344 1802 nolli
366 1742 440 1802 lioet
461 1759 565 1802 sacras
588 1742 692 1804 literas
705 1761 761 1803 suo
774 1745 982 1824 spirituinter·

59 1829 183 1905 pretori,
207 1843 261 1886 cur
283 1843 358 1904 ergo
374 1825 626 1903 nonobservant,
649 1845 712 1886 nec·
720 1827 904 1906 Augustino,
926 1847 984 1888 nec

11 1937 12 1940 ¹
59 1911 105 1970 ulli
122 1910 175 1971 alii
185 1909 309 1968 Petrum
319 1908 400 1968 idem
411 1908 559 1968 tinuisse?
573 1910 662 1989 etqui
674 1909 846 1989 Scripturas
858 1918 981 1971 sanetas

11 2031 12 2034 =
59 1991 225 2053 secuudum
257 1990 480 2071 augustinum,
501 1998 533 2050 et
560 2009 621 2052 non
644 1993 849 2072 Augustinum
878 1995 987 2072 potius·

60 2075 227 2136 secundum
252 2073 424 2156 Scripturas
446 2082 570 2135 sanctas
591 2075 750 2154 inteiligit,
783 2074 849 2136 sine
877 2076 980 2155 dubio,

57 2159 223 2220 sennodum
237 2157 391 2219 hominem
405 2164 435 2217 et
446 2158 584 2236 spiritum
596 2160 751 2239 proprium
774 2159 989 2239 intelligatil)¹

12 2239 13 2242 ’
58 2242 85 2302 Si
113 2252 220 2302 autem
244 2240 415 2320 Scripturas
430 2252 492 2300 no'n
515 2241 619 2301 licebit
638 2242 806 2301 secundum
824 2243 980 2322 proprium

59 2327 193 2405 spiritum
217 2323 397 2406 intelligere,
420 2323 515 2385 molto
538 2325 639 2384 minus
660 2325 979 2405 iicebitAogustinom

11 2447 12 2450 κ
59 2408 223 2469 secundom
246 2408 403 2487 proprium
425 2407 562 2487 spiritum
584 2408 763 2488 intelligere,
800 2411 867 2488 quis
898 2412 979 2470 enim

61 2511 110 2552 nos
133 2501 238 2552 certos
265 2489 372 2566 faciet,
401 2509 439 2549 an
468 2496 552 2552 recte
573 2491 777 2572 Augustinum
805 2491 980 2572 inteiligas?

60 2575 182 2636 Dandus
205 2591 280 2652 ergo
301 2575 358 2633 erit
378 2573 455 2633 aiios
479 2575 627 2654 interpres
651 2575 825 2654 Augustino
847 2593 980 2654 quoque,

67 2677 101 2716 ne
124 2657 269 2738 proprius
285 2655 410 2736 spiritus
432 2675 489 2716 nos
512 2655 602 2717 saliat
619 2658 648 2716 in
673 2657 753 2717 iiiios
776 2656 869 2718 libris.
893 2657 982 2733 Quod

63 2742 84 2799 si
103 2743 148 2801 ita
166 2739 234 2800 fieri
256 2746 394 2819 oportet,
416 2739 536 2800 dandus
556 2749 607 2800 est
627 2748 660 2800 et
680 2741 768 2800 tertio
791 2747 915 2819 quartus
938 2743 981 2801 ins

63 2831 184 2904 impres,
206 2829 239 2882 et
258 2829 370 2900 quarto
394 2824 518 2901 quintus
539 2839 635 2902 usque
657 2825 695 2882 in*
710 2821 870 2901 infinitum,
883 2833 912 2883 et
930 2841 980 2884 co*-

62 2916 107 2986 get
129 2925 188 2967 nos
210 2904 326 2986 proprii
347 2906 469 2984 spiritus
492 2905 659 2986 perieulum
683 2906 755 2968 nihii
775 2925 908 2986 unquam
939 2907 980 2966 di-

11 3037 12 3040 *
63 3007 143 3050 soene
165 2996 221 3050 ant
242 2988 361 3068 legere,
376 2987 406 3047 id
430 2988 512 3066 quod
535 2997 617 3049 certe
638 2990 802 3070 impletum·
819 2996 884 3072 est,
909 2990 980 3050 dum

63 3074 160 3151 primo·
176 3070 325 3152 neglectis
348 3071 443 3132 sacris
467 3072 562 3132 literis
582 3073 641 3133 soli
665 3074 836 3154 Augustino
860 3073 980 3134 insudo

62 3162 120 3216 tum
142 3163 199 3234 est
220 3159 344 3235 postet
364 3153 425 3214 hoo
438 3173 498 3215 non
519 3155 674 3218 intellecto
690 3165 722 3217 st
731 3157 874 3238 neglecto
902 3157 982 3217 Ῥίω-

65 3257 131 3298 mas·
148 3239 287 3318 Aquinas
310 3239 464 3318 regnavit,
487 3249 517 3298 et
539 3239 620 3298 buno
641 3240 690 3300 aiii
714 3241 781 3301 sine
802 3239 862 3300 fine
892 3243 980 3299 inter*

65 3329 158 3400 pratea
180 3321 276 3382 secuti
298 3329 376 3383 sunt.

141 3405 233 3466 Error
255 3405 359 3484 itaque
380 3405 557 3466 maniisstus
580 3414 636 3486 est3
660 3407 729 3468 hoo·
742 3407 847 3484 verbm
869 3425 931 3467 non
948 3407 981 3468 li·

10 3627 11 3642 ἵ
115 3673 145 3738 1)
164 3672 198 3724 In
218 3671 260 3725 ed.
278 3669 342 3726 an.
361 3670 500 3742 intelligit
