2254 4008
302 194 335 252 D.
354 197 388 253 ll.
406 197 489 253 Lutt.
506 194 691 254 Praeludlum.
918 193 960 261 33

49 351 174 432 capiunt,
202 352 247 412 ita
274 371 331 412 nec
352 351 524 432 disputant,
554 370 592 412 an
626 349 798 411 accidentia
824 349 866 410 ibi
899 351 962 411 sint

47 437 103 495 sine
132 434 319 512 substantie,
347 434 400 494 sed
425 435 554 514 simplici
577 433 637 495 fide
660 432 771 495 Christi
795 451 908 514 corpus
931 443 963 495 et

48 519 217 596 sauguinem
239 519 388 578 veraciter
409 516 449 578 ibi
472 518 622 577 contineri
638 516 775 596 credunt,
799 515 961 578 datootio·

47 603 81 660 sis
100 600 157 660 illis
179 601 307 680 negotio
330 599 368 660 de
391 618 440 675 eo,
463 599 545 680 quod
569 601 716 678 continet,
738 599 920 679 disputandi.

119 683 159 742 At
181 682 285 744 dicent
305 683 394 760 lorte,
416 683 463 742 Ex
476 682 641 744 Aristotele
657 681 770 758 doceri,
792 682 961 743 subiectum
1050 711 1056 716 ·

46 775 71 826 et
90 765 297 845 praedicatum
318 766 538 846 propositionis
562 765 764 826 affirmativae
779 765 891 826 debere
907 783 963 846 pro

47 849 145 909 eodem
168 849 356 930 supponere,
378 868 432 909 seu
457 846 509 930 (ut
530 848 646 908 bestiae
667 849 762 929 ipsius
790 848 885 908 verba
910 867 964 929 po·

46 951 106 991 num
128 949 169 992 ex
191 933 221 995 6.
244 932 542 1012 bletapbysicorum)
567 930 617 992 Ad
631 929 844 991 affirmativam
868 933 964 1010 requi·

47 1017 110 1074 rilur
130 1021 339 1076 extremorum
368 1015 570 1095 compositio,
603 1033 693 1094 quam
727 1015 769 1074 illi
804 1021 965 1094 exponunt

46 1116 93 1176 pro
114 1097 225 1158 eodeni
254 1098 509 1178 suppositionem.
552 1096 655 1173 Quare
682 1096 753 1157 dum
781 1096 866 1158 dico:
897 1097 964 1158 Hoc

46 1187 85 1240 est
104 1198 217 1260 corpus
239 1199 359 1257 meum,
388 1180 557 1242 subiectum
586 1199 648 1240 non
678 1198 771 1260 posse
799 1199 855 1261 pro
883 1199 964 1260 pane

45 1281 223 1342 supponere,
245 1262 299 1323 sed
323 1283 379 1345 pro
402 1281 532 1344 corpore
554 1263 676 1325 Christi.

108 1343 189 1421 Quid
199 1345 251 1405 hic
261 1345 418 1407 dicemus?
430 1345 553 1426 quando
562 1344 757 1406 Aristotelem
772 1353 803 1405 et
814 1344 963 1404 humanas

46 1427 191 1490 doctrinas
213 1428 343 1490 iacimus
357 1438 417 1490 tam
432 1428 605 1490 sublimium
619 1435 650 1489 et
671 1427 839 1488 diurnum
862 1447 963 1488 rerum

46 1529 196 1586 censores,
224 1529 279 1572 cur
305 1531 365 1572 uon
394 1512 525 1592 explosa
551 1514 612 1572 ista
632 1512 808 1572 curiositate
838 1511 868 1572 in
897 1529 962 1570 ver·

46 1594 85 1653 bis
113 1593 225 1655 Christi
262 1595 440 1675 simpliciter
466 1595 647 1671 haeremus,
682 1595 780 1675 parati
812 1595 965 1674 ignorare,

46 1676 182 1760 quidquid
205 1676 246 1737 ibi
269 1676 338 1757 flat,
361 1679 559 1756 contentique
581 1697 686 1737 verum
718 1695 829 1756 corpus
852 1676 962 1738 Christi

47 1762 146 1820 virtute
169 1760 332 1821 verborum
355 1760 416 1821 illic
438 1759 568 1822 adesse?
599 1761 646 1820 Au
670 1767 717 1819 est
738 1777 876 1835 necesse,
901 1779 964 1820 mo·

45 1842 94 1902 dos
116 1844 304 1922 operationis
327 1842 448 1904 divinae
470 1846 597 1904 omnino
619 1843 902 1922 comprehendere?

118 1926 248 2005 Verum,
277 1925 348 2006 quid
371 1925 410 1986 ad
433 1926 627 1987 Aristotelem
658 1925 783 1986 dicunt?
815 1927 867 2004 qui
899 1925 966 1985 snb·

47 2010 151 2069 lectum
174 2008 316 2070 omuibus
338 2009 594 2090 praedicamentis
620 2008 823 2069 accidentium
854 2009 966 2082 tribuit,

46 2091 109 2151 licet
130 2092 330 2154 substantium
354 2092 427 2153 velit
438 2111 506 2152 esse
518 2094 648 2172 primum
662 2091 844 2153 subiectum.
880 2090 966 2151 Unde

46 2175 120 2254 apud
148 2194 217 2235 eum
247 2175 307 2236 boc
328 2175 448 2255 album,
484 2176 544 2236 boc
566 2193 727 2254 magnum,
763 2175 823 2234 hoc
852 2175 966 2252 aliquid

46 2266 112 2318 sunt
132 2257 280 2334 subiecta,
303 2257 340 2318 de
363 2257 472 2338 quibus
497 2257 611 2336 aliquid
634 2257 837 2337 prsedicatur.
881 2257 968 2332 Quae

48 2342 67 2399 si
87 2360 158 2401 vera
179 2349 260 2418 sunt,
282 2359 416 2420 quaero,
444 2343 468 2400 si
490 2340 561 2400 ideo
591 2349 642 2406 est
665 2340 964 2402 transsubstantiatio
1054 2369 1057 2377 ·

49 2423 193 2503 ponenda,
208 2443 248 2484 ne
260 2442 372 2504 corpus
386 2423 496 2484 Christi
509 2423 547 2483 de
558 2442 638 2503 pane
650 2421 831 2502 verificetur,
845 2443 966 2483 curnon

48 2508 129 2566 etiam
152 2509 276 2588 ponitur
298 2505 600 2581 trausaccidentalio,
622 2525 660 2565 ne
679 2524 790 2585 corpus
803 2507 913 2568 Christi
928 2507 967 2567 de

48 2589 196 2653 occidente
215 2589 402 2651 affirmetur?
430 2589 509 2650 Nam
532 2587 611 2649 idem
625 2589 793 2670 periculum
808 2599 919 2664 manet,
942 2591 966 2650 si

49 2692 96 2752 per
120 2674 289 2734 subiectum
316 2673 467 2754 intelligat
488 2672 573 2751 quis,
606 2672 665 2732 hoc
687 2671 805 2748 album,
838 2674 884 2732 vel
909 2674 968 2732 boc

51 2757 202 2818 rotondum
226 2764 273 2816 est
286 2774 397 2836 corpus
411 2775 529 2831 meum,
551 2764 582 2815 et
610 2774 670 2835 qua
682 2757 800 2816 ratione
814 2755 967 2816 transsub-

53 2840 193 2900 stauliutio
218 2840 355 2919 ponitur,
385 2837 530 2919 ponenda
551 2846 644 2898 estet
664 2839 966 2914 treussccidentatio,

54 2931 165 3004 propter
175 2923 421 3004 suppositionem
444 2923 532 2982 istem
550 2927 754 2982 extremorum
767 2940 823 3001 pro
847 2920 966 2982 eodem.

121 3005 153 3068 si
181 3015 285 3067 autem
314 3003 468 3065 intellectu
496 3004 649 3064 excedens
679 3006 788 3064 eximis
811 3004 965 3078 accidens,

54 3097 79 3148 ιι
97 3107 155 3150 oon
181 3089 257 3148 velis
270 3088 439 3148 subiectum
453 3106 508 3167 pro
531 3105 569 3148 eo
588 3105 772 3168 supponere,
793 3107 862 3150 cum
876 3089 966 3148 dicis:

53 3170 108 3232 Hoc
127 3180 174 3232 est
202 3190 315 3251 corpus
350 3189 466 3247 meum,
502 3189 556 3230 cur
589 3188 650 3230 non
685 3171 792 3231 eadem
823 3171 966 3232 labilitate

53 3254 229 3315 transcendis
252 3253 452 3320 substantiam
478 3253 589 3333 panis?
610 3261 685 3313 utet
706 3253 788 3314 illum
805 3255 881 3315 velis
904 3273 964 3312 uon

54 3339 139 3418 accipi
160 3358 214 3419 per
237 3337 425 3416 subiectum,
454 3345 486 3397 ut
515 3354 575 3396 noo
607 3337 706 3396 minos
737 3339 765 3396 in
794 3337 966 3397 substantia

54 3438 130 3499 quam
152 3421 312 3482 accidente
333 3422 372 3480 sit
394 3419 454 3480 hoo
483 3437 595 3499 corpus
630 3439 740 3482 meum.
784 3419 964 3480 Praesertim

56 3521 113 3564 cum
134 3504 269 3565 divinum
298 3502 372 3564 illud
403 3503 443 3563 sit
464 3521 559 3582 opus,
588 3502 704 3562 virtutis
735 3504 966 3581 omnipotentis,

55 3604 122 3665 quae
150 3595 267 3649 tantum
296 3594 326 3647 et
354 3586 453 3646 tsliter
480 3587 511 3645 in
540 3583 725 3660 substantie,
760 3593 907 3662 quantum
937 3590 967 3644 et

57 3671 170 3750 qualiter
190 3673 222 3732 in
244 3670 401 3732 accidente
424 3673 527 3750 potest
549 3667 679 3749 operari.

82 3787 166 3828 bathul
179 3797 232 3838 opp.
245 3787 274 3830 V.
287 3787 315 3828 A.
329 3786 358 3830 sd
371 3785 412 3826 rat.
425 3785 477 3826 hist.
491 3785 507 3826 l,
520 3795 540 3834 p
557 3783 607 3827 Vol.
624 3783 650 3826 V·
864 3749 883 3810 3
