2250 4008
300 187 424 242 &uenis
443 185 622 242 Latomianas
640 195 691 242 etc.
902 167 964 252 449

33 355 115 396 non·
140 339 219 400 bene
251 340 369 422 iecisse.
413 341 520 402 Metius
543 341 702 418 Paulus*)
737 341 818 422 ipse:
852 341 964 404 Omnia

18 427 249 504 'quaecunque
260 423 370 500 facitis,
393 425 457 484 sive
471 425 630 486 comeditis
644 426 707 485 sive
725 422 836 503 bibitis,
860 427 963 486 omnia

30 505 62 560 in
90 507 223 567 nomine
246 506 368 568 Domini
391 509 486 570 nostri
507 507 575 569 lesu
598 507 708 570 Christi
730 507 829 571 facite.
873 507 962 570 Com·

33 587 146 647 munis
179 591 242 650 vita
272 590 342 650 iusti
376 609 438 652 non
468 599 514 651 eet
546 593 604 652 nisi
635 610 719 652 mera
746 589 828 651 bona
859 608 961 672 opera.

31 668 153 750 Neque
187 673 266 752 enim
296 691 388 734 unam
421 675 565 755 ungulam
600 675 743 753 relinquit
761 673 898 735 Christus
931 678 962 736 in

31 752 190 836 Aegypto
214 754 252 816 de
275 755 383 818 ovibus
406 759 477 818 suis.
521 756 611 833 Quod
636 757 723 838 dieo,
745 764 777 838 ut
799 755 963 838 Sophistae

29 837 160 914 sciant,
194 845 318 900 sanctos
347 839 452 901 Patres
488 847 519 900 ut
553 840 718 920 aliquando
746 849 962 922 peccaverunt,

29 919 127 996 quod
147 919 292 982 Instemus
315 923 426 1002 probat
447 943 488 984 ex
498 922 687 1005 Hieronymo
710 943 765 1004 per
787 925 961 1006 exemplum
1068 963 1069 966 =

29 999 158 1081 David,
181 1003 223 1066 ita
245 1004 411 1084 aliquando
433 1025 552 1068 errasse
573 1025 706 1088 quoque,
728 1006 810 1087 quod
831 1025 890 1088 ego
912 1007 962 1067 hic
1043 1039 1049 1046 -

30 1087 63 1143 in
79 1083 279 1170 Hieronymo
301 1088 410 1169 probo.
444 1089 574 1152 Proinde
596 1091 711 1170 optime
732 1089 835 1151 valere
856 1109 962 1152 eorum

30 1171 243 1245 autoritates,
281 1171 405 1252 quando
433 1172 595 1254 Scriptnris
623 1171 790 1234 manifestis
819 1174 962 1252 nituntur,
1057 1209 1064 1218 =

32 1252 58 1310 si
83 1271 200 1333 secus,
231 1274 269 1316 ne
298 1255 371 1316 mihi
395 1265 520 1336 crepent
549 1263 581 1316 et
611 1257 725 1317 iactent
752 1273 820 1318 sese
842 1257 962 1335 vicisse,

31 1335 128 1414 quod
158 1339 304 1399 autoritas
341 1339 508 1418 cuiuspiam
536 1337 640 1400 Sancti
668 1339 707 1400 ab
740 1357 846 1401 eorum
876 1347 963 1420 parte

31 1419 170 1482 steterit.
213 1420 246 1481 in
264 1423 462 1483 contentione
489 1441 611 1502 snmus,
646 1422 696 1484 ubi
723 1420 831 1482 divinis
863 1423 962 1504 iisque

32 1504 135 1562 certis
158 1510 189 1564 et
211 1504 401 1566 evidentibus
421 1504 578 1566 nitendum
601 1513 648 1566 est
667 1505 859 1570 testimoniis.
900 1504 960 1566 Hu-

35 1603 138 1650 mana
161 1605 234 1648 vero
257 1589 379 1650 valeant
395 1589 426 1648 in
442 1588 582 1650 familiari
594 1588 792 1668 persuasione
814 1595 844 1648 et
865 1607 962 1673 popu·

36 1669 94 1730 ieri
123 1671 284 1734 concione.

127 1751 189 1814 Sed
211 1755 283 1832 quia
303 1753 429 1816 Paulum
451 1773 508 1834 pro
529 1753 671 1835 exempto
696 1757 798 1834 ponit,
820 1757 871 1836 qni
894 1757 960 1816 sine

35 1844 174 1916 peccato
197 1836 311 1898 bonum
333 1855 411 1918 opns
427 1835 542 1914 fecerit,
564 1843 715 1898 tentemus
737 1846 768 1898 et
789 1856 847 1899 nos
869 1839 960 1900 istam

35 1921 316 2000 prosopopoeiam.
360 1919 475 1982 Demus
504 1921 607 1999 itaque
630 1918 660 1984 S.
682 1919 810 1982 Paulum
834 1921 882 1982 vel
903 1921 961 1983 Pc-

36 2011 121 2063 trum
145 2004 212 2064 sive
233 2013 370 2065 orantem
385 2005 450 2065 sire
464 2002 639 2081 docentem,
659 2003 724 2064 sive
746 2003 827 2065 alind
846 2005 960 2066 bonum

38 2103 124 2168 opus
145 2095 334 2168 operantem.
378 2087 410 2150 Si
432 2094 478 2147 est
500 2105 578 2168 opus
600 2085 714 2148 bonum
736 2087 803 2148 sine
831 2097 960 2168 peccato

40 2179 71 2230 et
95 2169 217 2251 absque
239 2172 324 2232 omni
347 2171 431 2252 vitio,
454 2177 556 2251 potest
577 2172 644 2251 ipse
665 2180 746 2232 stare
768 2187 837 2232 cum
860 2170 962 2232 debita

38 2253 216 2316 hnmilitate
239 2272 343 2316 coram
365 2254 451 2338 Deo,
479 2261 509 2315 et
531 2253 633 2316 dicere
655 2254 715 2315 boc
737 2255 845 2316 modo:
883 2253 964 2316 Ecce

40 2337 179 2398 Domine
200 2336 300 2415 Deus,
334 2338 394 2400 boc
421 2357 498 2418 opus
528 2338 641 2400 bonum
673 2357 727 2418 per
755 2345 826 2400 tuae
848 2339 965 2419 gratiae

40 2417 194 2481 auxilium
216 2421 290 2498 ieci,
324 2437 387 2482 non
410 2427 457 2481 est
477 2422 507 2481 in
530 2439 568 2482 eo
589 2421 696 2482 vitium
725 2429 776 2484 aut
802 2431 963 2504 peccatum

42 2503 153 2582 ulium,
174 2521 233 2565 nec
245 2503 362 2584 indiget
377 2512 429 2564 tua
440 2503 649 2568 misericordia
661 2505 852 2586 ignoscente,
871 2523 964 2585 quam

42 2605 139 2668 super
175 2605 212 2648 eo
249 2605 307 2648 nec
334 2595 423 2668 peto,
458 2585 569 2648 deinde
596 2588 683 2664 volo,
717 2593 750 2648 nt
776 2588 888 2649 indicio
911 2595 963 2650 tuo

42 2669 206 2730 verissimo
244 2678 275 2732 et
305 2670 497 2732 strictissimo
530 2672 629 2752 ipsurn
663 2669 789 2733 iudices.
837 2669 871 2730 ln
903 2670 966 2732 hoc

42 2754 127 2814 enim
151 2753 273 2834 gloriari
296 2771 401 2814 coram
424 2760 454 2814 te
476 2771 611 2834 possum,
632 2752 715 2832 qnod
732 2772 789 2814 nec
811 2762 843 2815 tu
864 2755 964 2834 possis

43 2835 122 2898 illud
145 2835 308 2920 damnare,
341 2855 409 2898 cum
443 2837 484 2898 sis
507 2837 603 2897 iustus
625 2845 656 2896 et
679 2855 789 2916 verax,
821 2837 884 2898 imo
907 2837 965 2897 nisi

43 2927 73 2981 tc
92 2920 195 3001 ipsum
214 2938 318 3001 neges,
342 2939 403 2980 non
420 2917 590 2999 damnabis,
604 2926 704 2980 certus
721 2939 799 2999 sum,
821 2939 882 2981 non
904 2921 965 2981 iam

44 3022 126 3084 opus
155 3001 382 3084 misericordia,
416 3022 496 3083 quae
521 3003 654 3064 remittat
684 3003 819 3064 debitum
847 3005 876 3064 in
904 3005 964 3065 isto

44 3103 153 3168 opere,
175 3087 254 3148 sicut
276 3088 375 3149 oratio
398 3095 449 3148 tua
467 3085 577 3167 docet,
600 3098 750 3148 evacuata
771 3087 821 3147 bic
842 3095 888 3147 est
911 3089 965 3147 uti·

45 3187 118 3251 que,
142 3169 195 3230 sed
218 3177 335 3231 tantum
357 3171 480 3248 iustitia,
501 3189 581 3250 quae
603 3177 740 3233 coronet.

129 3252 331 3316 Horresoisne
366 3262 397 3314 et
423 3252 531 3332 sudas,
564 3252 713 3316 Latoms?
749 3253 826 3312 haec
862 3257 966 3314 omnia

46 3355 151 3418 posse,
172 3338 235 3398 imo
257 3335 369 3400 debere
391 3336 450 3397 dici
474 3356 492 3396 a
513 3335 566 3397 tali
585 3337 747 3398 iustitiario
770 3344 885 3396 certum
908 3345 965 3413 est,

47 3422 119 3502 quis
147 3422 304 3482 veritatem
332 3419 422 3480 debet
445 3418 561 3495 dicere,
596 3420 730 3482 maxime
760 3437 863 3481 coram
887 3418 965 3498 Deo,

47 3505 249 3585 nequeenim
273 3513 397 3586 propter
419 3503 517 3564 Deum
541 3501 632 3564 debet
654 3505 784 3567 mentiri.
827 3503 869 3564 At
891 3504 966 3564 veri·

121 3675 152 3745 ⁸)
173 3673 232 3732 (iol.
254 3677 279 3734 3.

96 3781 186 3824 Latiari
199 3792 252 3834 opp.
265 3783 293 3824 V.
307 3783 334 3821 Δ.
349 3779 377 3822 ud
401 3780 441 3820 rei.
455 3779 506 3824 trist.
519 3779 535 3820 i.
549 3790 572 3830 p.
585 3779 634 3821 Vel.
648 3778 675 3820 V.
759 3742 799 3806 29
