2254 4008
150 153 195 224 Sd
411 157 456 250 Do¹
467 153 545 227 cnut
563 154 664 224 ltelyl.
681 153 823 216 nodum

150 313 286 396 pesostis
307 309 501 386 sslisl'soers,
522 311 547 372 si
568 309 711 390 presules
732 327 752 374 s
772 310 932 373 saserdote
952 311 1068 392 imponi

151 407 199 460 tas
232 402 396 458 voestenus
428 394 684 458 murmuraverit?
717 393 835 454 etiamsi
863 395 982 458 interim
1014 415 1068 457 oso

152 483 266 561 cogitet
287 479 408 558 quidem
420 478 501 538 vitae
523 479 673 541 rationem
697 475 868 538 emendare.
913 477 981 538 Uno
993 479 1067 540 euim

152 570 308 630 momento
332 560 522 624 contritionis
553 568 583 620 et
614 560 816 622 confessionis
838 567 982 620 mutatam
1005 580 1068 622 esse

150 649 244 710 vilem
267 646 403 720 eredunt,
426 661 588 722 superesse
599 661 672 703 vero
688 649 815 721 tantum,
838 650 870 702 ut
887 644 1069 706 satislaoisot

151 747 207 812 pro
230 729 400 810 praeteritis
422 725 567 806 pecualis.
611 723 776 800 Quomodo
805 725 892 788 aliter
921 734 1067 807 saperent,

151 813 203 893 qui
224 812 308 876 struo
331 829 392 872 non
417 807 584 870 donentur?
606 805 686 872 Nihil
708 807 758 868 hio
780 808 817 872 de
841 807 1069 873 mortificatione

152 897 251 960 monle
270 896 442 974 cogitatur,
472 890 545 952 nihil
567 890 649 952 valet
670 890 844 970 exemplum
869 891 995 967 Christi,
1022 894 1068 972 qui

151 978 320 1044 adulteram
349 975 513 1038 absolvens
537 973 628 1034 dixit:
661 972 764 1050 Vade,
800 982 830 1034 et
857 975 988 1054 emplius
1011 976 1069 1040 ooli

151 1080 290 1142 pessare,
312 1057 433 1119 oru'oem
456 1056 573 1115 soilioet
595 1057 694 1115 earnis
717 1055 950 1118 mortificandae
972 1058 999 1118 ei
1020 1059 1069 1124 im-

151 1161 279 1224 ponens.
333 1141 412 1208 Huie
441 1139 631 1219 perversitati
665 1138 750 1198 dedit
783 1141 978 1200 oooasionem
1013 1159 1069 1200 oon

151 1226 317 1302 modinum,
336 1222 420 1302 quod
443 1228 607 1302 peccantes
628 1221 815 1282 absolvimus
846 1233 918 1284 ante
939 1223 1070 1286 salissato-

152 1311 265 1372 tionem
287 1309 460 1388 impletum,
487 1323 548 1383 qua
569 1302 612 1379 fil,
635 1311 667 1364 ul
687 1305 783 1384 magis
806 1304 927 1366 eollioiii
958 1308 1017 1370 sint
1036 1305 1071 1366 do

151 1391 307 1471 implendo
327 1389 553 1464 satisfactione,
581 1405 660 1465 quae
682 1387 785 1461 durat,
817 1407 909 1467 quam
938 1388 977 1452 de
1006 1407 1071 1452 eeu·

152 1476 292 1548 tritiooe,
319 1493 411 1552 quam
434 1472 582 1533 transisse
603 1470 680 1529 inter
703 1468 911 1532 confitendum
933 1471 1070 1534 eredunt:

152 1575 220 1622 oum
244 1564 370 1624 monos
393 1553 619 1620 absolutionem
642 1559 783 1631 oporteat
804 1573 889 1629 esse,
911 1555 991 1616 siout
1011 1563 1072 1616 erat

151 1642 181 1700 in
203 1640 357 1720 primitivo
378 1637 525 1711 eeclesia,
553 1637 770 1714 posteriorem,
793 1636 1003 1700 satisfactione
1023 1638 1071 1702 im.

150 1723 251 1803 plote,
279 1740 340 1800 quo
363 1719 472 1794 fiebat,
505 1724 538 1778 ut
566 1737 660 1797 opere
682 1725 823 1782 oessaote
844 1726 957 1798 postea
980 1721 1073 1799 ansgis

152 1807 181 1866 in
205 1805 266 1866 fide
286 1813 318 1868 et
343 1805 481 1866 novitate
513 1801 593 1863 vilae
623 1808 844 1864 exercerentur.
896 1802 1010 1867 Verum
1039 1802 1073 1866 do
1122 1841 1123 1844 =

152 1889 189 1950 iis
211 1889 285 1950 satis
307 1887 468 1966 repetitum
482 1890 559 1959 esto,
583 1901 663 1961 qnae
676 1903 767 1962 super
779 1883 975 1964 indulgentiis
988 1883 1073 1950 latius
1122 1931 1123 1938 ,

42 2007 45 2016 =
152 1971 231 2047 dixi,
255 1978 347 2050 atque
367 1969 445 2028 haee
466 1968 497 2028 in
520 1973 617 2028 totum
639 1965 679 2026 de
700 1965 794 2028 tribus
815 1967 881 2032 istis
904 1986 1074 2031 ssoromeu·

154 2056 190 2115 tis
212 2054 331 2114 interim
360 2051 500 2114 retulisse
528 2049 679 2125 emissit,
712 2067 792 2127 quse
825 2057 886 2114 tam
917 2051 1019 2116 multis
1046 2057 1074 2114 et

151 2137 252 2198 noxiis
282 2135 364 2196 libris
401 2132 603 2196 sententiariis
629 2139 661 2196 ot
686 2131 823 2192 iuridicis
851 2139 1021 2198 traotantur
1046 2140 1075 2198 ot

150 2237 212 2280 non
235 2223 412 2281 tractantur.
455 2214 610 2295 Superest,
632 2212 670 2278 de
687 2214 810 2293 reliquis
833 2233 1073 2294 quoquenaomv
1121 2241 1122 2284 ι

150 2300 262 2397 mentis
291 2297 405 2379 aliquid
438 2303 571 2373 tentare,
606 2315 645 2364 us
677 2297 744 2366 siue
776 2316 872 2366 sousa
900 2298 1008 2364 videor
1038 2316 1074 2364 ss

150 2401 301 2454 reteorsse.

407 2559 461 2620 De
488 2557 817 2623 confirmations.

231 2714 338 2780 Mirum
352 2719 408 2789 est,
431 2711 503 2792 quid
515 2713 546 2772 in
557 2718 691 2778 mentem
703 2711 762 2772 illis
775 2713 902 2788 venerit,
923 2719 956 2776 ut
974 2733 1071 2776 samo,

149 2803 284 2859 mentum
309 2795 550 2862 confirmationis
572 2795 708 2860 faeereut
731 2813 771 2858 ex
794 2797 992 2876 impositione
1014 2816 1072 2864 mss

150 2897 255 2954 nuum,
279 2896 339 2957 qua
360 2879 488 2957 legimus
501 2877 653 2938 Christum
670 2877 815 2956 parvulos
831 2879 978 2959 tetigisse,
1000 2898 1073 2958 opo„

149 2962 247 3028 stolus
268 2961 390 3026 dedisse
409 2959 553 3040 Spiritum
582 2967 739 3038 sonetum,
769 2960 927 3024 ordinasse
949 2962 1072 3042 presby·

150 3051 243 3121 teros,
265 3051 294 3110 et
316 3042 454 3104 infirmos
476 3060 616 3117 durasse,
639 3051 672 3104 nt
693 3042 731 3104 ad
753 3043 946 3106 Timotheum
969 3044 1071 3106 soribit

149 3124 374 3206 apostolus'):
403 3125 523 3190 Nemini
546 3143 655 3192 manus
683 3125 745 3186 oito
774 3126 965 3206 imposueris.
1013 3127 1071 3190 on

149 3228 210 3274 non
246 3227 285 3270 sx
319 3214 511 3270 santamente
551 3208 639 3285 panis
679 3208 771 3270 etiam
809 3209 1069 3272 confirmationem

148 3291 295 3366 leserunt,
318 3289 441 3370 quando
462 3290 608 3368 seriptum
631 3296 678 3350 est
699 3290 813 3355 Aot.9r
836 3293 876 3353 Et
897 3310 964 3354 oum
987 3311 1070 3354 aoso

148 3377 243 3454 pissst
271 3373 388 3451 eibum,
420 3372 611 3438 eonfortetus
638 3378 700 3450 estu
736 3373 1068 3453 etPsalm.103**):

205 3636 236 3702 ⁸)
257 3637 283 3693 1.
301 3635 423 3692 masto
442 3637 468 3693 5.
506 3638 554 3705 “l
575 3637 678 3695 Psalm.
701 3641 761 3700 tot.
779 3641 861 3702 lim
879 3636 930 3702 ult·
