2258 4002
141 197 204 268 iffi
413 201 670 273 nommetur
689 203 829 260 carrena

143 365 200 433 aet,
221 364 255 420 nt
275 359 471 420 seminarium
495 357 666 420 discordiae
681 357 1069 440 tmpaarnrtrheberernr,

144 461 207 524 quo
228 443 328 503 alerici
351 451 381 502 et
403 442 470 502 iaici
485 442 554 521 pice
576 442 818 504 discernerentur
829 461 920 522 quem
945 441 1069 501 cociam

144 534 174 587 et
194 534 283 603 terre,
305 526 344 586 ed
356 525 564 586 incredibilem
583 525 771 605 baptismalis
786 527 902 606 gratiae
914 526 1070 598 iniuriam,

143 618 173 670 et
196 609 392 688 evangelicae
412 609 635 669 communionis
658 608 885 670 centurionem:
917 607 1070 687 siquidem

144 693 216 754 hine
237 694 338 772 coepit
365 693 502 772 tyrannio
529 693 589 751 iate
616 691 804 752 detestabilis
835 691 1014 752 oierioorum
1038 691 1070 750 in

144 775 249 853 laicos,
271 794 333 854 que
353 773 465 835 fiducia
485 775 655 864 corporalis
677 777 846 854 unctionis,
874 769 934 854 qu'c
958 793 1071 834 menne

143 877 248 920 eorum
264 867 490 936 consecrantur,
512 857 622 917 deinde
643 877 779 934 rasurae,
802 859 982 931 etrcetium,
1005 870 1071 916 non

144 942 241 1003 modo
263 943 374 1022 ceterie
403 942 486 1002 iaicis
511 941 706 1017 Christiania,
739 942 790 1020 qui
822 941 932 1020 spiritu.
959 946 1072 1001 sancto

146 1026 229 1085 uncti
252 1031 336 1100 eunt,
359 1044 427 1084 eece
447 1023 638 1104 praeferunt,
667 1023 721 1084 aed
743 1024 837 1084 ferme
859 1031 892 1083 ut
912 1043 1005 1084 canen
1027 1025 1072 1082 in·

145 1108 270 1189 dignor,
301 1109 351 1186 qui
374 1127 443 1166 curn
465 1109 508 1166 eia
535 1109 565 1166 in
590 1105 720 1166 ecclesie
741 1116 954 1185 numerentur,
976 1105 1070 1166 habe

144 1197 205 1252 ant.
247 1189 457 1269 Hincqnidvie
474 1188 629 1269 mandare,
652 1191 786 1269 exigere,
809 1191 925 1269 minari,
947 1208 1071 1270 urgere,

144 1293 282 1354 premere
304 1273 426 1333 audent.
469 1271 604 1352 Summa,
627 1275 851 1334 sacramentum
867 1273 982 1333 ordinis
1004 1271 1071 1352 pul·

144 1357 294 1417 cherrima
315 1355 457 1418 machine
477 1356 533 1415 fuit
554 1361 585 1415 et
595 1360 643 1414 eet
665 1355 705 1414 ad
722 1355 904 1416 stabilienda
927 1358 1072 1416 univerae

142 1448 299 1520 portenta,
327 1457 405 1518 quac
429 1439 575 1498 hactenus
597 1438 678 1498 fecta
699 1445 784 1513 eunt,
814 1447 844 1499 et
871 1439 973 1499 adhuc
994 1438 1072 1498 fiunt

142 1524 172 1583 in
196 1523 336 1584 ecclesia.
380 1522 437 1581 Hie
458 1521 550 1600 periit
567 1521 739 1581 fraternitas
753 1522 934 1598 Christiana,
957 1522 1008 1582 hio
1031 1541 1071 1580 ex

144 1605 318 1687 pectoribus
340 1605 420 1684 tupi,
449 1623 491 1669 ex
513 1606 608 1664 servis
631 1605 768 1684 tyranni,
792 1624 831 1666 ex
851 1604 1071 1666 ecclesiasticis

145 1690 213 1769 pius
236 1708 326 1768 quem
349 1687 494 1748 mundani
517 1687 588 1746 iacti
612 1693 692 1747 eunt.

228 1771 286 1848 Qui
309 1770 374 1850 eil)
398 1776 581 1850 cogerentur
603 1769 773 1848 admittere,
796 1788 853 1830 noe
876 1779 984 1831 cmn'ea
1000 1787 1071 1830 eene

144 1854 313 1934 aequaliter
345 1853 537 1933 sacerdota,
575 1859 727 1932 quotquot
761 1851 906 1933 baptisati
942 1852 1072 1912 eumue?

145 1940 223 2001 sicut
245 1935 352 2004 revere
373 1955 488 2014 eumue,
510 1936 630 2014 iiiieque
641 1936 740 1997 ocium
752 1935 951 1997 ministerium
963 1944 1071 1999 uoci-ro

148 2029 249 2082 teman
273 2039 426 2081 concensu
448 2020 663 2098 commissum,
693 2020 806 2079 scirent
826 2020 931 2100 simui,
954 2019 1073 2078 nullum

146 2106 189 2165 eie
211 2123 280 2164 eece
307 2123 398 2183 anper
425 2121 482 2162 noa
508 2103 556 2160 ino
586 2102 722 2180 imperii,
750 2103 808 2161 niei
838 2113 984 2180 quantum
1013 2121 1073 2161 noe

144 2194 254 2247 ecnte
282 2193 387 2248 noatra
416 2184 652 2244 admitteremus.
693 2183 744 2245 oio
775 2185 854 2244 enim
883 2185 907 2246 1.
938 2185 1019 2244 Petri
1043 2185 1072 2247 2.

166 2271 268 2329 initur:
293 2269 355 2328 Vca
378 2269 450 2328 eetia
463 2287 559 2346 genua
582 2267 723 2346 eiectum,
745 2268 850 2348 regaie
864 2267 1072 2336 sacerdotium

145 2359 176 2412 at
198 2350 389 2412 sacerdotale
408 2370 549 2430 regnum.
593 2349 695 2426 Quare
717 2369 825 2412 omnes
847 2369 952 2410 eumne
969 2369 1073 2412 secer-

146 2435 243 2511 dotee,
266 2440 418 2513 quotquot
440 2433 602 2493 Christiani
631 2453 755 2506 eumue,
778 2433 955 2500 sacerdotes
987 2451 1073 2508 vcro,

146 2536 224 2597 quoe
247 2535 411 2596 vocamur,
441 2516 566 2574 minietri
601 2523 672 2575 eunt
699 2533 739 2576 ex
770 2516 860 2576 nobie
880 2517 988 2594 eiecti,
1020 2517 1073 2594 qui

145 2608 251 2662 nostro
274 2601 398 2661 nornine
420 2597 657 2658 omniaiaoiant.
697 2599 737 2660 Et
757 2599 963 2660 secerdotium
987 2599 1074 2660 alind

146 2683 219 2743 nihil
241 2690 296 2759 eet,
321 2702 411 2763 quam
435 2682 642 2742 ministerium.
686 2681 746 2743 Sic.
769 2683 789 2743 1,
805 2682 999 2744 donatote
1021 2682 1075 2750 era

144 2784 202 2826 nne
224 2767 376 2828 existimet
403 2765 495 2824 homo
525 2765 603 2824 sieut
630 2767 784 2831 ministros
812 2763 924 2829 Ohriati
946 2773 976 2826 et
1009 2765 1070 2824 die·-

148 2855 328 2930 peneatorca
348 2848 561 2928 mysteriorum
586 2847 651 2909 Dei.
1052 2905 1057 2911 .

229 2931 278 2992 En
300 2931 408 3009 quibas
430 2929 473 3006 iit,
496 2937 528 2989 ut
548 2930 584 3003 ie,
607 2933 658 3008 qui
680 2950 741 2991 non
764 2931 921 3010 praedicat
934 2930 1073 3006 verbum,

148 3014 186 3075 ad
211 3015 271 3074 hoc
293 3015 392 3092 ipsum
424 3033 480 3093 per
511 3012 673 3073 eccleciam
704 3021 846 3090 nocetne,
879 3031 1073 3094 nequequam

149 3098 188 3157 ait
209 3097 363 3171 ancardce,
385 3103 416 3156 et
437 3101 663 3156 sacramentum
688 3095 894 3168 ordiniaalind
918 3109 1073 3158 ceee‘ncn

146 3181 255 3262 poerit,
278 3197 368 3258 quam
390 3179 465 3238 ritne
488 3177 610 3257 quidam
633 3179 765 3261 eligendi
788 3180 1022 3243 concionatores
1043 3181 1073 3248 in

148 3263 289 3330 eccieeie.
332 3261 383 3326 Sic
404 3261 484 3319 enim
507 3280 562 3340 per
573 3261 663 3322 Meta.
685 3265 714 3326 2.
737 3261 842 3322 definit
865 3261 1072 3322 sacerdotem:

148 3346 247 3408 Labie·
263 3343 431 3405 sacerdotis
462 3342 637 3405 custodiunt
665 3347 824 3406 acientiem
853 3350 883 3410 at
912 3345 1011 3425 legem
1035 3365 1074 3405 ex

150 3447 204 3488 ora
226 3429 290 3488 eiua
311 3426 475 3503 requirant,
499 3426 570 3503 quie
591 3430 719 3507 angetur
744 3428 866 3488 Domini
883 3429 1072 3489 exercituum

163 3694 166 3703 '
207 3696 240 3761 1)
259 3694 290 3749 in
310 3695 352 3749 ed.
373 3693 458 3748 δοκεῖ
469 3691 534 3762 qaid
553 3695 584 3746 ei.
