2250 4008
127 139 191 210 501
414 143 573 202 &nunno
593 145 762 202 Luthsriane

128 300 210 364 susis
230 300 294 362 irus
316 298 457 362 redderet
477 301 564 363 Deus
585 303 756 380 interitum,
788 303 825 364 si¹
844 319 905 364 non
943 297 1049 362 volun-¹

129 385 237 446 tarium
260 384 467 446 invenirentur
477 384 591 446 habers
608 392 777 467 peccatum.
822 386 862 447 Et
874 401 971 464 quare
985 382 1048 445 retl-

128 467 172 527 dit
202 468 354 530 interitum
393 467 558 529 infantibus
593 475 624 530 et
656 469 893 550 ignorantibus?
928 467 992 529 Sed
1021 474 1050 526 ει

130 550 298 632 Gregorius
320 551 370 612 hic
391 549 429 612 de
452 553 533 612 vasis
562 553 635 613 irae·
657 560 687 613 et
719 555 856 634 peccatis
878 569 988 614 eorum
1010 550 1049 610 lo·

129 635 246 713 quitur,
268 635 351 716 quod
373 633 518 696 Lntcmus
540 635 682 716 intelligit
703 635 741 696 de
763 637 900 717 peccatis
924 633 1048 696 Sancto·

128 735 201 779 rum·
217 719 247 777 in
270 717 354 780 hono
377 737 488 798 opere,
521 718 636 798 alioqui
669 719 826 799 quomodo
858 725 971 780 contra
1004 735 1050 776 me

129 800 308 862 induceret?
351 801 430 877 Quid
465 802 582 882 alioqui
614 801 728 863 faceret
759 801 798 863 ad
832 799 1050 885 propositum?

129 884 293 944 Peccatum
316 886 396 944 enim
419 901 505 945 arne
528 885 641 946 dictum
660 887 831 966 impugnat,
852 892 884 946 et
904 885 967 946 hoc
990 901 1050 943 nou

129 987 198 1028 esse
221 986 274 1047 peu
296 967 615 1052 Gregoriurn'prcbat,
637 969 818 1048 quiasolum
843 967 1050 1031 voluntarium

129 1069 198 1111 csse
221 1050 320 1114 debet.
365 1051 426 1113 Sed
448 1050 546 1112 fessus
566 1071 643 1130 sum,
668 1053 770 1114 ualeat
790 1052 991 1133 sycophanta
1012 1051 1053 1109 in-

128 1134 332 1213 sulsissimus,
356 1136 573 1214 quincono,
603 1153 661 1198 nec
682 1153 732 1213 se,
756 1153 814 1196 noc
836 1136 959 1210 Patres,
997 1151 1053 1193 nec

129 1217 301 1299 Scripturas
323 1235 384 1278 unc
399 1217 461 1299 pilo
475 1217 625 1298 intelligit,
647 1237 693 1294 nc,
716 1220 740 1278 si
759 1219 920 1299 intelliget,
943 1216 1052 1278 intelli·

129 1319 204 1378 gere
226 1319 288 1364 nou
309 1301 383 1362 vult.
428 1301 508 1362 Nihil
537 1308 620 1362 recte
642 1307 745 1362 actum
775 1310 821 1362 est
848 1303 879 1362 in
901 1301 965 1361 hoc
989 1307 1051 1360 totu

129 1382 225 1463 lihrc,
266 1402 357 1464 quam
400 1385 481 1464 quod
518 1383 759 1446 Lovauiensibus
796 1383 996 1447 incendiariis
1027 1391 1054 1442 et

129 1467 378 1528 antichristianae
400 1467 508 1529 Bullue
530 1467 638 1548 dignus
662 1468 750 1530 datus
773 1476 820 1529 est
841 1475 1003 1549 petronus.

214 1550 398 1631 Apostolum
420 1552 520 1631 ipsum
544 1550 716 1631 videamus,
747 1559 778 1612 ει
798 1551 919 1632 glossas
943 1569 1050 1610 eorum

129 1636 217 1694 iuxta
240 1635 356 1715 positus
379 1633 625 1713 consideremus,
648 1643 680 1694 ut
709 1633 875 1714 discamus,
907 1640 987 1713 quot
1009 1653 1052 1692 re·

130 1723 222 1797 pente
245 1736 328 1778 nova
360 1716 510 1778 vocabula
541 1724 713 1780 nascentur.
758 1718 877 1780 Scimus
902 1715 1050 1800 (inquit),

130 1802 273 1879 quoniam
297 1801 360 1861 Lex
391 1800 557 1881 spiritualis
589 1807 651 1878 εει,
686 1819 745 1881 ego
778 1808 881 1864 autem
916 1796 1049 1860 carnalis

129 1883 321 1944 venundatus
344 1883 399 1944 sub
422 1891 568 1964 peccato,
589 1883 619 1942 id
642 1889 703 1961 est,
725 1884 822 2026 pupilli
845 1884 968 1960 dicunt,
992 1900 1049 1960 ego

130 1987 211 2047 sum
233 1965 368 2028 infirmus
412 1976 442 2027 et
474 1968 598 2048 punitus
627 1985 728 2028 venun
752 1974 819 2027 etus
851 1967 908 2027 sub
938 1983 1049 2046 poene.

128 2051 206 2120 Tum
229 2050 411 2130 spiritualis,
439 2050 510 2129 quin
533 2069 587 2130 per
607 2049 771 2110 antithesin
808 2049 935 2126 dicitur,
969 2047 1049 2108 idom

69 2149 78 2158 ’
129 2134 194 2212 erit,
217 2132 299 2212 quod
317 2151 425 2210 senus,
458 2135 524 2194 sine
552 2152 654 2212 poene
675 2133 850 2214 redemptus
873 2133 913 2192 de
933 2150 1045 2212 poena.

130 2215 263 2277 Deinde:
299 2215 382 2297 quod
415 2218 495 2276 enim
529 2233 642 2299 operor
675 2235 736 2277 non
758 2216 900 2294 intelligo
920 2214 970 2290 (id
991 2221 1046 2287 est,

128 2318 260 2380 poenam
284 2301 415 2379 patior),
452 2316 513 2359 non
547 2299 732 2378 enimquud
764 2299 836 2360 volo
859 2297 978 2359 bonum
1001 2295 1049 2378 (id

127 2389 184 2460 est,
206 2384 435 2464 impunitatem)
460 2382 521 2443 hoc
546 2400 623 2462 ago,
655 2381 709 2442 sed
733 2379 816 2461 quod
839 2381 911 2443 odic
934 2379 1048 2440 malum

81 2507 84 2512 -
131 2465 264 2544 (idest,
296 2470 448 2546 posnam)
474 2465 534 2525 hoc
558 2481 630 2544 ugo.
675 2465 705 2525 Si
728 2472 829 2526 autem
857 2463 941 2544 quod
975 2462 1048 2523 nolo

66 2610 72 2624 ,
127 2548 202 2608 illud
224 2548 321 2628 facio,
351 2550 510 2609 consentio
533 2547 605 2628 Legi
630 2545 764 2630 (idest,
792 2548 926 2628 impunis
949 2550 1049 2620 sum),

129 2633 274 2710 quoniam
303 2632 385 2693 bone
420 2639 466 2691 est
488 2629 531 2713 (id
556 2639 618 2707 est,
652 2633 819 2710 impunitas
841 2633 927 2710 est),
968 2647 1049 2688 nunc

130 2720 231 2774 autem
254 2733 316 2775 non
339 2733 398 2796 ego
437 2731 549 2794 operor
568 2713 657 2790 illud,
695 2714 748 2774 sed
771 2713 853 2794 quod
875 2711 1044 2772 habitatin

128 2816 177 2858 me
196 2804 357 2878 peccatum
383 2799 398 2872 ι
400 2797 430 2856 id
454 2803 508 2872 εει,
531 2794 662 2878 poena).
700 2796 771 2858 Scio
785 2799 876 2874 enim,
898 2795 973 2874 quia
987 2812 1047 2854 non
1111 2809 1112 2866 ζ

128 2879 295 2941 habitatin
319 2899 368 2940 me
391 2881 553 2957 (honest,
582 2881 611 2939 in
635 2896 726 2940 carno
749 2883 835 2958 mee)
859 2879 976 2940 bonum
1001 2875 1047 2959 (id
1111 2887 1112 2944 ξ

129 2970 185 3040 εει,
206 2965 408 3044 impunitas);
442 2983 512 3022 nem
538 2963 615 3022 selle
637 2963 759 3022 adiacet
778 2963 867 3039 mihi,
898 2959 1047 3042 perficere

129 3053 231 3107 autem
253 3065 314 3106 non
338 3047 472 3106 invenie.
516 3045 586 3105 Non
609 3046 707 3122 enim,
730 3045 812 3124 quod
835 3045 907 3106 volo
929 3043 1045 3104 bonum

130 3130 265 3208 (idest,
301 3130 549 3210 impunitatem),
577 3128 637 3188 hoc
659 3129 757 3208 lucio,
791 3127 846 3188 sed
868 3126 951 3207 quod
975 3127 1046 3187 nolo
1111 3137 1112 3190 ἒ

126 3211 240 3272 malurn
267 3211 315 3288 (id
328 3219 384 3287 est,
406 3210 571 3291 poenam),
585 3211 645 3272 hoc
666 3210 754 3272 facio.
800 3209 831 3272 Si
846 3218 948 3270 autem
963 3209 1045 3290 quod
1111 3211 1112 3214 ’

130 3296 201 3354 εοΙο
229 3295 303 3354 illud
337 3295 437 3371 facio,
466 3297 525 3354 iam
562 3313 623 3354 non
656 3313 715 3372 ego
739 3311 849 3372 operor
870 3292 961 3368 illud,
993 3291 1044 3352 sed

129 3377 210 3453 quod
233 3375 400 3436 habitatin
424 3395 473 3437 me
494 3382 654 3455 peccatum
679 3376 727 3454 (id
751 3383 814 3460 εει,
843 3375 976 3456 poena).
998 3371 1044 3435 In-
1111 3363 1112 3380 ¹

130 3457 219 3516 venio
241 3458 333 3535 igitur
355 3459 455 3537 legem
484 3459 597 3518 volenti
627 3459 698 3518 mibi
726 3459 829 3520 fecere
857 3457 973 3519 bonum
998 3457 1043 3532 (id

129 3545 190 3612 est,
218 3537 460 3622 impunitatem),
483 3540 627 3618 quoniam
660 3543 732 3602 mihi
761 3542 875 3602 molum
907 3539 956 3616 (id
990 3546 1042 3616 εει,

129 3623 249 3694 poena)
273 3618 403 3684 adiacet.
447 3621 746 3688 condelectorcuim
758 3623 819 3706 legi
832 3623 900 3704 Dei,
924 3621 1042 3702 (idest,
