2252 4006
143 167 202 237 284
448 173 592 230 Rcmlutio
611 171 714 245 disput.
734 173 768 230 ris

144 327 321 407 praedicare
343 329 512 408 Apostolus
534 328 670 410 appellat
690 329 871 407 illuminare,
895 323 936 392 ad
956 325 1057 390 Gelos·

144 428 249 470 sauses
271 412 378 492 primo.
634 425 636 430 '

390 547 516 608 Decima
541 567 623 609 nona
645 547 822 611 Conclusio

226 663 480 724 Sacramenta
515 669 605 725 novi
645 667 872 726 testamenti
906 666 1060 744 promit·

143 751 231 806 tunt
253 747 447 823 ominibus,
482 747 573 808 dant
601 767 691 808 vero
714 749 837 807 solum
862 747 1062 807 credenti·

143 827 211 888 bue
242 831 417 908 gratiam.
472 826 637 892 Probatur:
670 830 750 906 Quia
783 829 908 891 verbum
942 829 999 890 Dei
1036 839 1063 889 et

143 914 318 990 promissio,
341 913 420 972 sicut
440 916 531 974 etiarn
555 923 749 974 sacramenta
771 913 912 974 omnibus
935 912 1062 973 offerun-
1117 983 1118 988 η

141 1003 200 1072 tur,
223 993 322 1074 dignis
345 996 528 1076 etindignia
573 997 730 1057 Vocantur
744 1015 851 1056 omnes
873 995 912 1054 ad
935 997 1064 1074 nuptias,
1117 993 1118 1076 ᾗ

143 1077 221 1136 sicut
241 1079 357 1153 vestiti,
379 1079 421 1137 ita
442 1098 505 1140 non
528 1081 627 1138 vestiti
651 1086 737 1139 veste
760 1078 903 1158 nuptiali,
930 1077 988 1138 sed
1011 1078 1063 1136 soli
1117 1082 1118 1106 ¹

144 1159 306 1220 credentes
329 1162 483 1241 acciplunt
496 1163 636 1242 gratiam,
659 1181 726 1221 cum
745 1160 883 1221 sinefide
905 1161 1064 1239 sitimpos·

143 1241 230 1302 sibile
261 1243 383 1322 placere
410 1244 488 1306 Deo.
538 1244 569 1305 si
597 1247 676 1304 enim
706 1245 794 1305 Rom.
827 1246 864 1306 14
892 1243 979 1303 cibus
1003 1261 1064 1302 cor·

141 1324 256 1404 poralis
279 1325 418 1404 damnat,
445 1329 470 1387 si
493 1335 580 1388 extra
603 1327 694 1388 fldem
719 1326 934 1401 manducatur,
959 1333 994 1385 ut
1014 1325 1063 1384 ibi·

143 1407 211 1467 dem
235 1407 322 1468 dicit:
345 1407 403 1484 Qui
420 1418 520 1468 autem
536 1410 659 1484 iudicat,
682 1411 705 1468 si
719 1409 962 1486 manducaverit,
987 1408 1066 1467 dam·

142 1498 231 1550 natus
254 1498 314 1567 est,
338 1511 429 1551 omne
450 1495 548 1570 enirn,
578 1492 660 1571 quod
683 1511 744 1552 non
769 1501 814 1552 est
837 1511 876 1552 ex
899 1490 977 1566 lide,
1000 1509 1064 1571 pec

143 1581 243 1633 catum
267 1582 330 1646 est,
359 1584 473 1651 quanto
498 1578 595 1656 magis
618 1577 642 1635 si
666 1582 752 1634 extra
774 1573 865 1634 fidem
889 1593 1063 1633 sacramen·

141 1662 204 1716 tum
229 1657 407 1738 perceperit.
450 1657 507 1718 Hic
536 1659 615 1718 enirn
640 1658 777 1718 Christus
805 1657 885 1717 dicet
907 1657 1063 1716 omnibus:

140 1737 225 1798 Sicut
246 1739 418 1816 credidisti,
451 1742 496 1799 sic
519 1740 572 1800 liat
604 1742 667 1800 tibi.
711 1740 833 1800 Scilicet
866 1741 890 1798 si
914 1738 1016 1798 credis
1039 1749 1064 1797 te

139 1822 267 1900 gratiam
280 1824 411 1901 assequi,
437 1825 651 1901 consequeris3
672 1825 843 1897 sinautem,
858 1820 1063 1892 damnaberis.

336 1957 489 2018 Vicesims
511 1957 677 2018 Conclusio
700 1965 730 2018 et
753 1958 867 2019 ultima.

223 2075 348 2134 Recte
370 2073 516 2134 dictum
539 2082 614 2152 est,
644 2082 891 2134 sacramenta
911 2074 1063 2132 veteris

140 2159 368 2217 testamenti
406 2176 479 2217 non
517 2155 788 2232 laetificasse,
829 2157 990 2216 etiamsi
1026 2157 1060 2214 in

139 2238 220 2298 lide
236 2247 272 2298 et
294 2241 465 2300 caritate
486 2240 638 2302 fierent.
671 2239 922 2318 Haecpatenlex
938 2238 1062 2299 conclu·

138 2323 226 2381 sione
251 2319 306 2399 133
329 2324 400 2400 quia
410 2322 462 2381 illa
474 2328 667 2384 sacramenta
681 2329 733 2381 aut
745 2320 858 2381 flebant
871 2329 942 2381 ante
961 2319 1062 2390 fidem,

139 2412 193 2463 aut
213 2415 284 2482 post
306 2404 405 2465 fidem,
451 2403 482 2464 Si
515 2409 586 2464 ante
618 2403 725 2481 fidem,
759 2403 831 2463 nihil
863 2404 1004 2463 lecerunt
1026 2402 1060 2462 ad

140 2486 402 2560 iustificationem,
437 2504 527 2565 quarn
561 2486 627 2547 sola
654 2485 729 2546 fides
752 2486 862 2562 donat,
896 2493 927 2544 ut
950 2485 1060 2544 dictum

140 2575 200 2644 est,
223 2571 248 2628 si
271 2576 341 2649 post
363 2569 465 2644 iidem,
485 2570 545 2628 iam
569 2577 654 2628 erant
677 2588 772 2648 opera
794 2578 824 2628 et
842 2569 957 2627 fructus
981 2570 1059 2627 iusti·

138 2651 300 2726 flcaticuis,
323 2671 383 2711 non
398 2661 499 2712 antem
522 2651 767 2711 iustificationem
785 2650 948 2712 faciebant.
993 2650 1057 2710 Non

138 2735 219 2792 enim
242 2736 338 2794 iustas
362 2742 441 2801 arat,
471 2735 542 2813 quia
563 2733 616 2794 illa
637 2732 787 2810 faciebat,
821 2733 875 2794 sed
907 2733 960 2793 illa
993 2732 1059 2792 ideo

139 2817 219 2876 iusta
241 2824 342 2893 erant,
377 2819 448 2895 quia
469 2815 647 2876 iustificatos
671 2814 838 2894 perfidem
860 2834 898 2875 aa
921 2815 1059 2876 faciebat.

140 2897 226 2958 Sicut
248 2901 439 2959 consecratio
469 2899 572 2958 altaris
602 2917 663 2958 non
685 2898 758 2958 facit
779 2899 976 2978 episcopum,
1008 2897 1059 2956 sed
1112 2941 1113 2944 η

140 2983 304 3060 episcopus
326 2982 398 3041 lacit
422 2981 696 3042 consecrationem.
739 2981 780 3042 Et
800 2982 878 3040 sicut
901 2999 1057 3040 consecra·

139 3065 192 3136 tio,
215 3065 333 3124 etiamsi
347 3063 433 3123 fieret
445 3065 483 3123 ab
496 3063 644 3142 episcopo
658 3063 798 3124 omnibus
813 3063 949 3123 vestibus
965 3063 1057 3124 sacris
1111 3131 1112 3136 η

138 3145 245 3206 induto
268 3154 298 3206 et
310 3149 413 3206 omnia
428 3147 573 3224 requisita
585 3145 718 3220 facienti,
741 3164 801 3206 noo
815 3152 916 3205 tamen
930 3164 985 3225 per
1005 3145 1059 3204 hoc

137 3228 253 3290 faceret
287 3230 465 3309 episcopum
504 3247 573 3287 esse
614 3231 812 3309 episcopum,
853 3227 906 3286 sed
947 3229 1057 3307 episco-

138 3311 198 3390 pus*
218 3313 278 3370 iam
301 3318 365 3388 est,
397 3314 438 3369 ita
461 3310 513 3369 illa
536 3328 645 3388 opera,
681 3309 913 3388 quamtumlibet
943 3311 1055 3368 aiusto

139 3389 267 3468 fiebant,
299 3410 360 3452 nou
391 3391 544 3451 faciebant
572 3393 700 3469 iustum,
736 3392 790 3453 sed
812 3393 871 3452 iarn
896 3411 950 3472 per
972 3391 1055 3452 fldem
1110 3395 1111 3400 ’

139 3474 235 3533 iustus
272 3481 353 3550 erat,
392 3474 442 3551 qui
482 3472 533 3532 illa
574 3473 713 3534 iaciebat.
775 3474 863 3534 Adeo
897 3481 993 3533 totum
1028 3476 1053 3532 in
1110 3479 1111 3533 l

142 3553 202 3612 tide
223 3555 323 3614 inlusa
343 3553 457 3632 pendet
486 3556 653 3633 negotium.
701 3555 781 3619 Male
812 3574 886 3636 ergo
917 3556 1056 3616 damnant

143 3633 320 3713 Magistrum
342 3635 380 3697 D.
402 3634 577 3697 scholastici
598 3638 629 3698 iu
651 3637 739 3699 huius
752 3639 971 3720 propositionis
995 3658 1053 3700 sen·
