2252 4006
307 205 449 262 Ambrosii
468 202 577 260 Gathar.
597 219 621 258 a
645 201 722 260 1521.
921 197 985 266 309

48 364 231 438 aratorum,
260 360 417 422 hominum
435 357 546 432 ,studiis
565 363 716 439 paratum.
758 355 860 418 liures
881 355 986 420 ebulli-

48 450 118 520 unt,
142 453 177 506 et
198 445 406 526 prominentes
429 442 549 504 extales
572 461 675 504 eorum
691 445 880 521 putresount,
902 461 986 502 reve-

50 524 126 586 letis
152 527 411 608 cogitationibus,
441 535 471 587 et
493 525 640 587 doctrinis
662 525 727 584 istis
748 524 913 604 impietatis
935 543 985 585 eo-

48 629 124 670 rum
150 609 399 691 graveolentibus
421 610 452 670 in
481 616 546 670 toto
578 608 662 670 orbe.
705 607 806 670 Unum
828 608 984 686 negotium

46 691 177 754 habeut
207 694 306 753 miseri
330 691 475 768 (lethaei,
511 701 542 752 ut
571 698 679 752 eontra
701 691 778 751 hoen
805 690 863 750 sibi
895 691 984 752 sellas

46 775 209 855 pelliosss
231 776 353 839 laniant.
397 775 448 836 sie
469 776 549 837 enim
573 774 796 838 etOetharinus
818 772 941 853 pellifex
955 779 987 834 et

46 857 183 920 sellifex
203 860 263 920 hoo
285 859 361 921 libro
384 878 446 921 uon
469 860 526 920 nisi
547 858 653 919 infelix
674 855 850 936 pellifioium
873 863 903 918 et
926 856 986 920 sel·

47 939 188 1004 lilioiurn
211 962 309 1004 vanae
331 942 532 1019 defensionis,
554 941 779 1017 excusationis,
801 940 985 1002 oonsolatio-

48 1026 102 1084 nis
128 1045 189 1107 pro
211 1025 404 1087 tenutissimo
427 1025 512 1088 idolo
541 1031 572 1086 et
593 1023 740 1086 doctrinis
762 1025 826 1084 eius
856 1023 984 1088 laborat

51 1106 122 1170 Sed
148 1110 244 1172 instat
265 1128 373 1170 manus
395 1108 520 1170 Domini
544 1108 619 1170 dura
640 1127 732 1188 super
753 1126 818 1180 eos,
839 1125 900 1168 uon
923 1125 986 1168 aas·

52 1199 185 1270 satura,
219 1191 317 1253 donea
339 1192 428 1253 nobis
449 1211 552 1253 aream
575 1192 729 1252 remittent
750 1190 888 1251 illaesam
916 1208 985 1250 oum

50 1277 127 1335 anis
153 1283 184 1336 at
206 1275 339 1337 muribus
359 1276 469 1350 aureis,
491 1294 546 1355 per
562 1275 788 1336 confessionem
801 1273 986 1350 ignominio-

51 1378 112 1419 sae
136 1359 302 1440 impietatis
325 1365 356 1418 et
377 1358 606 1420 mendaciorum
630 1376 765 1418 suorum.

146 1441 242 1504 Diues
264 1446 383 1502 autem:
405 1441 437 1502 Si
460 1441 593 1502 ecelesia
614 1447 681 1503 tota
702 1446 750 1500 est
769 1441 800 1500 in
817 1439 933 1519 spiritu,
956 1444 988 1500 et

53 1543 108 1585 ras
140 1526 267 1588 omniuo
297 1523 480 1605 spiritualis,
511 1542 603 1587 nemu
639 1542 713 1604 ergo
747 1541 840 1584 nosse
866 1522 987 1601 poterit,

55 1607 111 1667 ubi
137 1609 178 1669 sit
199 1607 260 1670 ulla
281 1608 346 1668 eius
368 1627 439 1688 pars
461 1608 491 1667 in
503 1614 569 1668 toto
591 1606 675 1684 orbe,
697 1604 988 1684 quodvehementer

55 1691 231 1752 absurdum
255 1699 311 1752 est.
354 1691 432 1752 Nam
443 1689 513 1751 ideo
526 1709 638 1771 papam
653 1689 826 1763 asserimus,
848 1693 881 1748 ut
902 1694 986 1748 oerto

53 1773 133 1836 loeo
158 1774 320 1836 eoelesiam
349 1774 476 1834 inveniri
507 1772 606 1834 lineat
650 1771 773 1850 Alioqui
802 1770 873 1850 quid
897 1769 989 1832 dooet

54 1855 259 1934 christani),
288 1875 362 1919 oves
383 1875 527 1937 paleare,
561 1865 590 1916 et
611 1856 722 1918 Paulus
753 1854 916 1914 eaoleeiam
938 1873 986 1914 ra·

53 1960 150 2021 gera,
186 1947 216 2000 et
235 1941 340 2002 Petrus
373 1959 499 2020 gregem
527 1938 638 2000 (ihristi
674 1956 823 2018 pasoere,
860 1937 887 1996 si
920 1956 989 1998 nus-

56 2042 154 2102 qusm
189 2025 219 2084 in
255 2023 336 2084 orbis
367 2023 457 2084 oertis
489 2029 633 2102 poterunt
658 2020 736 2082 loeis
769 2020 897 2080 inveniri
933 2020 987 2080 ha·

56 2105 196 2166 bitantes
226 2106 425 2186 oorporaliter
456 2104 584 2166 fldelesi
619 2104 694 2180 Quis
727 2103 807 2164 enim
834 2101 988 2182 spiritibus

56 2188 242 2269 praedicet?
272 2197 324 2250 aut
345 2190 413 2269 quis
434 2189 557 2269 spiritus
585 2188 674 2248 nobis
704 2185 883 2267 praedieat?
916 2184 989 2248 Gor·

57 2290 119 2352 pus
143 2290 217 2353 ergo
230 2279 261 2332 et
276 2273 378 2334 looum
389 2271 564 2334 necessario
575 2269 853 2349 habebiteoolesia,
876 2266 989 2328 deinde

57 2356 140 2416 inter
161 2373 293 2437 eorpora
314 2363 346 2416 et
366 2355 436 2416 lona
457 2354 590 2434 aliquem
606 2355 737 2434 primum
760 2351 861 2413 looum
885 2356 917 2411 et
931 2351 989 2432 pri·

57 2455 145 2499 mum
169 2456 290 2518 eorpus.

146 2519 349 2601 Respondeo:
372 2518 554 2600 Quanquam
576 2518 707 2580 ooalesiu
728 2518 759 2578 in
783 2535 874 2578 earne
897 2517 989 2593 vivat,-

62 2611 169 2667 taman
191 2622 254 2664 nou
278 2603 445 2665 seeundum
469 2621 591 2664 earnem
615 2603 706 2681 vivit,
728 2607 760 2662 ul
784 2599 895 2662 Paulus
918 2599 991 2660 dicit

61 2685 132 2748 Gal.
164 2689 192 2750 1.
222 2694 253 2747 et
282 2687 311 2749 2.
334 2685 472 2750 Corinth.
503 2684 592 2760 10.1)
636 2687 682 2745 lta
713 2685 744 2745 in
778 2683 865 2764 loeo,
900 2681 989 2744 rebus

62 2768 271 2850 operibusque
283 2767 388 2829 mundi
409 2776 556 2847 vereatur,
574 2767 628 2828 sed
650 2787 713 2828 non
728 2766 896 2828 seeundum
912 2766 990 2828 baon

62 2852 252 2915 aestimatur.
299 2851 435 2914 Christus
450 2853 529 2912 enim
543 2870 665 2913 omnem
688 2850 790 2912 looum
806 2848 896 2924 tollit,
920 2850 990 2910 dum

63 2934 155 2995 dioit:
170 2933 226 3014 *1)
250 2933 391 3015 Regnum
403 2933 461 2996 Dei
483 2954 545 2996 uon
568 2935 651 2995 venit
671 2952 741 2995 oum
764 2932 991 3006 observatione,

63 3036 166 3098 neque
195 3017 313 3097 dioeut,
348 3018 397 3079 hio
424 3025 476 3078 aut
504 3017 555 3078 hin
584 3025 641 3078 est.
690 3016 729 3076 lit
758 3033 833 3078 eoos
863 3035 990 3095 regnum

64 3101 122 3161 Dei
144 3100 224 3162 intra
246 3117 302 3162 vos
323 3108 379 3164 est.
429 3099 468 3162 lit
496 3099 608 3162 Paulus
637 3118 728 3160 omne
760 3117 871 3180 eorpus
902 3097 991 3172 tollit,

66 3183 137 3244 dum
162 3181 338 3263 dicitii*):
360 3183 428 3246 Non
452 3189 497 3244 est
520 3201 722 3262 personarum
745 3183 886 3262 aooeptio
910 3179 992 3260 apud

66 3265 176 3329 Deum.
220 3265 304 3328 Siout
326 3267 406 3328 anim
434 3266 566 3328 eonlesin
597 3267 662 3326 sine
684 3283 756 3326 esau
779 3270 810 3326 st
829 3271 910 3345 potu
928 3281 989 3324 non

67 3356 114 3409 est
136 3351 167 3410 in
191 3348 250 3410 hoo
272 3349 343 3425 vita,
366 3358 397 3412 et
420 3357 521 3411 tamen
543 3368 670 3429 regnum
686 3349 744 3409 Dei
766 3366 827 3409 non
849 3355 896 3408 est
918 3365 991 3407 esea

123 3560 155 3614 11
176 3557 208 3611 ln
227 3557 269 3612 sd.
289 3560 375 3626 σήμ
395 3558 532 3614 etcorin.
555 3560 578 3614 1.

123 3629 154 3696 ⁸)
178 3628 274 3682 Iohen.
298 3630 343 3684 21.
380 3631 458 3686 Aeto.
487 3632 530 3690 20.
571 3637 591 3687 1.
621 3631 676 3687 Pel.
707 3629 731 3689 5.
777 3627 821 3698 ⁶⁶)
852 3625 917 3680 Luo.
949 3625 991 3686 17.

74 3701 137 3770 “0)
159 3699 247 3756 oua.
265 3700 293 3758 2.
