2262 4006
219 193 233 292 ,¹
292 219 436 275 Ambrosii
454 218 561 275 Gathar.
581 237 606 276 a.
626 221 705 277 1521.
903 183 964 282 375

43 381 292 457 praesumuntur.
336 375 376 436 Et
397 376 473 436 haec
495 383 541 436 est
563 376 657 439 altera
670 375 967 436 machinavastatio·

43 461 90 519 nis
115 461 146 520 in
169 468 265 520 totum
289 457 394 520 orbem
419 459 639 539 grassabuuda,
663 460 733 539 quia
756 479 824 520 eum
847 459 905 519 hac
935 457 966 518 fl-

41 543 133 604 dncia
157 543 266 604 Christi
290 541 365 602 fides
388 563 449 603 non
474 542 627 620 subsistit,
649 543 773 618 deinde,
798 542 869 621 quia
893 542 967 601 mul-

41 627 174 685 titudine
198 627 298 705 legum
321 627 439 706 gravati
473 626 540 687 solo
565 645 658 706 opere
677 636 805 686 externo
820 624 969 686 obediunt

41 711 243 769 aversissima
266 709 433 786 voluntate3
463 718 494 768 ut
517 709 653 770 videmus
682 711 712 770 in
736 706 913 772 tumultibus
934 707 967 768 il-

41 792 77 851 lis
103 792 297 872 Vigiliarum,
319 793 490 871 Missurum,
506 793 666 868 Horarum,
689 800 751 852 tum
769 791 968 872 legendarum

41 883 105 934 tum
132 876 368 952 cantandarum,
390 876 420 935 in
445 875 552 955 quibus
577 883 662 936 tanto
686 876 791 936 taedio
817 873 968 952 laborant,

41 966 73 1018 ut
98 958 202 1018 nullus
225 958 312 1020 labor
336 959 429 1018 hodie
458 961 497 1020 sit
525 960 690 1020 molestior.
734 959 836 1020 Nihilo
867 965 968 1020 tamen

41 1043 146 1102 minus
168 1043 283 1102 instant
311 1041 456 1121 praefecti
484 1062 610 1121 operum
639 1044 765 1103 istorum
795 1043 968 1103 durissimo·

40 1144 109 1184 rum
137 1130 167 1184 et
189 1132 350 1186 exactores
373 1123 572 1186 crudelissimi
596 1133 720 1204 cogunt,
744 1125 968 1185 sineinte'rmis·

41 1209 135 1267 sione
156 1209 277 1288 operari
299 1208 387 1283 talia,
411 1227 490 1286 quae
513 1228 616 1268 coram
641 1209 707 1269 Deo
730 1229 791 1269 non
823 1209 881 1267 uisi
902 1227 968 1288 gra·

40 1292 91 1350 via
116 1301 190 1350 sunt
211 1299 349 1370 peccata,
373 1310 475 1351 coram
499 1291 673 1352 hominibus
690 1311 762 1352 vero
781 1289 864 1352 bona
875 1310 971 1371 opera

41 1383 71 1434 et
95 1374 249 1453 obsequia
272 1375 336 1436 Dei
380 1373 508 1436 Iuventa
530 1381 601 1433 snut
629 1374 678 1436 hic
707 1375 851 1436 lenimina
878 1393 969 1454 quae·

43 1457 115 1516 dam
143 1475 299 1532 sensuum,
321 1477 374 1540 per
397 1476 515 1554 orgapa
537 1459 652 1518 musica
681 1465 710 1517 et
741 1461 884 1519 cantuum
920 1478 969 1518 ve·

43 1541 184 1615 rietates,
208 1540 260 1598 sed
284 1539 356 1598 nihil
379 1540 418 1600 ad
441 1541 589 1620 spiritum,
612 1541 662 1621 qui
686 1539 777 1600 etiam
801 1540 969 1621 magisillis

42 1611 261 1702 exstinguitur,
283 1623 348 1683 istis
371 1623 604 1689 titillationibus
646 1624 694 1684 Ah
708 1622 836 1702 Christe,
854 1631 969 1703 quanto

41 1709 175 1787 impetu,
198 1713 292 1784 quant
294 1707 318 1763 is
281 1706 525 1767 texer·oitibus
548 1707 743 1786 impelluntur
770 1706 808 1768 ad
837 1726 969 1787 peccan-

42 1789 119 1849 dum
142 1796 174 1848 et
196 1788 399 1868 pereundum,
428 1810 482 1869 per
503 1790 710 1851 abominatam
733 1793 823 1850 istam
852 1789 969 1850 abomi-

42 1871 227 1932 nationem?
269 1871 384 1932 Horror
406 1873 576 1936 horrendus
605 1881 651 1934 est
672 1873 829 1934 intendere
856 1874 886 1932 iu
914 1873 970 1932 has

42 1955 274 2015 crudelissimas
303 1958 470 2034 voragines
504 1955 771 2033 conscientiarum,
805 1955 896 2015 tantis
929 1955 970 2014 la·

43 2037 174 2099 boribus
197 2041 396 2116 pereuntium.
441 2038 467 2099 Ο
496 2058 586 2118 quam
616 2039 742 2118 puerilia
772 2045 859 2107 sunt,
891 2057 971 2118 quae

43 2120 122 2181 olim
146 2119 357 2182 Manasses'et
379 2122 428 2181 alii
450 2141 538 2202 reges
561 2123 645 2217 impii
678 2119 908 2182 lustrationibus
939 2118 971 2179 fl-

43 2204 159 2264 liorum
182 2213 403 2283 peecaverunt,
426 2224 483 2264 nec
510 2205 646 2284 gentium
676 2203 971 2280 barbarissimarum,

45 2307 107 2347 nec
129 2285 375 2368 Laestrygonum
399 2287 549 2348 sacrificia
577 2287 780 2370 exsecrabilia
809 2307 876 2347 oum
906 2287 971 2346 istis

45 2371 163 2430 nostris
207 2371 336 2430 conferri
380 2378 518 2452 possunt
568 2370 724 2466 Contingit
765 2353 855 2431 nobis
896 2368 971 2429 illud

46 2451 180 2514 Christi
204 2453 327 2533 Septem
351 2453 511 2549 nequiores
535 2454 658 2532 spurtus
671 2453 786 2513 fuorunt
802 2454 973 2534 posteriora

45 2537 158 2616 peiora
181 2537 349 2615 prioribus,
382 2537 518 2616 peiores,
550 2537 690 2616 inquam,
720 2537 834 2616 septies
866 2555 971 2596 sumus

46 2627 169 2700 gentes,
192 2639 283 2700 quam
308 2628 378 2680 ante
400 2619 511 2680 Christi
533 2620 742 2699 cognitionem
763 2619 883 2679 fuimus.

134 2701 174 2762 Et
196 2710 227 2778 ut
249 2701 339 2763 finem
363 2702 457 2762 huius
473 2704 653 2763 vastationis
676 2703 834 2777 faciamus,
854 2720 916 2781 quo
931 2703 972 2760 vi·

48 2785 125 2846 deas
150 2786 223 2846 nihil
256 2805 318 2848 non
352 2805 419 2846 esse
454 2793 613 2866 peccatum
646 2791 677 2846 et
706 2785 908 2866 perditionem
941 2784 972 2844 in

47 2885 153 2962 papa,
181 2887 254 2928 ecce
282 2888 343 2930 nou
375 2867 473 2928 solum
497 2869 580 2948 leges
602 2888 676 2929 suae
705 2873 864 2948 peceatum
894 2874 974 2942 sunt,

48 2953 112 3012 non
138 2949 237 3012 solum
261 2971 358 3032 opera
381 2971 484 3035 earum
507 2959 635 3031 peccata
665 2959 752 3031 sunt,
782 2970 844 3011 non
874 2950 972 3010 solum

50 3053 149 3126 opera
172 3035 314 3094 simulata
337 3054 440 3096 aarum
464 3043 583 3094 etcum
608 3034 708 3095 taedio
729 3035 820 3110 facta,
843 3044 876 3094 ut
898 3033 973 3094 dixi-

51 3137 130 3194 mus,
153 3127 282 3197 peccata
304 3126 384 3196 sunt,
406 3120 473 3197 ipsa
497 3119 587 3176 etiam
606 3119 741 3197 praemia
764 3123 975 3198 peecatasunt

53 3199 150 3259 multo
175 3203 309 3260 omnium
333 3203 466 3262 maxima
491 3209 520 3259 et
541 3208 670 3279 peecata
699 3201 818 3261 minora
840 3199 974 3280 peccatis

53 3284 198 3342 maximis
222 3293 461 3345 remunerantur.
506 3282 633 3358 Quaeris
649 3281 827 3362 quomodo?
850 3281 973 3342 Dicam:

55 3361 220 3426 Barrabam
245 3366 392 3426 latronem
417 3366 570 3426 dimittunt
592 3385 653 3426 non
678 3367 811 3426 contenti
829 3365 928 3424 lesum
942 3363 973 3424 li-

55 3447 147 3528 gasse
169 3459 199 3508 et
221 3447 397 3528 perdidisse,
422 3449 480 3508 hoc
502 3456 566 3519 est,
600 3448 708 3526 vulgus
740 3447 799 3508 hoc
835 3444 976 3507 clericale

55 3531 222 3610 privilegiis
246 3533 351 3592 eximit
378 3531 416 3591 ab
440 3531 579 3590 omnibus
602 3530 744 3590 oneribus
767 3536 796 3590 et
819 3529 974 3590 laboribus

57 3614 230 3693 hominum,
265 3617 347 3674 utin
378 3615 457 3690 otio,
493 3614 655 3674 securitate
684 3613 901 3694 opulentiaque
930 3631 974 3672 se·

59 3699 248 3763 eudesimam
271 3697 438 3764 Sodomam
455 3696 567 3762 vivant.
612 3697 751 3784 Denique
766 3715 823 3757 nec
837 3714 974 3778 arguere,
