2254 4008
136 167 180 238 tt
394 173 806 244 massa-mmunamm

136 335 168 388 ει
188 327 268 390 hauc
290 330 387 408 ipsam
409 328 490 398 adeo
512 349 572 394 uon
596 337 744 410 tangunt,
757 338 790 392 ut
803 332 901 394 'edam
921 335 1063 390 asserant

136 412 220 491 impii
248 412 402 486 homiues,
431 433 492 473 non
525 413 636 475 debere
663 413 816 475 bominem
845 433 915 476 esse
942 419 1061 474 certum

136 494 175 556 de
195 497 610 576 remissione'pecoatorum,
638 517 692 558 seu
722 500 819 577 gratia
847 503 1061 558 sacramento·

136 599 217 652 rum,
255 599 316 658 qua
347 581 503 658 impietate
536 581 642 643 orbem
675 588 771 642 totum
802 581 995 657 dementant,
1032 583 1066 638 et

135 671 359 724 sacramentum
382 663 534 743 baptismi,
556 666 585 724 iu
604 684 665 744 quo
683 666 852 743 statprima
873 664 973 742 gloria
987 681 1065 722 con·
1088 729 1094 733 ,

135 746 281 806 scientiae
304 753 442 820 nostrae,
465 747 597 808 funditus
621 749 833 826 exstinguunt,
856 747 967 810 nedum
989 765 1065 824 cap·

135 829 246 901 tivant,
276 831 393 890 interim
422 832 608 895 insanientes
641 832 671 891 in
701 833 828 892 miseros
855 831 973 890 animas
997 829 1066 888 suis

135 913 384 987 contritionibus,
408 915 506 976 anxiis
529 914 790 993 confessionibus,
813 912 1067 989 circumstantiis,

134 996 402 1064 satisfactionibus,
425 997 579 1075 operibus,
601 1004 631 1058 et
652 997 681 1057 id
705 1017 802 1078 genus
819 996 942 1056 infinitis
959 996 1067 1074 nugis.

41 1121 43 1125 s
134 1078 209 1139 [dato
231 1098 305 1158 ergo
329 1080 461 1159 prudeus
483 1081 594 1157 lector,
618 1081 680 1142 imo
703 1087 897 1161 contempior
920 1079 1067 1158 Magistri

134 1163 353 1224 sententiarum
377 1163 427 1222 lib.
449 1165 469 1224 4
491 1183 560 1224 cum
585 1163 724 1232 omuibus
754 1165 817 1224 suis
846 1161 1068 1237 scribentibus,

134 1245 185 1322 qui
217 1251 335 1306 tantum
368 1246 405 1306 ds
439 1247 567 1306 materia
602 1253 634 1307 et
663 1248 761 1308 forma
795 1251 1067 1309 sacramentorum

133 1327 284 1403 scribunt,
308 1329 377 1390 dum
402 1331 517 1408 optime
539 1330 692 1404 scribunt,
717 1330 831 1407 idest,
855 1336 1009 1390 mortuam
1036 1334 1069 1386 et

134 1411 325 1472 occidentem
343 1412 461 1472 literam
474 1420 735 1484 sacramentorum
759 1418 901 1487 tractant,
923 1418 1068 1472 ceterum

134 1495 281 1573 spiritum,
303 1498 441 1556 vitamet
462 1515 560 1568 usum,
583 1497 614 1556 id
634 1501 691 1569 est,
703 1497 913 1575 promissionis
936 1494 1069 1554 divinae

133 1579 290 1638 veritatem
315 1585 345 1638 et
365 1585 500 1640 nostram
522 1579 615 1640 fidem
650 1598 774 1658 prorsus
803 1581 934 1639 intactas
971 1576 1070 1636 retin-

133 1668 238 1739 quunt.
353 1695 357 1713 r
752 1697 755 1705 ·

213 1743 294 1804 Vide
315 1746 429 1823 itaque,
459 1765 497 1804 ne
524 1751 554 1805 te
575 1745 682 1805 fallant
705 1763 832 1824 operum
854 1762 1011 1823 pompae,
1038 1749 1071 1802 et

129 1826 328 1890 humanarum
351 1828 548 1894 traditionum
564 1828 719 1902 dallaciae,
743 1835 776 1887 ιιι
798 1827 915 1886 veritati
936 1827 1071 1886 divinae

132 1917 165 1970 et
191 1909 263 1972 fidei
291 1920 362 1972 tuae
401 1931 461 1972 nou
480 1959 481 1964 1
497 1911 591 1972 iacias
624 1912 772 1974 iniuriam.
826 1909 936 1978 Aside
958 1928 1071 1970 sacra·

132 1999 302 2056 mentorum
326 1994 379 2054 tibi
401 1994 606 2074 incipiendum
630 2000 691 2069 est,
725 1995 791 2054 sine
811 1992 879 2054 ullis
903 1991 1072 2072 operibus,

132 2077 157 2136 si
179 2077 282 2137 salvus
311 2076 374 2138 fleri
404 2078 506 2153 voles,
536 2077 627 2142 fidem
663 2083 764 2137 autem
793 2076 861 2156 ipsa
891 2081 1073 2154 sequentur

133 2177 243 2239 opera,
275 2167 392 2236 tantum
420 2179 460 2220 ne
488 2161 577 2226 vitem
600 2160 715 2226 babeas
737 2159 846 2231 fidem,
877 2177 957 2237 quae
980 2177 1071 2238 opus

131 2248 179 2302 est
200 2243 334 2302 omnium
348 2262 474 2321 operum
486 2243 777 2306 eusebieutissimum
792 2249 822 2302 ει
833 2241 1072 2316 arduissimum,
1123 2303 1124 2306 ,

132 2343 193 2402 quo
218 2325 296 2399 solo,
319 2327 411 2386 etiam
434 2327 460 2388 ai
482 2329 591 2388 ceteris
614 2325 758 2389 omnibus
772 2345 877 2386 carere
893 2325 1073 2404 cogereris,

132 2406 310 2470 servaberis.
356 2407 411 2468 Est
432 2411 517 2474 enim¹
537 2428 614 2491 opus
637 2409 703 2486 Dei,
719 2427 787 2470 Ιιιοιι
810 2409 953 2482 bominis,
978 2408 1072 2467 sicut

130 2490 242 2552 Paulus
264 2489 369 2569 docet,
398 2498 503 2554 cetera
525 2492 688 2555 nobiscum·
718 2497 750 2554 ει
777 2509 916 2570 pennos
950 2507 1072 2569 opera·

131 2580 196 2645 tur,
225 2573 284 2634 boc
306 2576 429 2637 unicum
450 2576 481 2634 in
506 2575 611 2650 nohis,
644 2582 674 2636 et
704 2576 769 2637 siue
791 2573 880 2634 nobis
902 2579 1071 2653 operatur.

214 2656 262 2716 ux
290 2656 335 2716 bis
363 2659 524 2737 perspicus
560 2658 732 2718 discernere
766 2675 945 2736 possumus,
988 2655 1071 2734 quid

130 2741 208 2800 inter
231 2741 398 2805 ministrum
421 2741 576 2807 homiuem
598 2749 628 2800 et
655 2747 792 2802 autorem
816 2740 914 2801 Deum
936 2739 1073 2800 intersit

130 2823 161 2882 in
184 2821 376 2902 baptisando.
409 2824 511 2884 Homo
533 2825 612 2886 enim
626 2823 760 2901 baptisat
782 2828 812 2881 et
822 2841 884 2883 nou
902 2820 1071 2900 baptisat3

94 2932 97 2938 ·
130 2903 271 2984 baptisat,
294 2907 364 2984 quia
378 2906 494 2987 pertinit
507 2927 595 2986 opus,
618 2905 688 2967 dum
709 2906 818 2984 mergit
828 2904 1070 2984 baptisandum,

99 3007 192 3049 -non
216 2987 365 3067 baptisat,
399 2991 471 3069 quia
497 2990 716 3067 nou-fungitur
747 2991 778 3050 in
809 3007 845 3048 eo
879 3007 974 3066 opere
1005 3007 1072 3048 sua

131 3073 307 3147 autoritate,
327 3072 380 3132 sed
404 3074 471 3132 vice
494 3073 561 3134 Dei.
605 3071 692 3135 Unde
721 3077 843 3150 oportet
864 3089 921 3130 nos
944 3069 1071 3150 baptis·

132 3173 213 3214 mum
237 3153 275 3213 de
296 3175 388 3214 manu
409 3156 541 3216 hominis
570 3175 631 3216 uon
655 3155 743 3216 aliter
765 3155 935 3232 suscipere,
966 3171 1070 3232 quam

132 3238 158 3296 si
184 3237 251 3316 ipse
274 3238 426 3314 Christus,
455 3241 517 3301 imo
545 3241 613 3318 ipse
635 3238 720 3299 Deus
748 3256 805 3298 nos
833 3238 896 3296 suis
924 3239 1070 3315 propriis

134 3319 272 3380 manibus
299 3320 476 3400 baptisaret.
529 3320 596 3383 Non
633 3321 712 3380 enim
746 3320 877 3382 bominis
906 3327 968 3393 est,
1004 3319 1071 3380 sed

135 3401 244 3463 Christi
270 3409 300 3462 et
322 3404 379 3462 Dei
402 3402 585 3481 baptismus,
609 3421 698 3482 quem
726 3403 890 3481 recipimus
917 3421 974 3480 per
995 3421 1071 3463 ma-

135 3503 207 3544 num
237 3485 380 3546 bominis.
433 3485 518 3546 Sicut
546 3484 701 3564 quaelibet
729 3485 788 3544 alia
810 3492 976 3560 creatura,
998 3502 1072 3562 qua

135 3567 246 3626 utimur
266 3587 322 3646 per
343 3586 474 3629 manum
490 3569 623 3646 atterius,
645 3586 706 3629 nou
729 3575 775 3628 est
795 3568 853 3628 nisi
868 3568 934 3628 Dei.
975 3565 1073 3628 Cave

137 3666 221 3730 ergo,
243 3649 288 3712 sic
312 3648 467 3712 discernas
487 3649 681 3734 baptismum,
703 3657 741 3714 ut
757 3649 1072 3728 extorsum-bomini,
