2252 4006
231 192 418 276 ¹Responsum
441 207 570 261 Fridsrici
589 207 657 261 Duc.
679 206 744 261 Sex.
765 213 815 260 eie.
925 205 988 272 243

94 395 230 454 Brevia
255 395 582 454 Cornmernoretio
613 413 735 452 rerum
766 391 961 453 Coloniae

66 480 307 557 Agrippinae
344 479 377 535 in
414 475 525 536 Ubiis
572 487 764 554 gestarum
800 477 834 534 iu
870 494 988 536 causa

243 559 417 636 Lutheri,
447 561 553 618 Anno
575 559 614 620 M.
638 557 675 618 D.
697 555 808 634 XX.¹)

113 709 115 712 ·
148 695 206 755 Die
229 696 390 756 Dominiea
439 702 488 754 osi
515 693 623 752 iactum
647 693 781 752 omnium
805 693 986 753 Sanctorum

61 785 134 837 aute
178 779 332 839 meridiem
373 715 447 836 sud).
469 778 618 836 concione
654 775 805 837 lllusiriss.
840 776 985 857 Princeps

60 869 170 920 noster
192 861 360 921 Miderious
385 859 455 920 Dux
478 859 643 934 saxoniae,
666 860 742 918 sacri
766 859 986 938 Romlmperii

62 942 191 1004 Mlector
213 943 477 1003 Archimascalous
500 952 558 1002 etc.
587 943 657 1000 dum
688 943 730 1001 rei
754 943 875 1001 divinae
898 944 987 1002 inler-

58 1035 146 1085 esset
178 1026 261 1107 apud
295 1027 427 1087 Minores
466 1023 613 1084 Coloniae
647 1026 850 1106 Agrippinae,
895 1025 985 1104 paulo

58 1116 229 1188 postquam
252 1118 337 1170 esser
363 1109 511 1168 salulstus
542 1127 560 1166 a
582 1109 700 1186 magnis
728 1108 845 1186 aliquot
865 1107 986 1187 Imperii

58 1191 264 1272 Principibus·
285 1203 346 1253 tum
384 1191 478 1252 saeris
507 1208 597 1270 quam
630 1189 780 1274 prolenis,
811 1193 986 1269 supervenit

58 1278 155 1334 etiam
180 1275 313 1335 Marinus
328 1274 525 1336 Caracleolus
535 1271 579 1356 ²),
602 1273 757 1333 Pontificis
778 1272 889 1334 Leonis
912 1293 987 1334 uun·

8 1428 11 1434 Ι
57 1358 136 1418 cius.
182 1356 240 1433 Qui
263 1359 414 1418 sacrificio
436 1360 535 1436 primo
559 1355 682 1414 vixdum
705 1355 852 1416 inchoato
874 1356 912 1415 ad
936 1375 984 1416 an·

57 1440 208 1500 dieniiam
238 1440 389 1500 admissus
418 1457 521 1500 eoram
551 1448 582 1498 el
602 1439 788 1518 Tergemina
810 1447 841 1497 et
862 1439 986 1500 Triden-

14 1591 16 1595 .
56 1524 125 1582 tino
151 1523 325 1602 Episcopis,
347 1525 390 1582 ila
411 1521 566 1582 nonnullis
586 1521 732 1599 Principis
755 1523 849 1580 nostri
874 1540 892 1579 a
915 1541 985 1582 cou-

56 1605 134 1665 siliis
158 1604 503 1686 praesentibus‚·eidem
529 1604 658 1682 Prinoipi
679 1613 784 1664 uoslro
802 1604 899 1662 Breve
920 1604 985 1664 red·

55 1687 136 1748 didii
158 1690 372 1769 apostolicum.
417 1688 535 1748 Deinde
564 1689 656 1746 multu
680 1686 850 1765 praelatus,
880 1705 983 1765 preca·

55 1780 169 1851 iusque
201 1772 332 1851 Prinoipi
366 1774 464 1844 iussu,
492 1779 526 1831 ut
545 1769 681 1845 dicebat,
713 1768 804 1830 Rom.
827 1768 983 1830 Pontillcis

52 1857 177 1932 optima
199 1871 354 1934 quaeque,
377 1855 630 1914 commemoravit
653 1852 757 1912 laudes
780 1859 810 1911 et
832 1851 980 1932 Principia

54 1945 85 1996 et·
110 1939 261 1997 maiorum
293 1939 373 2020 eius,
406 1935 577 2015 quibusque
609 1937 722 1995 meritis
756 1934 921 2014 aliquando
952 1941 983 1995 el

53 2019 248 2100 beniguilale
276 2039 331 2100 per
352 2020 440 2082 Rom.
463 2018 640 2080 Pontificem
664 2017 826 2098 Imperium
850 2038 868 2079 e
890 2018 983 2080 Gree-

52 2103 98 2161 cis
123 2104 162 2163 ad
178 2102 349 2163 Germanos
372 2111 460 2170 esset,
475 2103 673 2179 translatum
698 2108 864 2181 postremo,
887 2120 982 2180 quan·

53 2194 121 2245 tum
145 2187 211 2266 spei
234 2191 317 2245 esset
337 2187 366 2244 iu
384 2185 522 2264 Principe
543 2186 603 2245 hoc
617 2194 723 2246 uoslro
745 2185 928 2244 collocatum
952 2196 983 2244 et

53 2278 276 2329 sacrosanctae
299 2269 448 2328 ecclesiae
470 2267 629 2328 Romanae
648 2267 817 2326 catholicae
840 2275 871 2326 et
891 2287 980 2328 sacro

54 2351 148 2412 Rom:
172 2352 315 2432 Imperio.
354 2352 409 2412 Oui
438 2353 481 2410 ila
503 2351 638 2430 loquenti
661 2350 700 2410 de
722 2351 889 2429 improviso
912 2369 981 2410 sese

55 2435 145 2495 addit
161 2435 372 2515 ,Hieronymus
407 2433 570 2494 Aleander.
624 2433 731 2512 ltaque
762 2433 896 2492 Marinus
923 2436 980 2495 suo

54 2518 235 2599 perfunctus
260 2537 383 2577 munere
416 2518 532 2595 reliqua
556 2511 669 2596 negotii
692 2516 793 2575 aiebat
815 2515 854 2575 ab
876 2516 982 2576 Hiero-

55 2619 152 2680 nymo
176 2601 331 2661 Aloandro
354 2600 494 2660 dicende.

141 2684 296 2744 Aleauder
317 2685 408 2764 igilur
441 2684 507 2764 ipse
535 2683 617 2762 loqui
641 2683 815 2762 auspicatus
849 2681 979 2762 Principi

56 2765 156 2825 Breve
174 2766 313 2843 reddidit,
336 2785 396 2844 quo
411 2766 578 2826 testabatur
591 2784 713 2824 causam
727 2764 846 2825 Martini
861 2765 979 2824 lutheri

56 2847 153 2908 Mucio
177 2849 295 2928 sibique
318 2850 521 2908 commissam.
567 2849 640 2908 Mox
653 2849 840 2928 provinciam
864 2867 881 2908 a
904 2847 980 2911 Pon-

56 2931 138 2990 unce
160 2930 250 2992 Rom.
272 2932 326 2990 sibi
351 2931 526 2992 mandatum
550 2931 688 3006 subiens,
721 2930 979 3008 quemadmodum

57 3013 150 3093 poulo
173 3023 245 3074 aute
267 3015 399 3074 Marinus
429 3015 557 3094 lecerat,
585 3014 754 3094 Principem
783 3015 892 3073 eteius
916 3035 980 3075 ma-

56 3098 136 3156 iores
161 3097 256 3157 mulla
278 3098 381 3174 evehit,
401 3097 498 3161 laude.
535 3097 651 3156 Deinde
665 3095 789 3172 addidit,
811 3097 841 3156 in
865 3105 978 3175 quanio

57 3179 232 3240 discrimine
261 3191 342 3241 esset
371 3183 429 3242 iam
458 3180 643 3261 Respublica
666 3177 837 3240 Chrisiiana
861 3179 978 3239 Martini

110 3412 122 3462 1
133 3419 141 3472 r
167 3410 239 3462 Haec
249 3411 401 3476 inscriptio,
412 3411 517 3475 quaein
530 3409 571 3462 ed.
580 3411 664 3477 princ.
675 3410 883 3472 uoninvanliur,
902 3421 977 3474 repe·

57 3484 103 3532 tila
122 3487 221 3534 estex
240 3481 284 3532 ed.
304 3479 625 3547 ian.0pp.Lurhe1-i‚iu
644 3482 686 3532 ed.
710 3483 795 3547 princ.
816 3481 889 3530 euim
909 3478 979 3532 lrsec

56 3552 140 3606 libelli
160 3568 224 3620 pars
244 3554 414 3606 inscribitur:
440 3552 614 3619 Responsum
641 3551 770 3604 Friderici
789 3549 869 3600 Ducis
890 3545 977 3602 Saxo·

57 3628 115 3678 uice
135 3625 285 3689 Electoris,
310 3624 402 3678 datum
424 3625 531 3692 begonis
550 3622 692 3676 Pontificio
713 3623 792 3674 Rom.
829 3621 862 3684 2)
884 3621 913 3672 lu
933 3619 976 3675 ed.

56 3697 130 3752 len:
150 3696 328 3752 caracciolus

771 3764 831 3828 16·
