2254 4008
134 155 177 222 42
397 121 530 228 os‘osps
550 156 807 226 smyrnum-s

136 320 207 373 sunt
240 312 328 374 simul
365 315 556 390 neeessaria,
591 313 754 392 promissio
786 319 817 376 et
850 312 939 376 fides.
989 311 1064 373 Sine

136 397 340 478 promissione
362 398 441 456 anim
465 396 547 458 oredi
570 395 643 456 nihil
665 402 776 476 potest,
797 395 937 461 sinelide
958 401 1062 457 autem

136 479 298 560 promissio
320 480 435 540 inutilis
458 487 519 557 est,
549 499 618 540 oum
642 499 694 560 per
723 479 814 542 iidem
839 479 1012 540 stabiliatur
1034 485 1066 537 et

136 563 307 644 impleatur.
351 564 398 624 Ex
428 562 537 642 quibus
559 563 663 625 itidem
692 563 781 624 faoile
809 563 908 642 quivis
936 560 1066 639 oolligit,

135 647 274 723 missam,
304 665 373 708 oum
402 647 441 706 sit
464 645 545 707 aliud
574 646 647 707 nihil
676 665 766 725 quam
795 646 977 726 promissio,
1003 644 1066 704 hae

66 739 69 746 “
135 729 195 790 lide
230 730 298 790 sola
327 730 403 792 adiri
431 737 461 790 et
488 730 687 809 frequentari,
725 731 792 794 sine
826 747 886 808 qua
913 725 1065 808 quidquid

134 813 342 893 precularum,
373 815 687 893 praeparatoriorum,
717 832 861 893 operum,
892 813 1066 892 signorum,

74 911 75 914 ’
135 902 275 975 gestuum
305 897 446 971 affertur,
482 895 639 956 irritabula
673 903 744 956 sunt
770 897 935 976 impietatis
963 894 1066 973 magis

135 998 226 1059 quam
257 979 361 1040 officia
388 981 523 1060 pietatis,
552 999 620 1040 oum
643 979 706 1039 fere
727 979 793 1056 liat,
824 979 925 1040 uthis
947 977 1066 1059 paratis

135 1063 311 1122 existiment
333 1082 402 1124 sese
424 1063 560 1142 legitime
582 1062 691 1124 altaria
712 1061 879 1135 assedere,
900 1069 932 1123 et
951 1079 1067 1124 revera

134 1164 197 1206 oon
219 1145 330 1206 inerint
368 1146 428 1206 ullo
457 1154 595 1226 tempore
621 1145 671 1206 vel
700 1163 793 1225 opere
824 1147 921 1224 magis
953 1143 1065 1223 inepti,

135 1235 260 1309 propter
281 1227 507 1308 infidelitatem,
536 1248 627 1308 quam
650 1247 754 1288 seeum
779 1227 916 1290 afferunt.
960 1226 1067 1302 Quan-

136 1319 183 1374 tos
205 1313 319 1392 possim
343 1312 446 1373 videas
469 1319 500 1373 et
513 1311 859 1391 quotidiesaorifioulos,
882 1313 944 1391 qui,
963 1310 991 1370 si
1013 1308 1068 1369 vel

134 1395 238 1476 inepte
260 1395 371 1473 vestiti,
394 1396 441 1456 vel
462 1394 556 1457 illotis
580 1394 734 1474 manibus,
765 1394 813 1455 vel
834 1397 912 1456 inter
933 1411 1066 1473 presan·

137 1477 207 1540 dum
236 1477 400 1540 titubantes
431 1477 502 1558 quid
535 1478 702 1539 leviusoule
731 1478 913 1553 erraverint,
944 1475 1066 1555 ingenti

135 1581 204 1623 sese
226 1563 326 1622 miseri
349 1562 475 1622 erimine
496 1580 566 1622 reos
589 1562 712 1624 faciunt.
756 1562 807 1640 At,
829 1560 911 1640 quod
934 1561 1065 1619 missam

135 1648 244 1725 ipsam,
266 1644 295 1705 id
320 1651 376 1722 est,
399 1645 531 1705 divinam
553 1645 804 1725 promissionem,
834 1662 932 1723 neque
955 1640 1065 1702 obser·

135 1737 224 1807 vaot,
246 1747 347 1808 neque
368 1727 511 1806 eredunt,
540 1746 664 1807 prorsus
690 1746 730 1787 ne
758 1726 907 1788 tantillum
937 1725 1064 1804 quidem

133 1810 248 1873 habent
269 1813 485 1872 eonscientiae.
519 1811 684 1890 Oindigna
705 1810 812 1890 religio
826 1815 931 1871 nostro
943 1807 1065 1885 seoulo,

134 1895 270 1955 omnium
292 1896 473 1974 impiissimo
496 1899 527 1954 et
548 1894 765 1974 ingratissimo.

215 1978 412 2058 Praeparatio
441 1979 544 2056 itaque
573 1976 666 2056 digua
694 1983 724 2036 et
745 1994 818 2036 usus
840 1975 975 2056 legitime
999 1991 1064 2034 non

134 2068 181 2123 est
201 2062 259 2120 nisi
282 2061 372 2138 fides,
401 2079 462 2139 qua
483 2059 615 2120 ereditur
637 2060 763 2137 missae,
794 2058 824 2118 id
847 2065 908 2134 est,
938 2057 1065 2117 divinae

132 2144 339 2226 promissioni.
392 2143 549 2225 Quooiroa
574 2161 753 2204 assessurae
782 2139 821 2202 ad
848 2141 959 2218 altare,
996 2139 1065 2199 sive

134 2233 359 2287 sacramentum
371 2233 562 2305 aooepturns,
585 2232 704 2304 osveat,
727 2243 766 2286 ne
783 2243 898 2285 vannus
911 2229 1065 2303 appareat

134 2311 163 2370 in
187 2316 356 2388 eonspeotn
368 2309 489 2370 Domini
503 2309 575 2387 Dei,
598 2327 713 2370 saeuus
727 2313 828 2368 autem
843 2307 908 2383 erit,
931 2304 1062 2366 sifidem

132 2411 196 2453 non
219 2391 361 2454 habuerit
382 2394 411 2452 in
431 2393 554 2454 missam
567 2411 620 2452 ssu
636 2397 850 2452 testamentum
862 2389 922 2468 hoe
934 2407 1064 2464 norum,

135 2493 196 2554 qua
228 2476 385 2554 impietate
414 2475 485 2554 quid
522 2481 629 2555 posset
659 2476 783 2554 gravius
807 2473 1001 2557 [committere
1031 2472 1061 2530 in

134 2557 266 2618 divinam
304 2560 480 2636 veritatem,
515 2577 606 2636 quam
642 2557 701 2618 hae
735 2555 947 2618 incredulitate
981 2553 1063 2614 sua?

136 2640 290 2717 Quantum
313 2648 359 2703 est
381 2643 412 2701 in
435 2661 484 2719 se,
512 2640 692 2702 mendaeem
716 2641 816 2720 arguit
837 2644 868 2698 et
888 2655 968 2698 vane
991 2654 1063 2717 pro·

134 2724 313 2786 mittentem.
362 2725 558 2784 Tutissimum
586 2724 691 2802 itaque
724 2723 829 2800 fuerit,
864 2719 903 2783 ad
933 2721 1063 2780 missam

116 2825 196 2879 ,non
224 2807 285 2868 alio
314 2809 417 2868 animo
444 2805 606 2882 aooedsre,
635 2824 727 2885 quam
756 2806 781 2865 si
808 2804 847 2865 ad
874 2802 1063 2865 audiendam

134 2889 302 2968 quemlibet
329 2889 420 2950 aliam
450 2890 684 2970 promissionem
708 2889 766 2949 Dei
793 2887 870 2949 velis
900 2885 1062 2965 soosdere,

133 2972 194 3033 hoo
216 2979 272 3051 est,
293 2979 327 3033 ut
348 2978 473 3054 paratus
497 2973 547 3049 sis,
566 2990 627 3032 noo
644 2971 737 3032 multe
751 2971 870 3050 operari
893 2977 922 3030 et
941 2968 1064 3044 afferre,

134 3055 189 3116 sed
212 3057 316 3117 omnia
337 3055 462 3116 eredere
484 3062 515 3116 et
536 3055 693 3135 aeoipers,
720 3072 800 3134 quae
829 3053 882 3114 tibi
904 3053 966 3114 illie
988 3071 1063 3132 pro-

134 3139 308 3215 mittuntur,
329 3158 384 3199 seu
405 3140 557 3218 promissa
573 3139 821 3217 pronunciantur,
844 3155 898 3216 per
926 3137 1062 3196 ministe-

133 3223 210 3283 rium
233 3221 411 3283 saeerdotis.
454 3222 522 3282 Hoo
544 3221 646 3282 animo
677 3221 702 3280 si
731 3239 792 3280 non
816 3221 952 3298 veneris,
983 3236 1063 3280 oave

135 3306 313 3382 aooesseris,
335 3306 365 3364 io
388 3304 531 3364 iudioium
554 3304 620 3363 sine
642 3302 734 3362 dubio
752 3301 892 3364 aooedes.

218 3388 314 3448 Reote
335 3388 439 3464 itaque
462 3386 540 3460 dixi,
571 3392 666 3446 totem
694 3386 834 3446 virtutem
855 3385 967 3444 missae
990 3402 1064 3444 oon·

136 3471 245 3529 sistere
264 3470 296 3534 in
317 3467 419 3530 verbis
433 3468 553 3546 Christi,
575 3467 683 3546 quibus
701 3473 828 3528 testatur
848 3467 1062 3528 remissionem

138 3558 337 3631 peecatorum
365 3550 471 3611 donari
502 3549 659 3624 omnibus,
694 3551 745 3626 qui
773 3549 915 3627 eredunt,
949 3566 1063 3626 eorpus

139 3635 204 3698 eius
227 3634 304 3697 tradi
331 3641 361 3696 et
383 3635 562 3718 sanguinem
591 3634 655 3694 eius
682 3632 765 3694 fundi
793 3651 915 3715 prose.
959 3633 1064 3714 Atque
