2254 4008
297 203 332 263 D.
350 205 384 258 ll.
403 205 485 261 Luth.
504 204 686 260 Prseludium.
913 203 954 272 21

50 380 74 420 re
98 359 265 420 felicissime
296 367 500 441 occupantur:
540 380 599 440 ego
626 360 808 442 procedam,
837 369 867 422 et
895 362 956 422 iarn

50 441 171 504 conabor
192 443 366 520 ostendere,
390 463 496 506 omnes
510 463 578 504 esse
590 445 710 524 impios,
734 446 783 524 qui
802 445 957 525 utriusque

49 527 146 606 speciei
179 529 427 589 communionem
461 529 545 588 laicis
580 527 742 608 denegant.
800 527 890 604 Quod
923 535 959 589 ut

49 609 224 671 commodius
248 610 372 690 faciam,
398 611 575 692 praeludam
599 611 637 670 de
659 611 837 690 captivitate
860 611 957 673 eccle·

48 696 99 753 siae
119 693 292 766 Romanae,
321 714 377 756 suo
406 701 544 775 tempore
574 695 698 755 daturus
728 694 874 774 plurima,
906 693 957 755 ubi

48 778 173 856 papistae
196 777 363 838 doctissimi
387 779 468 838 huuc
491 777 597 838 librum
620 778 839 857 superaverint.

115 859 182 919 Hoc
204 868 306 920 autem
321 860 411 936 facio,
434 882 482 936 ne,
505 863 528 920 si
551 862 619 940 pius
642 861 751 939 aliquis
774 859 870 920 lector
884 859 958 920 mihi

47 943 122 1003 luerit
150 941 287 1024 obvius,
320 942 502 1004 offendatur
532 942 716 1004 stercoribus
759 944 824 1002 istis
859 963 878 1004 a
910 961 960 1003 me

48 1027 188 1102 tractatis,
210 1033 241 1086 et
262 1027 340 1088 iuste
364 1034 521 1106 queretur,
550 1046 619 1087 sese
641 1026 713 1086 nihil
736 1025 855 1106 legere,
876 1025 960 1106 quod

47 1117 87 1168 aut
106 1109 264 1190 ingenium
286 1110 370 1171 colat
397 1117 426 1170 et
456 1109 573 1170 erudiat
595 1116 647 1170 aut
678 1109 787 1170 saltem
817 1109 958 1170 occasio-

47 1211 103 1251 nem
131 1191 184 1252 det
213 1194 337 1252 eruditis
361 1192 607 1273 cogitationibus.
651 1191 717 1253 Scis
739 1193 838 1272 enim,
865 1211 959 1272 quam

46 1276 138 1354 iniquo
168 1276 272 1335 animo
302 1275 402 1336 lerant
435 1277 540 1354 amici,
573 1296 622 1336 me
649 1276 795 1356 occupari
832 1275 959 1337 istorum

45 1357 189 1419 bominum
213 1357 344 1419 sordidis
357 1359 499 1438 strophis,
522 1378 598 1439 quas
620 1359 688 1439 ipsa
704 1359 835 1419 lectione
857 1358 961 1418 dicunt

47 1440 156 1501 abunde
184 1441 351 1516 confutari,
385 1461 404 1502 a
433 1461 481 1502 me
513 1461 586 1502 vero
616 1442 744 1502 meliora
775 1443 959 1522 exspectari,

47 1531 236 1602 quaesatan'
259 1544 390 1604 percos
419 1531 517 1586 tentet
543 1524 699 1606 impedire.
742 1523 859 1586 Horum
889 1543 960 1586 con·

46 1607 103 1666 eilia
124 1606 248 1668 tandem
272 1615 417 1668 statutum
440 1614 487 1668 est
508 1609 604 1688 sequi,
627 1615 657 1668 et
679 1605 799 1669 rixandi
815 1607 960 1669 invehen-

44 1689 122 1768 dique
144 1692 303 1770 negotium
327 1690 525 1752 crabronibus
547 1693 613 1751 istis
635 1691 816 1771 relinquere.

116 1773 164 1833 De
190 1772 245 1834 illo
274 1773 353 1834 Italo
391 1774 483 1834 fratre
511 1774 710 1835 Cremonensi
742 1773 816 1834 nihil
850 1773 960 1854 dicam,

44 1854 116 1934 quod
136 1855 231 1927 homo
254 1856 386 1937 simplex
408 1856 547 1917 etidiota
569 1857 685 1935 aliquot
707 1856 779 1917 loris
800 1855 960 1918 rhetoricis

47 1957 87 1998 mc
109 1945 239 1999 conatur
260 1938 298 1998 sd
321 1939 573 2002 sanctamsedem
595 1958 752 2018 revocare,
774 1957 865 2019 aqua
887 1958 961 2000 non·

44 2021 104 2081 dum
134 2040 183 2082 nie
215 2023 380 2084 recessisse
409 2022 481 2084 mihi
508 2025 649 2084 conscius
672 2042 756 2102 sum,
787 2041 845 2083 nec
883 2022 960 2082 ullus

44 2107 298 2165 commonstravit.
355 2107 428 2185 Agit
457 2107 536 2167 enim
570 2106 761 2186 potissimum
795 2105 873 2166 locis
901 2105 960 2164 illis

44 2187 184 2264 ridiculis,
217 2186 299 2267 quod
328 2191 428 2267 gratia
448 2189 647 2269 professionis
670 2206 757 2248 meae
789 2195 819 2248 et
840 2188 961 2268 imperii

47 2269 79 2329 ad
106 2269 279 2331 Germanos
306 2272 443 2332 translati
473 2270 601 2332 debeam
631 2271 829 2333 commoveri.
871 2270 962 2330 Vide-

47 2361 146 2432 turque
168 2355 311 2428 omnino,
344 2372 405 2414 non
435 2362 496 2414 tam
525 2356 584 2414 mei
612 2354 840 2415 revocationem
870 2372 962 2434 quarn

47 2435 143 2497 landes
165 2435 325 2498 Gallorum
355 2443 386 2498 et
408 2436 538 2498 Romani
560 2436 717 2498 Pontilicis
747 2436 880 2498 scribere
907 2455 961 2497 vo·

6 2563 7 2568 .
48 2518 140 2580 luisse.
184 2519 240 2580 Oui
260 2519 497 2620 permittendum
520 2528 582 2597 est,
613 2525 646 2580 ut
666 2519 726 2582 hoc
759 2519 962 2599 qualicunque

48 2602 189 2682 opusculo
224 2602 404 2682 obsequium
432 2622 519 2663 suum
541 2609 678 2665 testetur.
730 2602 796 2663 Nec
831 2610 962 2663 meretur

6 2721 7 2728 κ
49 2683 114 2745 dure
133 2686 275 2762 tractari,
296 2685 372 2764 {cum
394 2686 478 2746 nulle
505 2686 622 2748 malitia
647 2686 785 2747 videatur
806 2686 872 2766 agi,
904 2703 962 2745 nec

49 2767 155 2829 emdite
182 2768 350 2846 contutari,
382 2787 450 2829 cunr
487 2788 572 2830 mera
602 2771 723 2830 inscitia
751 2777 782 2829 et
808 2768 961 2849 imperitis

6 2857 7 2928 ξ
49 2857 173 2932 nugetur
194 2852 307 2912 omnia.

6 2945 8 3002 ὲ
124 2934 279 3014 Principio
301 2933 444 3014 neganda
454 2933 527 2994 mibi
549 2940 619 2994 sunt
640 2939 757 3013 septem
772 2941 965 2994 sacramenta

6 3043 7 3060 1
50 3023 76 3075 et
105 3023 221 3079 tantum
254 3018 311 3077 tria
344 3035 399 3097 pro
421 3023 560 3098 tempore
582 3016 743 3098 ponenda,
781 3014 962 3096 baptismus,

52 3101 239 3178 poenitentia,
262 3100 361 3180 panis,
383 3106 414 3160 et
434 3098 511 3160 haec
522 3100 625 3160 omnia
643 3116 711 3158 esse
723 3117 778 3180 per
789 3098 961 3160 Romanam

54 3183 157 3242 curiam
193 3181 281 3242 nobis
314 3184 344 3243 in
380 3181 582 3243 miserabilem
624 3183 832 3260 captivitatem
871 3180 963 3242 ducta

53 3264 264 3343 ecclesiamque
292 3283 348 3325 sua
381 3270 446 3326 tota
466 3263 606 3325 libertate
631 3264 805 3344 spoliatam.
851 3262 962 3339 Qusnu

54 3363 143 3426 quam,
164 3349 190 3408 si
212 3367 269 3407 usu
290 3349 458 3428 scripturae
479 3347 564 3427 loqui
588 3347 695 3425 velim,
717 3365 779 3408 non
801 3345 859 3406 nisi
870 3364 963 3406 unum

54 3436 265 3491 sacramentum
287 3429 434 3507 habeam,
464 3436 495 3490 et
522 3432 580 3491 tria
608 3431 697 3510 signa
717 3427 962 3505 sacramentalia,

56 3510 168 3592 dequo
201 3513 291 3572 latius
321 3531 377 3573 suo
406 3520 559 3593 tempore,
590 3531 671 3573 nunc
698 3511 736 3572 dc
765 3515 959 3570 sacramento

57 3597 142 3672 panis,
164 3596 299 3656 omnium
320 3596 427 3675 prima.

127 3678 232 3741 Dicam
255 3680 372 3758 itaque,
393 3676 465 3759 quid
487 3679 568 3738 etin
592 3676 650 3737 hoc
671 3673 852 3737 sacramenti
875 3672 948 3737 mini
