<?xml version="1.0" encoding="UTF-8"?>
<!DOCTYPE html PUBLIC "-//W3C//DTD XHTML 1.0 Transitional//EN"
    "http://www.w3.org/TR/xhtml1/DTD/xhtml1-transitional.dtd">
<html xmlns="http://www.w3.org/1999/xhtml" xml:lang="en" lang="en">
 <head>
  <title>
</title>
<meta http-equiv="Content-Type" content="text/html;charset=utf-8" />
  <meta name='ocr-system' content='tesseract 3.04.00' />
  <meta name='ocr-capabilities' content='ocr_page ocr_carea ocr_par ocr_line ocrx_word'/>
</head>
<body>
  <div class='ocr_page' id='page_1' title='image "./operalatinavari03schmgoog_0203.png"; bbox 0 0 2258 4002; ppageno 0'>
   <div class='ocr_carea' id='block_1_1' title="bbox 128 175 845 250">
    <p class='ocr_par' dir='ltr' id='par_1_1' title="bbox 128 175 845 250">
     <span class='ocr_line' id='line_1_1' title="bbox 128 175 845 250; baseline 0.001 -16"><span class='ocrx_word' id='word_1_1' title='bbox 128 175 189 242; x_wconf 82' lang='grc'>192</span> <span class='ocrx_word' id='word_1_2' title='bbox 296 177 424 234; x_wconf 75' lang='lat' dir='ltr'><strong>Assertio</strong></span> <span class='ocrx_word' id='word_1_3' title='bbox 444 195 519 234; x_wconf 83' lang='lat' dir='ltr'>omn.</span> <span class='ocrx_word' id='word_1_4' title='bbox 548 183 624 234; x_wconf 87' lang='lat' dir='ltr'>artic.</span> <span class='ocrx_word' id='word_1_5' title='bbox 644 179 676 232; x_wconf 79' lang='lat' dir='ltr'>D,</span> <span class='ocrx_word' id='word_1_6' title='bbox 697 181 731 237; x_wconf 85' lang='lat' dir='ltr'>li.</span> <span class='ocrx_word' id='word_1_7' title='bbox 752 184 777 234; x_wconf 84' lang='lat' dir='ltr'>t.</span> <span class='ocrx_word' id='word_1_8' title='bbox 797 198 845 250; x_wconf 90' lang='lat' dir='ltr'>per</span> 
     </span>
    </p>
   </div>
   <div class='ocr_carea' id='block_1_2' title="bbox 126 333 1121 1244">
    <p class='ocr_par' dir='ltr' id='par_1_2' title="bbox 128 333 1052 494">
     <span class='ocr_line' id='line_1_2' title="bbox 128 333 1052 414; baseline -0.001 -20"><span class='ocrx_word' id='word_1_9' title='bbox 128 333 186 394; x_wconf 89' lang='lat' dir='ltr'>soli</span> <span class='ocrx_word' id='word_1_10' title='bbox 208 333 434 394; x_wconf 78' lang='lat' dir='ltr'>misericordiae</span> <span class='ocrx_word' id='word_1_11' title='bbox 456 335 644 414; x_wconf 83' lang='lat' dir='ltr'>ignoscenda</span> <span class='ocrx_word' id='word_1_12' title='bbox 660 334 876 413; x_wconf 77' lang='lat' dir='ltr'>relinquamus,</span> <span class='ocrx_word' id='word_1_13' title='bbox 901 336 1052 396; x_wconf 86' lang='lat' dir='ltr'>dicentes:</span> 
     </span>
     <span class='ocr_line' id='line_1_3' title="bbox 129 416 813 494; baseline 0.003 -18"><span class='ocrx_word' id='word_1_14' title='bbox 129 416 176 476; x_wconf 87' lang='lat' dir='ltr'>Ab</span> <span class='ocrx_word' id='word_1_15' title='bbox 200 416 327 477; x_wconf 91' lang='lat' dir='ltr'>occultis</span> <span class='ocrx_word' id='word_1_16' title='bbox 351 418 425 476; x_wconf 89' lang='lat' dir='ltr'>meis</span> <span class='ocrx_word' id='word_1_17' title='bbox 447 417 561 476; x_wconf 89' lang='lat' dir='ltr'>munda</span> <span class='ocrx_word' id='word_1_18' title='bbox 584 436 650 494; x_wconf 89' lang='lat' dir='ltr'>me,</span> <span class='ocrx_word' id='word_1_19' title='bbox 672 417 813 478; x_wconf 88' lang='lat' dir='ltr'>Domine.</span> 
     </span>
    </p>

    <p class='ocr_par' dir='ltr' id='par_1_3' title="bbox 126 499 1121 1244">
     <span class='ocr_line' id='line_1_4' title="bbox 209 499 1054 582; baseline 0.004 -25"><span class='ocrx_word' id='word_1_20' title='bbox 209 499 304 578; x_wconf 84' lang='lat' dir='ltr'>igitur</span> <span class='ocrx_word' id='word_1_21' title='bbox 325 500 374 559; x_wconf 89' lang='lat' dir='ltr'>hic</span> <span class='ocrx_word' id='word_1_22' title='bbox 396 500 540 560; x_wconf 75' lang='lat' dir='ltr'>articulus</span> <span class='ocrx_word' id='word_1_23' title='bbox 562 501 718 560; x_wconf 86' lang='lat' dir='ltr'>evidenter</span> <span class='ocrx_word' id='word_1_24' title='bbox 747 502 882 580; x_wconf 89' lang='lat' dir='ltr'>seqnitur</span> <span class='ocrx_word' id='word_1_25' title='bbox 905 521 945 561; x_wconf 85' lang='lat' dir='ltr'>ex</span> <span class='ocrx_word' id='word_1_26' title='bbox 968 521 1054 582; x_wconf 89' lang='lat' dir='ltr'>prae-</span> 
     </span>
     <span class='ocr_line' id='line_1_5' title="bbox 127 581 1121 664; baseline 0.003 -23"><span class='ocrx_word' id='word_1_27' title='bbox 127 582 248 642; x_wconf 87' lang='lat' dir='ltr'>cedenti</span> <span class='ocrx_word' id='word_1_28' title='bbox 282 594 312 643; x_wconf 89' lang='lat' dir='ltr'>et</span> <span class='ocrx_word' id='word_1_29' title='bbox 345 581 438 642; x_wconf 88' lang='lat' dir='ltr'>verbo</span> <span class='ocrx_word' id='word_1_30' title='bbox 473 583 585 643; x_wconf 84' lang='lat' dir='ltr'>David:</span> <span class='ocrx_word' id='word_1_31' title='bbox 637 582 757 646; x_wconf 75' lang='lat' dir='ltr'>Delicta</span> <span class='ocrx_word' id='word_1_32' title='bbox 789 585 856 662; x_wconf 88' lang='lat' dir='ltr'>quis</span> <span class='ocrx_word' id='word_1_33' title='bbox 889 583 1054 664; x_wconf 83' lang='lat' dir='ltr'>intelligit?</span> <span class='ocrx_word' id='word_1_34' title='bbox 1120 631 1121 634; x_wconf 63' lang='lat'>,</span> 
     </span>
     <span class='ocr_line' id='line_1_6' title="bbox 126 664 1121 745; baseline 0.001 -20"><span class='ocrx_word' id='word_1_35' title='bbox 126 664 199 725; x_wconf 87' lang='lat' dir='ltr'>ldeo</span> <span class='ocrx_word' id='word_1_36' title='bbox 224 665 297 726; x_wconf 90' lang='lat' dir='ltr'>nihil</span> <span class='ocrx_word' id='word_1_37' title='bbox 321 673 434 741; x_wconf 86' lang='lat' dir='ltr'>movet,</span> <span class='ocrx_word' id='word_1_38' title='bbox 457 664 602 744; x_wconf 88' lang='lat' dir='ltr'>quidquid</span> <span class='ocrx_word' id='word_1_39' title='bbox 627 667 720 745; x_wconf 88' lang='lat' dir='ltr'>impia</span> <span class='ocrx_word' id='word_1_40' title='bbox 743 668 801 726; x_wconf 89' lang='lat' dir='ltr'>ista</span> <span class='ocrx_word' id='word_1_41' title='bbox 822 666 910 726; x_wconf 92' lang='lat' dir='ltr'>Bulla</span> <span class='ocrx_word' id='word_1_42' title='bbox 928 667 1055 726; x_wconf 88' lang='lat' dir='ltr'>damnat</span> <span class='ocrx_word' id='word_1_43' title='bbox 1120 733 1121 738; x_wconf 8' lang='grc' dir='ltr'>ἵ</span> 
     </span>
     <span class='ocr_line' id='line_1_7' title="bbox 128 747 1121 829; baseline 0.002 -22"><span class='ocrx_word' id='word_1_44' title='bbox 128 747 166 807; x_wconf 91' lang='lat' dir='ltr'>de</span> <span class='ocrx_word' id='word_1_45' title='bbox 188 766 244 809; x_wconf 87' lang='lat' dir='ltr'>sno</span> <span class='ocrx_word' id='word_1_46' title='bbox 267 750 391 829; x_wconf 93' lang='lat' dir='ltr'>proprio</span> <span class='ocrx_word' id='word_1_47' title='bbox 414 747 548 808; x_wconf 90' lang='lat' dir='ltr'>cerebro.</span> <span class='ocrx_word' id='word_1_48' title='bbox 594 748 656 808; x_wconf 85' lang='lat' dir='ltr'>leta</span> <span class='ocrx_word' id='word_1_49' title='bbox 688 756 734 807; x_wconf 88' lang='lat' dir='ltr'>est</span> <span class='ocrx_word' id='word_1_50' title='bbox 761 750 842 809; x_wconf 90' lang='lat' dir='ltr'>enim</span> <span class='ocrx_word' id='word_1_51' title='bbox 876 747 1055 810; x_wconf 83' lang='lat' dir='ltr'>carnificina</span> <span class='ocrx_word' id='word_1_52' title='bbox 1120 773 1121 800; x_wconf 64' lang='lat' dir='ltr'>t</span> 
     </span>
     <span class='ocr_line' id='line_1_8' title="bbox 127 831 1054 910; baseline 0.001 -21"><span class='ocrx_word' id='word_1_53' title='bbox 127 832 349 909; x_wconf 86' lang='lat' dir='ltr'>cruentissima,</span> <span class='ocrx_word' id='word_1_54' title='bbox 376 849 437 910; x_wconf 91' lang='lat' dir='ltr'>qua</span> <span class='ocrx_word' id='word_1_55' title='bbox 458 831 606 894; x_wconf 86' lang='lat' dir='ltr'>hactenus</span> <span class='ocrx_word' id='word_1_56' title='bbox 630 840 675 891; x_wconf 91' lang='lat' dir='ltr'>tot</span> <span class='ocrx_word' id='word_1_57' title='bbox 697 834 822 892; x_wconf 89' lang='lat' dir='ltr'>miseras</span> <span class='ocrx_word' id='word_1_58' title='bbox 846 833 1054 892; x_wconf 88' lang='lat' dir='ltr'>conscientias</span> 
     </span>
     <span class='ocr_line' id='line_1_9' title="bbox 127 913 1055 994; baseline 0.001 -21"><span class='ocrx_word' id='word_1_59' title='bbox 127 920 288 993; x_wconf 87' lang='lat' dir='ltr'>torserunt,</span> <span class='ocrx_word' id='word_1_60' title='bbox 311 916 445 974; x_wconf 88' lang='lat' dir='ltr'>omnium</span> <span class='ocrx_word' id='word_1_61' title='bbox 468 920 499 973; x_wconf 88' lang='lat' dir='ltr'>et</span> <span class='ocrx_word' id='word_1_62' title='bbox 516 913 704 992; x_wconf 84' lang='lat' dir='ltr'>singulorum</span> <span class='ocrx_word' id='word_1_63' title='bbox 719 921 915 994; x_wconf 88' lang='lat' dir='ltr'>peccatorum</span> <span class='ocrx_word' id='word_1_64' title='bbox 937 915 1055 976; x_wconf 91' lang='lat' dir='ltr'>discus·</span> 
     </span>
     <span class='ocr_line' id='line_1_10' title="bbox 127 996 1121 1077; baseline 0.001 -21"><span class='ocrx_word' id='word_1_65' title='bbox 127 996 264 1057; x_wconf 85' lang='lat' dir='ltr'>sionibus</span> <span class='ocrx_word' id='word_1_66' title='bbox 287 1005 317 1057; x_wconf 88' lang='lat' dir='ltr'>et</span> <span class='ocrx_word' id='word_1_67' title='bbox 341 996 594 1076; x_wconf 80' lang='lat' dir='ltr'>confessionibus,</span> <span class='ocrx_word' id='word_1_68' title='bbox 617 1015 684 1056; x_wconf 91' lang='lat' dir='ltr'>cum</span> <span class='ocrx_word' id='word_1_69' title='bbox 708 1015 763 1077; x_wconf 92' lang='lat' dir='ltr'>pro</span> <span class='ocrx_word' id='word_1_70' title='bbox 787 1015 820 1057; x_wconf 87' lang='lat' dir='ltr'>se</span> <span class='ocrx_word' id='word_1_71' title='bbox 842 1016 903 1059; x_wconf 94' lang='lat' dir='ltr'>non</span> <span class='ocrx_word' id='word_1_72' title='bbox 919 997 1057 1058; x_wconf 88' lang='lat' dir='ltr'>habeant</span> <span class='ocrx_word' id='word_1_73' title='bbox 1120 1007 1121 1026; x_wconf 75' lang='lat'>³</span> 
     </span>
     <span class='ocr_line' id='line_1_11' title="bbox 128 1077 1055 1161; baseline -0.001 -21"><span class='ocrx_word' id='word_1_74' title='bbox 128 1099 166 1140; x_wconf 92' lang='lat' dir='ltr'>ne</span> <span class='ocrx_word' id='word_1_75' title='bbox 188 1077 251 1140; x_wconf 83' lang='lat' dir='ltr'>iota</span> <span class='ocrx_word' id='word_1_76' title='bbox 273 1080 395 1158; x_wconf 89' lang='lat' dir='ltr'>quidem</span> <span class='ocrx_word' id='word_1_77' title='bbox 418 1079 506 1139; x_wconf 89' lang='lat' dir='ltr'>ullius</span> <span class='ocrx_word' id='word_1_78' title='bbox 529 1078 713 1160; x_wconf 77' lang='lat' dir='ltr'>Scripturas,</span> <span class='ocrx_word' id='word_1_79' title='bbox 745 1080 905 1161; x_wconf 79' lang='lat' dir='ltr'>tyrannide</span> <span class='ocrx_word' id='word_1_80' title='bbox 929 1082 1055 1161; x_wconf 88' lang='lat' dir='ltr'>propria</span> 
     </span>
     <span class='ocr_line' id='line_1_12' title="bbox 127 1157 969 1244; baseline 0.001 -22"><span class='ocrx_word' id='word_1_81' title='bbox 127 1163 206 1223; x_wconf 90' lang='lat' dir='ltr'>haec</span> <span class='ocrx_word' id='word_1_82' title='bbox 226 1157 321 1223; x_wconf 81' lang='lat' dir='ltr'>on&#39;era&#39;</span> <span class='ocrx_word' id='word_1_83' title='bbox 342 1161 548 1243; x_wconf 79' lang='lat' dir='ltr'>importabilia</span> <span class='ocrx_word' id='word_1_84' title='bbox 571 1162 744 1223; x_wconf 90' lang='lat' dir='ltr'>hominibus</span> <span class='ocrx_word' id='word_1_85' title='bbox 765 1164 969 1244; x_wconf 86' lang='lat' dir='ltr'>imponentes.</span> 
     </span>
    </p>
   </div>
   <div class='ocr_carea' id='block_1_3' title="bbox 490 1326 686 1389">
    <p class='ocr_par' dir='ltr' id='par_1_4' title="bbox 490 1326 686 1389">
     <span class='ocr_line' id='line_1_13' title="bbox 490 1326 686 1389; baseline 0.015 -3"><span class='ocrx_word' id='word_1_86' title='bbox 490 1326 686 1389; x_wconf 87' lang='lat' dir='ltr'>Decimus:</span> 
     </span>
    </p>
   </div>
   <div class='ocr_carea' id='block_1_4' title="bbox 100 1462 1056 1877">
    <p class='ocr_par' dir='ltr' id='par_1_5' title="bbox 100 1462 1056 1877">
     <span class='ocr_line' id='line_1_14' title="bbox 190 1462 1056 1539; baseline 0.002 -18"><span class='ocrx_word' id='word_1_87' title='bbox 190 1462 321 1523; x_wconf 87' lang='lat' dir='ltr'>Peccata</span> <span class='ocrx_word' id='word_1_88' title='bbox 348 1480 410 1522; x_wconf 92' lang='lat' dir='ltr'>non</span> <span class='ocrx_word' id='word_1_89' title='bbox 438 1469 508 1521; x_wconf 87' lang='lat' dir='ltr'>eunt</span> <span class='ocrx_word' id='word_1_90' title='bbox 539 1462 590 1521; x_wconf 92' lang='lat' dir='ltr'>ulli</span> <span class='ocrx_word' id='word_1_91' title='bbox 612 1463 756 1539; x_wconf 87' lang='lat' dir='ltr'>remissa,</span> <span class='ocrx_word' id='word_1_92' title='bbox 789 1463 847 1524; x_wconf 90' lang='lat' dir='ltr'>nisi</span> <span class='ocrx_word' id='word_1_93' title='bbox 880 1464 1056 1524; x_wconf 79' lang='lat' dir='ltr'>remittente</span> 
     </span>
     <span class='ocr_line' id='line_1_15' title="bbox 189 1544 1056 1624; baseline 0.001 -19"><span class='ocrx_word' id='word_1_94' title='bbox 189 1545 350 1606; x_wconf 89' lang='lat' dir='ltr'>sacerdote</span> <span class='ocrx_word' id='word_1_95' title='bbox 372 1545 476 1605; x_wconf 86' lang='lat' dir='ltr'>credat</span> <span class='ocrx_word' id='word_1_96' title='bbox 497 1544 554 1604; x_wconf 88' lang='lat' dir='ltr'>sibi</span> <span class='ocrx_word' id='word_1_97' title='bbox 576 1546 702 1624; x_wconf 85' lang='lat' dir='ltr'>remitti,</span> <span class='ocrx_word' id='word_1_98' title='bbox 723 1546 786 1606; x_wconf 90' lang='lat' dir='ltr'>imo</span> <span class='ocrx_word' id='word_1_99' title='bbox 805 1555 966 1624; x_wconf 85' lang='lat' dir='ltr'>peccatum</span> <span class='ocrx_word' id='word_1_100' title='bbox 992 1565 1056 1606; x_wconf 88' lang='lat' dir='ltr'>ma-</span> 
     </span>
     <span class='ocr_line' id='line_1_16' title="bbox 192 1628 1055 1704; baseline -0.001 -16"><span class='ocrx_word' id='word_1_101' title='bbox 192 1636 290 1704; x_wconf 88' lang='lat' dir='ltr'>neret,</span> <span class='ocrx_word' id='word_1_102' title='bbox 332 1629 389 1688; x_wconf 85' lang='lat' dir='ltr'>uisi</span> <span class='ocrx_word' id='word_1_103' title='bbox 417 1629 576 1688; x_wconf 89' lang='lat' dir='ltr'>remissum</span> <span class='ocrx_word' id='word_1_104' title='bbox 605 1628 750 1688; x_wconf 83' lang='lat' dir='ltr'>crederet.</span> <span class='ocrx_word' id='word_1_105' title='bbox 791 1628 860 1689; x_wconf 87' lang='lat' dir='ltr'>Non</span> <span class='ocrx_word' id='word_1_106' title='bbox 888 1631 969 1688; x_wconf 89' lang='lat' dir='ltr'>enim</span> <span class='ocrx_word' id='word_1_107' title='bbox 994 1628 1055 1688; x_wconf 87' lang='lat' dir='ltr'>sni-</span> 
     </span>
     <span class='ocr_line' id='line_1_17' title="bbox 189 1709 1055 1791; baseline 0.002 -21"><span class='ocrx_word' id='word_1_108' title='bbox 189 1710 252 1771; x_wconf 86' lang='lat' dir='ltr'>ficit</span> <span class='ocrx_word' id='word_1_109' title='bbox 283 1712 422 1771; x_wconf 89' lang='lat' dir='ltr'>remissio</span> <span class='ocrx_word' id='word_1_110' title='bbox 455 1711 575 1791; x_wconf 89' lang='lat' dir='ltr'>peccati</span> <span class='ocrx_word' id='word_1_111' title='bbox 603 1718 632 1770; x_wconf 90' lang='lat' dir='ltr'>et</span> <span class='ocrx_word' id='word_1_112' title='bbox 664 1711 781 1790; x_wconf 84' lang='lat' dir='ltr'>gratiae</span> <span class='ocrx_word' id='word_1_113' title='bbox 815 1710 962 1790; x_wconf 90' lang='lat' dir='ltr'>donatio,</span> <span class='ocrx_word' id='word_1_114' title='bbox 997 1709 1055 1772; x_wconf 91' lang='lat' dir='ltr'>sed</span> 
     </span>
     <span class='ocr_line' id='line_1_18' title="bbox 100 1793 850 1877; baseline 0.004 -23"><span class='ocrx_word' id='word_1_115' title='bbox 100 1862 103 1877; x_wconf 44' lang='grc' dir='ltr'>Ι</span> <span class='ocrx_word' id='word_1_116' title='bbox 190 1801 312 1874; x_wconf 91' lang='lat' dir='ltr'>oportet</span> <span class='ocrx_word' id='word_1_117' title='bbox 332 1795 423 1854; x_wconf 89' lang='lat' dir='ltr'>etiam</span> <span class='ocrx_word' id='word_1_118' title='bbox 446 1793 570 1854; x_wconf 84' lang='lat' dir='ltr'>credere</span> <span class='ocrx_word' id='word_1_119' title='bbox 592 1811 660 1852; x_wconf 86' lang='lat' dir='ltr'>esse</span> <span class='ocrx_word' id='word_1_120' title='bbox 681 1795 850 1857; x_wconf 88' lang='lat' dir='ltr'>remissum.</span> 
     </span>
    </p>
   </div>
   <div class='ocr_carea' id='block_1_5' title="bbox 88 1910 1121 3484">
    <p class='ocr_par' dir='ltr' id='par_1_6' title="bbox 88 1910 1121 2719">
     <span class='ocr_line' id='line_1_19' title="bbox 212 1910 1056 1990; baseline -0.001 -19"><span class='ocrx_word' id='word_1_121' title='bbox 212 1911 260 1971; x_wconf 81' lang='lat' dir='ltr'>Ex</span> <span class='ocrx_word' id='word_1_122' title='bbox 282 1912 368 1972; x_wconf 90' lang='lat' dir='ltr'>istius</span> <span class='ocrx_word' id='word_1_123' title='bbox 390 1910 508 1970; x_wconf 87' lang='lat' dir='ltr'>articuli</span> <span class='ocrx_word' id='word_1_124' title='bbox 538 1911 733 1970; x_wconf 87' lang='lat' dir='ltr'>damnatione</span> <span class='ocrx_word' id='word_1_125' title='bbox 755 1913 905 1989; x_wconf 85' lang='lat' dir='ltr'>sequitur,</span> <span class='ocrx_word' id='word_1_126' title='bbox 941 1911 1056 1990; x_wconf 90' lang='lat' dir='ltr'>primo,</span> 
     </span>
     <span class='ocr_line' id='line_1_20' title="bbox 128 1992 1121 2074; baseline -0.002 -20"><span class='ocrx_word' id='word_1_127' title='bbox 128 1994 212 2074; x_wconf 91' lang='lat' dir='ltr'>quod</span> <span class='ocrx_word' id='word_1_128' title='bbox 240 1994 434 2055; x_wconf 85' lang='lat' dir='ltr'>confessurus</span> <span class='ocrx_word' id='word_1_129' title='bbox 462 2011 524 2053; x_wconf 91' lang='lat' dir='ltr'>non</span> <span class='ocrx_word' id='word_1_130' title='bbox 553 1993 642 2053; x_wconf 89' lang='lat' dir='ltr'>debet</span> <span class='ocrx_word' id='word_1_131' title='bbox 669 1993 810 2070; x_wconf 87' lang='lat' dir='ltr'>credere,</span> <span class='ocrx_word' id='word_1_132' title='bbox 838 2013 905 2053; x_wconf 87' lang='lat' dir='ltr'>sese</span> <span class='ocrx_word' id='word_1_133' title='bbox 933 1992 1056 2052; x_wconf 87' lang='lat' dir='ltr'>absolvi</span> <span class='ocrx_word' id='word_1_134' title='bbox 1120 1993 1121 1998; x_wconf 72' lang='grc'>’</span> 
     </span>
     <span class='ocr_line' id='line_1_21' title="bbox 128 2075 1056 2157; baseline -0.004 -19"><span class='ocrx_word' id='word_1_135' title='bbox 128 2085 181 2139; x_wconf 90' lang='lat' dir='ltr'>ant</span> <span class='ocrx_word' id='word_1_136' title='bbox 202 2078 313 2137; x_wconf 87' lang='lat' dir='ltr'>remitti</span> <span class='ocrx_word' id='word_1_137' title='bbox 335 2077 391 2137; x_wconf 91' lang='lat' dir='ltr'>sibi</span> <span class='ocrx_word' id='word_1_138' title='bbox 413 2083 585 2157; x_wconf 88' lang='lat' dir='ltr'>peccatum,</span> <span class='ocrx_word' id='word_1_139' title='bbox 615 2095 652 2136; x_wconf 87' lang='lat' dir='ltr'>ac</span> <span class='ocrx_word' id='word_1_140' title='bbox 674 2095 727 2155; x_wconf 89' lang='lat' dir='ltr'>per</span> <span class='ocrx_word' id='word_1_141' title='bbox 750 2077 809 2136; x_wconf 91' lang='lat' dir='ltr'>hoc</span> <span class='ocrx_word' id='word_1_142' title='bbox 832 2075 934 2136; x_wconf 88' lang='lat' dir='ltr'>licebit</span> <span class='ocrx_word' id='word_1_143' title='bbox 955 2077 986 2135; x_wconf 90' lang='lat' dir='ltr'>in</span> <span class='ocrx_word' id='word_1_144' title='bbox 1010 2076 1056 2134; x_wconf 86' lang='lat' dir='ltr'>fa-</span> 
     </span>
     <span class='ocr_line' id='line_1_22' title="bbox 128 2157 1121 2238; baseline -0.003 -18"><span class='ocrx_word' id='word_1_145' title='bbox 128 2163 205 2221; x_wconf 87' lang='lat' dir='ltr'>ciem</span> <span class='ocrx_word' id='word_1_146' title='bbox 228 2158 396 2220; x_wconf 80' lang='lat' dir='ltr'>sacerdotis</span> <span class='ocrx_word' id='word_1_147' title='bbox 418 2159 518 2219; x_wconf 85' lang='lat' dir='ltr'>dicere</span> <span class='ocrx_word' id='word_1_148' title='bbox 534 2160 737 2219; x_wconf 85' lang='lat' dir='ltr'>absolventis:</span> <span class='ocrx_word' id='word_1_149' title='bbox 759 2157 806 2218; x_wconf 88' lang='lat' dir='ltr'>Tu</span> <span class='ocrx_word' id='word_1_150' title='bbox 820 2160 967 2238; x_wconf 86' lang='lat' dir='ltr'>mentiris,</span> <span class='ocrx_word' id='word_1_151' title='bbox 991 2177 1055 2218; x_wconf 91' lang='lat' dir='ltr'>non</span> <span class='ocrx_word' id='word_1_152' title='bbox 1120 2157 1121 2162; x_wconf 68' lang='grc'>’</span> 
     </span>
     <span class='ocr_line' id='line_1_23' title="bbox 128 2241 1055 2322; baseline -0.004 -18"><span class='ocrx_word' id='word_1_153' title='bbox 128 2243 273 2306; x_wconf 88' lang='lat' dir='ltr'>absolvor</span> <span class='ocrx_word' id='word_1_154' title='bbox 294 2262 314 2302; x_wconf 87' lang='lat' dir='ltr'>a</span> <span class='ocrx_word' id='word_1_155' title='bbox 334 2251 380 2320; x_wconf 92' lang='lat' dir='ltr'>te,</span> <span class='ocrx_word' id='word_1_156' title='bbox 415 2261 473 2304; x_wconf 91' lang='lat' dir='ltr'>nec</span> <span class='ocrx_word' id='word_1_157' title='bbox 495 2243 686 2304; x_wconf 88' lang='lat' dir='ltr'>remittuntur</span> <span class='ocrx_word' id='word_1_158' title='bbox 715 2242 787 2301; x_wconf 89' lang='lat' dir='ltr'>mihi</span> <span class='ocrx_word' id='word_1_159' title='bbox 818 2249 955 2322; x_wconf 88' lang='lat' dir='ltr'>peccata.</span> <span class='ocrx_word' id='word_1_160' title='bbox 1001 2241 1055 2302; x_wconf 83' lang='lat' dir='ltr'>Se·</span> 
     </span>
     <span class='ocr_line' id='line_1_24' title="bbox 128 2323 1056 2406; baseline -0.003 -20"><span class='ocrx_word' id='word_1_161' title='bbox 128 2327 239 2404; x_wconf 89' lang='lat' dir='ltr'>cundo,</span> <span class='ocrx_word' id='word_1_162' title='bbox 262 2326 343 2406; x_wconf 88' lang='lat' dir='ltr'>quod</span> <span class='ocrx_word' id='word_1_163' title='bbox 367 2325 503 2387; x_wconf 81' lang='lat' dir='ltr'>Christus</span> <span class='ocrx_word' id='word_1_164' title='bbox 526 2326 564 2384; x_wconf 88' lang='lat' dir='ltr'>sit</span> <span class='ocrx_word' id='word_1_165' title='bbox 586 2325 740 2404; x_wconf 88' lang='lat' dir='ltr'>mentitus,</span> <span class='ocrx_word' id='word_1_166' title='bbox 762 2325 812 2385; x_wconf 88' lang='lat' dir='ltr'>ubi</span> <span class='ocrx_word' id='word_1_167' title='bbox 835 2325 924 2385; x_wconf 87' lang='lat' dir='ltr'>dixit:</span> <span class='ocrx_word' id='word_1_168' title='bbox 950 2323 1056 2398; x_wconf 75' lang='lat' dir='ltr'>Quod-</span> 
     </span>
     <span class='ocr_line' id='line_1_25' title="bbox 128 2406 1054 2489; baseline -0.002 -20"><span class='ocrx_word' id='word_1_169' title='bbox 128 2429 248 2489; x_wconf 90' lang='lat' dir='ltr'>cunque</span> <span class='ocrx_word' id='word_1_170' title='bbox 271 2409 409 2485; x_wconf 86' lang='lat' dir='ltr'>solveris,</span> <span class='ocrx_word' id='word_1_171' title='bbox 431 2407 562 2469; x_wconf 89' lang='lat' dir='ltr'>solutum</span> <span class='ocrx_word' id='word_1_172' title='bbox 581 2418 637 2486; x_wconf 88' lang='lat' dir='ltr'>est,</span> <span class='ocrx_word' id='word_1_173' title='bbox 659 2411 720 2469; x_wconf 88' lang='lat' dir='ltr'>imo</span> <span class='ocrx_word' id='word_1_174' title='bbox 734 2406 870 2469; x_wconf 81' lang='lat' dir='ltr'>Christus</span> <span class='ocrx_word' id='word_1_175' title='bbox 884 2408 944 2469; x_wconf 91' lang='lat' dir='ltr'>hoc</span> <span class='ocrx_word' id='word_1_176' title='bbox 958 2407 1054 2467; x_wconf 85' lang='lat' dir='ltr'>verbo</span> 
     </span>
     <span class='ocr_line' id='line_1_26' title="bbox 127 2491 1055 2571; baseline -0.005 -18"><span class='ocrx_word' id='word_1_177' title='bbox 127 2493 299 2553; x_wconf 87' lang='lat' dir='ltr'>haereticus</span> <span class='ocrx_word' id='word_1_178' title='bbox 323 2499 383 2571; x_wconf 90' lang='lat' dir='ltr'>est,</span> <span class='ocrx_word' id='word_1_179' title='bbox 413 2492 484 2570; x_wconf 90' lang='lat' dir='ltr'>qnia</span> <span class='ocrx_word' id='word_1_180' title='bbox 507 2492 583 2550; x_wconf 92' lang='lat' dir='ltr'>baec</span> <span class='ocrx_word' id='word_1_181' title='bbox 606 2491 692 2550; x_wconf 90' lang='lat' dir='ltr'>Bulla</span> <span class='ocrx_word' id='word_1_182' title='bbox 720 2491 823 2551; x_wconf 89' lang='lat' dir='ltr'>inclita</span> <span class='ocrx_word' id='word_1_183' title='bbox 847 2491 987 2568; x_wconf 83' lang='lat' dir='ltr'>mandat,</span> <span class='ocrx_word' id='word_1_184' title='bbox 1016 2509 1055 2549; x_wconf 90' lang='lat' dir='ltr'>ne</span> 
     </span>
     <span class='ocr_line' id='line_1_27' title="bbox 88 2574 1054 2656; baseline -0.003 -22"><span class='ocrx_word' id='word_1_185' title='bbox 88 2627 97 2634; x_wconf 86' lang='lat'><strong><em>.</em></strong></span> <span class='ocrx_word' id='word_1_186' title='bbox 129 2578 196 2656; x_wconf 88' lang='lat' dir='ltr'>quis</span> <span class='ocrx_word' id='word_1_187' title='bbox 219 2575 323 2636; x_wconf 91' lang='lat' dir='ltr'>credat</span> <span class='ocrx_word' id='word_1_188' title='bbox 345 2594 413 2636; x_wconf 89' lang='lat' dir='ltr'>sese</span> <span class='ocrx_word' id='word_1_189' title='bbox 435 2574 606 2636; x_wconf 86' lang='lat' dir='ltr'>absolutum</span> <span class='ocrx_word' id='word_1_190' title='bbox 629 2593 707 2653; x_wconf 88' lang='lat' dir='ltr'>esse,</span> <span class='ocrx_word' id='word_1_191' title='bbox 737 2574 807 2636; x_wconf 88' lang='lat' dir='ltr'>dum</span> <span class='ocrx_word' id='word_1_192' title='bbox 830 2574 1002 2634; x_wconf 87' lang='lat' dir='ltr'>absolvitur</span> <span class='ocrx_word' id='word_1_193' title='bbox 1024 2574 1054 2632; x_wconf 92' lang='lat' dir='ltr'>in</span> 
     </span>
     <span class='ocr_line' id='line_1_28' title="bbox 127 2657 928 2719; baseline -0.002 -1"><span class='ocrx_word' id='word_1_194' title='bbox 127 2661 238 2718; x_wconf 86' lang='lat' dir='ltr'>virtute</span> <span class='ocrx_word' id='word_1_195' title='bbox 260 2658 421 2718; x_wconf 86' lang='lat' dir='ltr'>verborum</span> <span class='ocrx_word' id='word_1_196' title='bbox 445 2657 565 2718; x_wconf 77' lang='lat' dir='ltr'>Christi.</span> <span class='ocrx_word' id='word_1_197' title='bbox 610 2657 636 2719; x_wconf 93' lang='grc'>0</span> <span class='ocrx_word' id='word_1_198' title='bbox 662 2658 743 2717; x_wconf 86' lang='lat' dir='ltr'>luror</span> <span class='ocrx_word' id='word_1_199' title='bbox 764 2657 928 2718; x_wconf 89' lang='lat' dir='ltr'>inauditus.</span> 
     </span>
    </p>

    <p class='ocr_par' dir='ltr' id='par_1_7' title="bbox 123 2739 1057 3484">
     <span class='ocr_line' id='line_1_29' title="bbox 211 2739 1054 2822; baseline -0.004 -21"><span class='ocrx_word' id='word_1_200' title='bbox 211 2741 278 2822; x_wconf 81' lang='lat' dir='ltr'>llgo</span> <span class='ocrx_word' id='word_1_201' title='bbox 311 2749 411 2801; x_wconf 87' lang='lat' dir='ltr'>autem</span> <span class='ocrx_word' id='word_1_202' title='bbox 443 2760 513 2800; x_wconf 87' lang='lat' dir='ltr'>mea</span> <span class='ocrx_word' id='word_1_203' title='bbox 544 2741 589 2800; x_wconf 91' lang='lat' dir='ltr'>sic</span> <span class='ocrx_word' id='word_1_204' title='bbox 620 2740 762 2822; x_wconf 87' lang='lat' dir='ltr'>probavi,</span> <span class='ocrx_word' id='word_1_205' title='bbox 800 2739 883 2820; x_wconf 89' lang='lat' dir='ltr'>qnod</span> <span class='ocrx_word' id='word_1_206' title='bbox 915 2739 1054 2800; x_wconf 80' lang='lat' dir='ltr'>Christus</span> 
     </span>
     <span class='ocr_line' id='line_1_30' title="bbox 129 2821 1055 2904; baseline -0.004 -18"><span class='ocrx_word' id='word_1_207' title='bbox 129 2825 255 2886; x_wconf 84' lang='lat' dir='ltr'>Mariam</span> <span class='ocrx_word' id='word_1_208' title='bbox 278 2821 529 2904; x_wconf 70' lang='lat' dir='ltr'>Magdalenamll</span> <span class='ocrx_word' id='word_1_209' title='bbox 555 2824 688 2885; x_wconf 83' lang='lat' dir='ltr'>absolvit</span> <span class='ocrx_word' id='word_1_210' title='bbox 703 2831 828 2904; x_wconf 90' lang='lat' dir='ltr'>propter</span> <span class='ocrx_word' id='word_1_211' title='bbox 849 2822 951 2900; x_wconf 86' lang='lat' dir='ltr'>iidem,</span> <span class='ocrx_word' id='word_1_212' title='bbox 976 2825 1055 2882; x_wconf 89' lang='lat' dir='ltr'>sicut</span> 
     </span>
     <span class='ocr_line' id='line_1_31' title="bbox 129 2905 1054 2985; baseline -0.003 -18"><span class='ocrx_word' id='word_1_213' title='bbox 129 2907 215 2969; x_wconf 91' lang='lat' dir='ltr'>dicit:</span> <span class='ocrx_word' id='word_1_214' title='bbox 238 2906 326 2967; x_wconf 87' lang='lat' dir='ltr'>Fides</span> <span class='ocrx_word' id='word_1_215' title='bbox 349 2913 402 2968; x_wconf 91' lang='lat' dir='ltr'>tua</span> <span class='ocrx_word' id='word_1_216' title='bbox 425 2914 455 2966; x_wconf 92' lang='lat' dir='ltr'>te</span> <span class='ocrx_word' id='word_1_217' title='bbox 478 2905 596 2966; x_wconf 84' lang='lat' dir='ltr'>salvam</span> <span class='ocrx_word' id='word_1_218' title='bbox 618 2907 705 2985; x_wconf 84' lang='lat' dir='ltr'>fecit,</span> <span class='ocrx_word' id='word_1_219' title='bbox 729 2906 807 2966; x_wconf 88' lang='lat' dir='ltr'>vade</span> <span class='ocrx_word' id='word_1_220' title='bbox 828 2908 858 2965; x_wconf 91' lang='lat' dir='ltr'>in</span> <span class='ocrx_word' id='word_1_221' title='bbox 883 2925 969 2985; x_wconf 88' lang='lat' dir='ltr'>pace.</span> <span class='ocrx_word' id='word_1_222' title='bbox 1016 2905 1054 2965; x_wconf 80' lang='lat' dir='ltr'>Et</span> 
     </span>
     <span class='ocr_line' id='line_1_32' title="bbox 129 2989 1057 3071; baseline -0.005 -19"><span class='ocrx_word' id='word_1_223' title='bbox 129 2991 167 3052; x_wconf 91' lang='lat' dir='ltr'>ad</span> <span class='ocrx_word' id='word_1_224' title='bbox 197 2990 413 3071; x_wconf 80' lang='lat' dir='ltr'>paralyticum,</span> <span class='ocrx_word' id='word_1_225' title='bbox 448 3000 612 3068; x_wconf 87' lang='lat' dir='ltr'>antequam</span> <span class='ocrx_word' id='word_1_226' title='bbox 642 3009 711 3049; x_wconf 92' lang='lat' dir='ltr'>eum</span> <span class='ocrx_word' id='word_1_227' title='bbox 742 2989 931 3066; x_wconf 85' lang='lat' dir='ltr'>absolveret,</span> <span class='ocrx_word' id='word_1_228' title='bbox 960 2989 1057 3048; x_wconf 89' lang='lat' dir='ltr'>dixit:</span> 
     </span>
     <span class='ocr_line' id='line_1_33' title="bbox 130 3072 1052 3154; baseline -0.002 -21"><span class='ocrx_word' id='word_1_229' title='bbox 130 3073 267 3152; x_wconf 80' lang='lat' dir='ltr'>confide,</span> <span class='ocrx_word' id='word_1_230' title='bbox 290 3072 346 3151; x_wconf 88' lang='lat' dir='ltr'>fili,</span> <span class='ocrx_word' id='word_1_231' title='bbox 368 3075 559 3133; x_wconf 90' lang='lat' dir='ltr'>remittuntur</span> <span class='ocrx_word' id='word_1_232' title='bbox 581 3073 633 3132; x_wconf 89' lang='lat' dir='ltr'>tibi</span> <span class='ocrx_word' id='word_1_233' title='bbox 661 3080 789 3154; x_wconf 89' lang='lat' dir='ltr'>peccato</span> <span class='ocrx_word' id='word_1_234' title='bbox 811 3081 870 3133; x_wconf 84' lang='lat' dir='ltr'>tua.</span> <span class='ocrx_word' id='word_1_235' title='bbox 914 3072 960 3132; x_wconf 87' lang='lat' dir='ltr'>lta</span> <span class='ocrx_word' id='word_1_236' title='bbox 983 3091 1052 3130; x_wconf 88' lang='lat' dir='ltr'>curn</span> 
     </span>
     <span class='ocr_line' id='line_1_34' title="bbox 128 3155 1054 3236; baseline -0.002 -20"><span class='ocrx_word' id='word_1_237' title='bbox 128 3159 158 3216; x_wconf 92' lang='lat' dir='ltr'>in</span> <span class='ocrx_word' id='word_1_238' title='bbox 182 3158 264 3216; x_wconf 91' lang='lat' dir='ltr'>omni</span> <span class='ocrx_word' id='word_1_239' title='bbox 295 3155 487 3217; x_wconf 88' lang='lat' dir='ltr'>absolutione</span> <span class='ocrx_word' id='word_1_240' title='bbox 508 3157 680 3236; x_wconf 87' lang='lat' dir='ltr'>peccatoris</span> <span class='ocrx_word' id='word_1_241' title='bbox 709 3155 880 3236; x_wconf 86' lang='lat' dir='ltr'>proferatur</span> <span class='ocrx_word' id='word_1_242' title='bbox 902 3156 1054 3215; x_wconf 89' lang='lat' dir='ltr'>sententia</span> 
     </span>
     <span class='ocr_line' id='line_1_35' title="bbox 130 3238 1054 3318; baseline -0.004 -18"><span class='ocrx_word' id='word_1_243' title='bbox 130 3240 241 3318; x_wconf 89' lang='lat' dir='ltr'>divina,</span> <span class='ocrx_word' id='word_1_244' title='bbox 264 3243 438 3301; x_wconf 86' lang='lat' dir='ltr'>necessario</span> <span class='ocrx_word' id='word_1_245' title='bbox 456 3241 617 3317; x_wconf 85' lang='lat' dir='ltr'>requiritur</span> <span class='ocrx_word' id='word_1_246' title='bbox 639 3238 725 3316; x_wconf 87' lang='lat' dir='ltr'>fides,</span> <span class='ocrx_word' id='word_1_247' title='bbox 754 3258 834 3318; x_wconf 90' lang='lat' dir='ltr'>quae</span> <span class='ocrx_word' id='word_1_248' title='bbox 857 3241 962 3299; x_wconf 91' lang='lat' dir='ltr'>credat</span> <span class='ocrx_word' id='word_1_249' title='bbox 984 3238 1054 3298; x_wconf 90' lang='lat' dir='ltr'>huie</span> 
     </span>
     <span class='ocr_line' id='line_1_36' title="bbox 130 3322 1053 3400; baseline -0.004 -18"><span class='ocrx_word' id='word_1_250' title='bbox 130 3323 310 3400; x_wconf 86' lang='lat' dir='ltr'>sententiae,</span> <span class='ocrx_word' id='word_1_251' title='bbox 333 3325 398 3382; x_wconf 92' lang='lat' dir='ltr'>sine</span> <span class='ocrx_word' id='word_1_252' title='bbox 420 3340 481 3400; x_wconf 88' lang='lat' dir='ltr'>qua</span> <span class='ocrx_word' id='word_1_253' title='bbox 501 3322 671 3382; x_wconf 87' lang='lat' dir='ltr'>frustranea</span> <span class='ocrx_word' id='word_1_254' title='bbox 685 3332 731 3382; x_wconf 89' lang='lat' dir='ltr'>est</span> <span class='ocrx_word' id='word_1_255' title='bbox 750 3322 913 3397; x_wconf 88' lang='lat' dir='ltr'>absolutio,</span> <span class='ocrx_word' id='word_1_256' title='bbox 935 3328 967 3381; x_wconf 89' lang='lat' dir='ltr'>et</span> <span class='ocrx_word' id='word_1_257' title='bbox 990 3329 1053 3380; x_wconf 88' lang='lat' dir='ltr'>tota</span> 
     </span>
     <span class='ocr_line' id='line_1_37' title="bbox 123 3401 1051 3484; baseline -0.004 -20"><span class='ocrx_word' id='word_1_258' title='bbox 123 3407 328 3484; x_wconf 87' lang='lat' dir='ltr'>poenitentia.</span> <span class='ocrx_word' id='word_1_259' title='bbox 371 3405 518 3464; x_wconf 84' lang='lat' dir='ltr'>Praesens</span> <span class='ocrx_word' id='word_1_260' title='bbox 539 3413 641 3465; x_wconf 83' lang='lat' dir='ltr'>autern</span> <span class='ocrx_word' id='word_1_261' title='bbox 663 3404 739 3477; x_wconf 85' lang='lat' dir='ltr'>fides</span> <span class='ocrx_word' id='word_1_262' title='bbox 761 3404 828 3465; x_wconf 86' lang='lat' dir='ltr'>sols</span> <span class='ocrx_word' id='word_1_263' title='bbox 849 3405 922 3465; x_wconf 91' lang='lat' dir='ltr'>satis</span> <span class='ocrx_word' id='word_1_264' title='bbox 945 3413 994 3464; x_wconf 88' lang='lat' dir='ltr'>est</span> <span class='ocrx_word' id='word_1_265' title='bbox 1016 3401 1051 3462; x_wconf 91' lang='lat' dir='ltr'>ad</span> 
     </span>
    </p>
   </div>
   <div class='ocr_carea' id='block_1_6' title="bbox 134 3563 551 3587">
    <p class='ocr_par' dir='ltr' id='par_1_8' title="bbox 134 3563 551 3587">
     <span class='ocr_line' id='line_1_38' title="bbox 134 3563 551 3587; baseline 0.005 -17"><span class='ocrx_word' id='word_1_266' title='bbox 134 3563 551 3587; x_wconf 43' lang='lat' dir='ltr'>——v--m</span> 
     </span>
    </p>
   </div>
   <div class='ocr_carea' id='block_1_7' title="bbox 168 3654 962 3728">
    <p class='ocr_par' dir='ltr' id='par_1_9' title="bbox 168 3654 962 3728">
     <span class='ocr_line' id='line_1_39' title="bbox 168 3654 962 3728; baseline 0.009 -14"><span class='ocrx_word' id='word_1_267' title='bbox 168 3661 200 3724; x_wconf 76' lang='lat'>1)</span> <span class='ocrx_word' id='word_1_268' title='bbox 221 3661 406 3715; x_wconf 70' lang='lat' dir='ltr'>laodien:</span> <span class='ocrx_word' id='word_1_269' title='bbox 430 3665 605 3728; x_wconf 83' lang='lat' dir='ltr'>peccatricem</span> <span class='ocrx_word' id='word_1_270' title='bbox 626 3664 709 3717; x_wconf 84' lang='lat' dir='ltr'>Lucae</span> <span class='ocrx_word' id='word_1_271' title='bbox 728 3654 753 3720; x_wconf 82' lang='grc'>7.</span> <span class='ocrx_word' id='word_1_272' title='bbox 941 3691 962 3720; x_wconf 79' lang='grc' dir='ltr'><strong>ο</strong></span> 
     </span>
    </p>
   </div>
   <div class='ocr_carea' id='block_1_8' title="bbox 0 0 1134 4002">
    <p class='ocr_par' dir='ltr' id='par_1_10' title="bbox 0 0 1134 4002">
     <span class='ocr_line' id='line_1_40' title="bbox 0 0 1134 4002; baseline 0 0"><span class='ocrx_word' id='word_1_273' title='bbox 0 0 1134 4002; x_wconf 95' lang='lat' dir='ltr'> </span> 
     </span>
    </p>
   </div>
  </div>
 </body>
</html>
