2254 4008
319 179 357 237 D.
376 181 410 236 Ι.
428 179 511 238 Latis.
530 179 714 238 Praeludlum.
937 177 979 246 43

73 334 105 396 ob
129 333 205 394 hano
234 355 298 395 rem
331 335 414 397 nulla
441 356 475 398 re
503 337 601 418 magis
628 355 706 418 opus
736 355 804 397 essa
833 335 978 397 audituris

71 421 198 494 missam,
228 437 319 498 quam
348 426 381 480 ut
401 422 469 500 ipsa
497 421 593 482 verba
613 419 721 482 sedulo
750 427 781 481 et
807 419 897 500 plena
920 418 980 478 lide

71 501 254 580 meditentur,
283 502 365 581 quod
394 504 451 564 nisi
480 503 624 579 leeerint,
652 504 762 564 frustra
789 503 893 564 omnia
921 502 980 561 alia

68 585 189 648 leoerint.
233 585 300 648 Hoe
321 606 397 648 esne
419 606 523 649 verum
546 592 602 660 est,
624 589 653 647 in
678 587 759 647 omni
776 587 980 665 promissione

68 688 114 728 sua
126 668 209 728 Deus
220 669 285 730 fere
298 670 405 730 solitus
427 677 475 731 est
491 671 622 732 adiioere
633 670 753 750 signum
767 668 902 748 aliquod,
924 687 979 728 eeu

67 759 295 831 monumentum,
317 772 374 814 eeu
386 754 563 815 memoriale
573 754 787 834 promissionis
811 771 895 827 suae,
919 769 980 830 quo

67 834 172 896 fidelius
200 843 389 914 servaretur,
422 845 453 896 et
485 837 642 898 eliioaeius
672 843 820 897 moneret.
877 835 979 895 Sinin

66 918 258 997 promissione
280 919 347 980 Noe
375 919 447 981 data
470 920 508 981 de
531 940 593 982 non
626 919 783 1001 perdenda
810 924 891 980 terro
919 917 980 979 alio

66 1001 166 1062 diluvio
206 1001 289 1063 dedit
316 1022 420 1064 areum
449 1023 536 1064 suum
564 1005 595 1064 in
625 1003 770 1082 nubibus,
798 1021 859 1081 quo
894 1000 980 1076 dixit,

65 1103 123 1144 sese
150 1085 382 1147 recordaturum
405 1086 536 1148 loederis
563 1088 619 1148 sui.
661 1087 701 1147 l'lt
723 1085 882 1159 Abrahae,
910 1089 981 1164 post

65 1168 290 1248 promissionem
312 1169 549 1231 hereditatis·in
577 1171 693 1231 semine
714 1188 787 1248 suo,
816 1167 900 1228 dedit
927 1168 981 1226 oir-

12 1269 13 1276 ¹
65 1251 273 1313 oumoisionem
295 1254 325 1313 in
352 1253 543 1334 signaculum
564 1254 697 1314 iustitiae
724 1252 804 1314 fidei.
849 1249 900 1311 sis
921 1249 980 1310 Ge·

65 1333 144 1394 deoni
166 1332 254 1396 dedit
275 1336 372 1397 vellus
393 1337 510 1397 aridum
533 1345 563 1397 et
584 1336 729 1412 roridum,
750 1335 789 1396 ad
801 1333 979 1394 firmandam

65 1417 292 1496 promissionem
315 1438 402 1481 suam
424 1439 516 1500 super
537 1419 695 1481 vineendis
718 1417 899 1480 Madianitis.
930 1415 981 1478 Sie

66 1499 156 1560 dobes
180 1521 236 1581 per
249 1503 371 1564 Esaiam
394 1503 502 1564 obtulit
515 1505 645 1585 signum,
667 1521 723 1583 pro
735 1500 886 1562 vinoendo
909 1518 982 1578 rege

10 1657 11 1666 ἵ
64 1583 159 1662 Syriae
182 1591 213 1644 et
239 1584 411 1665 Samariae,
435 1605 496 1666 quo
518 1587 713 1666 promissioni
736 1603 810 1646 suae
837 1583 928 1644 fidem
950 1583 980 1642 in

10 1673 11 1708 ³
63 1685 93 1724 eo
114 1665 258 1729 firmaret.
301 1668 389 1730 Talia
417 1670 511 1732 multa
540 1669 667 1752 legimus
691 1671 781 1751 signe
801 1666 980 1750 promissio·

63 1768 125 1808 num
146 1748 207 1810 Dei
229 1752 260 1810 in
284 1750 456 1832 Seripluris.

135 1831 186 1892 Sia
195 1839 227 1893 et
239 1836 268 1894 in
281 1836 385 1909 missa,
404 1836 462 1896 heo
470 1837 606 1897 omnium
617 1836 754 1916 prineipe
766 1833 980 1916 promissione,

63 1913 163 1975 adieoit
185 1917 308 1996 signum
331 1919 509 1979 memoriale
531 1924 635 1980 tantae
646 1919 869 2000 promissionis,
891 1935 979 1986 suurn

62 1999 146 2076 ipsius
175 2017 289 2080 eorpus
328 2007 360 2062 et
386 2020 473 2062 suum
504 2003 600 2082 ipsius
627 2003 807 2081 sanguinem
842 2001 872 2059 in
901 2017 981 2078 pane

62 2087 87 2140 et
105 2082 187 2160 vino,
211 2084 291 2144 siout
313 2082 399 2145 dioit:
422 2084 490 2146 Hoo
511 2085 602 2145 laoite
625 2086 654 2144 io
678 2102 777 2145 meam
796 2100 981 2144 commemo·

62 2165 213 2226 rationem.
258 2164 309 2226 sio
330 2167 360 2226 in
382 2166 535 2248 baptismo
558 2167 658 2230 verbis
676 2167 885 2248 promissionis
908 2165 981 2224 adii·

62 2246 96 2306 eit
114 2249 235 2328 signum
259 2250 421 2311 mersionis
443 2251 473 2310 in
495 2269 616 2330 aquam.
659 2251 707 2311 Ex
734 2249 844 2330 quibus
874 2248 980 2308 intelli·

63 2332 167 2408 pinus,
203 2333 234 2391 in
263 2332 401 2411 qualibet
427 2335 631 2413 promissione
658 2333 718 2395 Dei
750 2333 811 2394 duo
840 2332 980 2412 proponi,

9 2423 10 2448 ¹
63 2411 179 2474 verbum
215 2420 247 2476 et
278 2415 416 2496 signum,
450 2422 484 2478 ut
514 2415 639 2477 verbum
674 2414 879 2496 intelligemus
911 2432 981 2474 esse

63 2501 281 2574 testamentum,
303 2500 422 2579 signum
445 2517 518 2560 vero
541 2517 610 2560 esse
631 2505 869 2561 sacramentum:
892 2504 927 2557 ut
948 2497 979 2556 in

64 2580 147 2648 missa
169 2580 295 2641 verbum
319 2581 430 2643 Christi
453 2589 501 2643 est
520 2588 755 2658 testamentum,
777 2583 865 2662 panis
888 2586 919 2640 et
939 2580 981 2638 vi·

64 2681 125 2721 num
148 2669 221 2724 sunt
242 2671 479 2727 saeramentum.
522 2665 623 2760 Atque
634 2672 667 2727 ut
678 2667 776 2726 maior
797 2666 842 2724 vis
855 2665 913 2724 site
935 2669 982 2723 est

63 2745 87 2803 in
107 2744 201 2807 verbo
222 2765 313 2826 quam
336 2747 436 2828 signo,
457 2749 500 2810 ita
521 2749 659 2809 merorin
681 2754 866 2809 testamento
889 2763 979 2825 quam

64 2836 263 2893 santamente:
297 2833 368 2909 quia
397 2836 502 2912 potest
530 2830 625 2892 homo
654 2830 777 2892 verbum
807 2849 861 2892 seu
891 2835 980 2890 testa·

65 2917 190 2972 mentum
213 2912 327 2973 habere
348 2920 380 2974 et
401 2931 440 2976 eo
462 2916 503 2974 uti
533 2914 650 2993 absque
678 2915 767 2994 siguo
801 2932 854 2974 seu
881 2931 979 2971 saara·

65 3000 168 3055 mento.
213 2995 328 3074 Crede,
360 2997 458 3076 inquit
486 2997 691 3076 Augustinus,
721 3003 752 3057 et
779 2995 981 3069 manducasti,

65 3075 111 3134 sed
132 3079 181 3138 eui
203 3077 351 3154 ereditur,
384 3081 442 3139 nisi
464 3079 559 3140 verbo
580 3079 807 3160 promittentis?
844 3078 890 3139 lta
911 3095 981 3156 pos-

65 3177 123 3218 sum
144 3161 292 3239 quotidie,
316 3163 377 3222 imo
400 3163 483 3222 omni
505 3161 592 3238 hora,
616 3161 876 3238 missamhabere,
898 3159 980 3236 dum,

66 3243 175 3318 quoties
198 3244 343 3322 voluero,
364 3264 490 3326 possum
514 3245 606 3306 verbe
630 3245 739 3307 Christi
771 3245 843 3305 mihi
865 3261 978 3323 propo·

67 3343 139 3405 nere,
160 3333 191 3387 et
214 3325 306 3387 iidem
329 3346 429 3388 meam
450 3329 481 3389 iu
503 3328 561 3388 illis
583 3328 666 3389 alere
688 3335 719 3390 et
742 3327 897 3400 roborare,
921 3326 980 3386 hoo

67 3414 108 3466 est
126 3427 232 3470 revera
253 3411 450 3490 spiritualiter
472 3410 658 3472 mandueare
679 3417 711 3472 et
732 3410 846 3471 bibere.

139 3491 195 3552 Hie
216 3493 312 3568 vides,
335 3493 406 3572 quid
429 3502 459 3554 et
481 3499 627 3572 quantum
639 3494 775 3572 theologi
792 3491 980 3552 sententiandi

68 3572 92 3630 in
112 3573 167 3635 hae
187 3593 221 3636 re
232 3577 447 3655 praestiterint.
469 3577 613 3653 Primum,
633 3576 663 3637 id
681 3575 762 3656 quod
784 3579 980 3636 summumst

71 3657 189 3737 ospitale
211 3664 268 3744 est,
292 3678 402 3748 nempe
425 3665 639 3724 testamentum
662 3671 692 3720 et
714 3655 838 3719 verbum
852 3654 978 3738 promis·
