2252 4006
119 163 183 232 236
317 165 443 256 desertio
463 183 537 224 omn.
555 123 631 223 artie
649 167 683 223 D.
701 166 735 222 Η.
754 167 781 222 L.
801 183 849 238 per

121 341 181 404 qua
203 322 411 404 periouio.hio
432 322 537 383 eredat
558 321 606 384 vel
628 341 690 392 nou
704 322 816 404 eredat,
839 322 1038 384 nouasthae·

121 407 249 483 rationo,
279 407 304 466 si
326 407 535 487 purgatorium
559 425 620 466 nou
644 405 754 482 eredit,
781 425 840 468 neo
866 405 937 467 ideo
959 405 1039 467 Ohri·
1117 429 1118 436 ¹

121 491 249 569 stiunus,
272 490 296 549 si
320 490 423 552 eredit.
467 487 587 549 Graeca
606 489 686 548 euim
708 489 840 549 eaolesia
862 507 925 550 non
947 489 1041 550 eredit

122 591 250 632 manens
273 573 438 648 natholiae,
469 590 527 632 neo
555 572 582 631 ei
610 580 718 651 nouat,
746 572 828 650 quod
853 593 871 631 a
893 572 1041 652 papistioa

121 655 261 733 eoelesia,
286 656 420 715 omnium
443 654 733 730 sohismatioissima,
756 655 933 715 eriminatur
955 655 1040 714 etin-

121 738 281 798 simulatur
302 737 485 814 schismatis,
507 737 606 799 solum
621 737 660 797 ab
682 737 754 816 hoo,
776 737 849 816 quia
862 757 922 798 uon
947 739 1046 816 aequi·

122 827 170 881 tur
191 841 264 882 suos
288 839 423 900 nugaces
445 840 463 880 a
485 839 519 879 sa
544 826 681 899 repertos
694 821 839 881 articulos
862 820 942 880 fidei.
976 820 1040 900 [ign
1118 865 1119 892 ,

121 909 223 964 tamen
247 910 277 964 et
289 903 380 963 oredo
393 903 599 983 purgatorium
612 921 690 979 ease,
713 903 894 982 etoonsulo,
916 902 1041 964 suadeo·
1118 911 1119 936 ³

121 1005 180 1066 que
202 986 403 1062 eredendum,
426 986 479 1046 sed
503 986 653 1046 nemiuem
674 986 744 1045 volo
766 988 845 1065 oogi.
889 984 991 1063 Siout,
1017 988 1041 1046 si

121 1088 184 1130 uon
204 1069 325 1130 aradam
347 1069 496 1130 Thomam
510 1069 692 1147 Aquinatem
716 1087 784 1129 esse
801 1076 953 1146 sanatum,
975 1067 1042 1129 linat

122 1172 141 1212 a
162 1171 244 1232 papa
265 1153 492 1230 oanouisatum,
525 1171 585 1211 uon
610 1170 677 1211 sum
699 1151 887 1229 haeretious,
921 1151 1039 1231 quaudo

123 1241 152 1294 et
173 1235 194 1294 ii
216 1254 277 1297 nou
303 1244 373 1295 sunt
395 1235 556 1311 haeretiei,
579 1235 631 1312 qui
653 1234 804 1294 Thomam
825 1245 952 1316 negant,
976 1234 1042 1294 lieet

120 1337 139 1376 a
160 1336 243 1398 papa
265 1318 467 1398 approbatum
489 1325 520 1378 et
536 1315 749 1376 confirmatum
770 1318 800 1376 in
818 1318 882 1377 suis
906 1315 1000 1378 libris.

360 1500 597 1560 Trioesimua
627 1506 812 1562 octavus:

185 1647 314 1706 Animae
335 1647 365 1706 in
393 1646 570 1726 purgatorio
594 1663 655 1706 non
686 1654 756 1705 aunt
779 1662 908 1706 securas
930 1643 1043 1706 desua

184 1729 298 1805 salute,
330 1730 438 1788 saitem
468 1747 591 1804 omnen,
626 1747 684 1789 neu
710 1727 872 1808 probatum
901 1735 950 1788 est
976 1727 1042 1787 uilis

184 1821 237 1873 aut
258 1811 443 1886 rationibus,
475 1818 527 1872 aut
554 1810 732 1891 seripturis,
754 1812 837 1890 ipsas
865 1829 938 1872 essa
958 1817 1043 1871 extra

185 1901 296 1956 statum
319 1892 453 1954 merendi
477 1903 529 1954 aut
551 1893 712 1973 augendae
734 1893 878 1956 ueritatis.

276 2069 279 2079 '
379 2076 622 2136 Trioesimus
651 2094 792 2137 nonus:

186 2221 314 2280 Animae
336 2221 366 2280 in
390 2221 566 2301 purgatorio
581 2226 713 2300 peoaant
727 2221 793 2280 siue
807 2220 1043 2297 intermissione,

184 2301 327 2381 quamdiu
351 2309 502 2382 quaerunt
522 2305 668 2382 requiem,
691 2309 722 2364 et
743 2302 866 2363 horrent
889 2321 1017 2383 poenas.
1121 2325 1122 2336 ¹

411 2485 758 2565 Quadragesimns:

184 2613 313 2672 Animae
335 2633 375 2673 ex
398 2615 575 2693 purgatorio
598 2613 745 2674 liberatae
768 2611 920 2693 suffragiis
944 2613 1043 2674 viven-

183 2697 255 2754 tium
278 2695 377 2756 miuus
390 2695 528 2775 beantur,
552 2697 680 2775 quamsi
698 2715 752 2776 per
764 2715 797 2754 se
814 2696 1043 2758 satisfecissent

203 2810 267 2871 Hos
281 2818 340 2871 tres
359 2813 502 2871 articulos
526 2811 687 2891 disputavi,
710 2816 897 2891 protestatus
915 2827 966 2870 me
978 2829 1044 2870 aare

121 2911 220 2953 rerum
242 2895 367 2955 istarum
389 2895 539 2974 ignarum,
561 2913 621 2956 nso
641 2895 742 2955 adhue
752 2893 915 2974 probatum
930 2891 1042 2971 aliquid

120 2977 286 3053 inventum,
310 2978 366 3036 nisi
388 2976 471 3056 quod
493 2977 535 3037 iiii
559 2977 671 3038 dietum
695 2985 726 3038 et
745 2978 858 3037 foetum
883 2975 1042 3052 eoelesiae,

119 3057 227 3133 idest,
251 3079 358 3139 papae·
372 3067 402 3118 et
423 3077 547 3119 suorum
570 3061 802 3136 somniatorum,
826 3058 897 3119 mihi
921 3076 978 3137 pru
1002 3077 1043 3118 re·

119 3141 192 3220 gula
213 3140 284 3202 fldei
302 3141 483 3218 obtrudunt,
519 3143 601 3220 quod
635 3148 810 3204 contemno.
861 3139 937 3200 Cum
970 3159 1042 3220 ergo

120 3223 194 3283 nihil
217 3226 291 3284 oerti
314 3225 429 3305 possim
452 3224 502 3284 hio
524 3226 645 3302 dooere,
668 3226 803 3303 satisque
826 3223 1041 3303 disputaverim

120 3305 206 3384 alias,
229 3308 336 3368 merito
360 3306 826 3385 quiesaooonsuleusomuibus,
850 3313 881 3367 ut
893 3324 940 3380 ea,
964 3324 1042 3385 quae

120 3390 251 3465 aguntur
273 3407 341 3448 oum
362 3387 531 3464 animabus,
547 3389 658 3449 'divino
680 3388 792 3448 iudioio
817 3387 1041 3463 commendent,

121 3468 279 3546 soiantque
303 3489 414 3550 papam
428 3489 495 3528 oum
507 3489 563 3531 sna
580 3471 712 3532 eooieaia
726 3471 820 3530 muito
834 3471 934 3531 minus
945 3469 985 3530 de
997 3471 1040 3530 his

121 3547 211 3607 rebus
233 3569 334 3626 nosse,
358 3569 447 3628 quum
461 3551 538 3610 ullus
561 3552 598 3611 de
621 3554 751 3612 minimis
772 3551 907 3613 fidelium
921 3551 1040 3626 christi,

122 3625 193 3687 ideo
216 3648 286 3690 suas
308 3632 411 3694 Bullas
433 3632 464 3691 iu
493 3631 553 3694 hau
580 3654 612 3694 re
640 3653 720 3706 vere,
740 3654 809 3696 ease
830 3633 945 3714 bullas,
980 3637 1039 3696 imo
