2250 4008
336 153 462 209 RationIs
482 137 657 208 intersiinus
675 157 725 206 ste.
936 143 999 214 473

71 307 109 366 in
135 323 265 389 eorpors
288 315 402 385 vestro,
424 315 457 370 nt
478 307 629 372 obediatis
645 305 900 389 oonoupiseentiis
923 305 998 368 sins.

73 390 211 452 Rursum
236 394 410 454 eonsentire
432 394 470 468 si,
493 391 575 471 quod
590 399 749 474 pensatum
772 397 802 452 st
819 389 997 450 demnatum

72 493 144 536 non
166 482 227 552 est,
249 486 409 557 pensatum
433 477 497 536 erit.
540 475 630 536 Nova
656 476 748 556 plene
770 475 847 535 rstio
870 473 998 553 psonati.

72 556 241 618 Infirmitas
263 578 323 620 non
347 567 394 618 est
409 566 568 638 pennatum
591 577 649 619 neo
673 559 826 632 damnate,
850 565 879 616 et
896 564 999 616 tamen

72 640 101 698 si
140 644 316 702 eonsentias
354 644 397 702 rei
441 661 499 703 nee
538 641 702 702 damnatas
747 659 804 702 neo
846 636 1000 718 eulpabili,

71 725 247 802 pensasti.¹

165 806 287 885 Quare,
321 810 344 866 si
369 809 541 868 oonsnitum
570 811 627 888 piis
648 809 809 870 animabus
833 807 1000 867 volnissent
1035 877 1039 886 ‚

72 888 245 969 Sophistae
267 893 330 965 isti,
365 893 486 951 omissis
509 890 670 953 verborum
694 890 902 965 elusionibus,
935 907 999 950 rem

73 973 278 1051 simpliciter,
301 983 333 1034 ut
354 982 418 1052 est,
447 975 682 1053 proposuissent
702 977 731 1036 in
754 975 836 1036 huno
859 971 1001 1034 modum:

75 1057 165 1116 Eoos
188 1059 294 1136 optimi
317 1058 441 1134 iratres,
477 1058 607 1118 fatemur
628 1077 723 1138 opera
746 1059 827 1120 bona
849 1056 916 1117 Deo
939 1055 1002 1136 pis-

73 1157 167 1214 oere,
205 1142 392 1220 omninoque
414 1160 468 1220 per
489 1160 526 1200 ea
549 1160 606 1202 nos
628 1142 756 1218 saivari,
795 1143 933 1202 sednon
957 1138 1002 1198 sio

73 1229 153 1282 sunt
176 1222 267 1300 bona,
290 1223 372 1302 qnod
395 1226 460 1284 sine
482 1231 611 1302 psooeto
634 1225 704 1300 sint,
727 1226 781 1286 sed
803 1224 875 1304 quia
897 1221 1002 1283 adver·

73 1325 134 1365 sus
167 1317 327 1385 peoostum
364 1305 532 1387 pugnando
566 1307 648 1367 seete
682 1317 761 1372 sunt.
804 1307 873 1368 Hoo
902 1307 1001 1385 ipsum

74 1391 162 1448 enim
187 1389 300 1450 bonnm
324 1409 401 1469 opus
416 1396 463 1450 est
486 1397 592 1465 toturn,
617 1391 698 1470 qnod
714 1399 874 1472 peeoetum
896 1389 926 1449 in
950 1405 1002 1448 no·

75 1471 128 1530 bis
152 1481 209 1547 est,
232 1481 262 1532 et
284 1473 445 1533 nobiseum
468 1473 542 1553 ipsis
566 1493 749 1554 pugnamus,
771 1479 940 1554 nersgnet,
964 1489 1002 1530 ne

79 1555 267 1616 obediamus
289 1556 546 1635 concupiscentiis
568 1556 643 1618 eius.
688 1561 749 1619 ism
768 1559 839 1618 lieet
859 1557 943 1634 rigor
965 1553 1005 1614 le-

78 1641 131 1717 gis
155 1637 277 1700 divinae
301 1640 392 1698 stiam
416 1639 476 1699 hoo
494 1642 619 1718 exigere
642 1643 749 1719 possit,
772 1642 876 1700 utista
898 1655 1003 1716 pugna

79 1723 114 1781 in
140 1719 230 1781 nobis
252 1740 312 1782 non
336 1721 384 1798 sit,
407 1725 478 1802 quia
500 1721 648 1784 taiesnon
672 1725 786 1784 meavit
806 1741 864 1786 nos
886 1719 925 1782 ab
947 1719 1002 1780 ini·

78 1808 144 1878 tio,
168 1813 284 1864 reatum
308 1806 389 1864 enim
413 1805 485 1864 ieoit
506 1805 589 1864 Deus
611 1807 783 1881 hominem,
804 1808 870 1886 ipse
893 1823 926 1864 se
950 1803 1001 1862 mi-

79 1889 165 1948 souit
202 1886 326 1948 infinitis
355 1887 586 1966 quaestionibus
610 1890 670 1958 (ait
691 1888 882 1970 Sapiens‘).
924 1886 1001 1946 Nam

81 1972 146 2030 hoo
168 1971 249 2030 meio
272 1970 470 2050 impedimur,
506 1990 545 2030 ne
584 1974 639 2032 toti
661 1975 755 2033 simus
784 1975 813 2033 in
837 1969 1002 2049 eiusiege,

79 2063 114 2112 et
137 2073 208 2132 pars
233 2054 336 2127 nostri,
359 2071 438 2131 quae
460 2053 620 2116 nobiseum
644 2064 769 2136 pugnat,
791 2055 851 2134 legi
868 2055 932 2114 eius
948 2051 1002 2112 ad·

81 2143 232 2196 versatur.
276 2135 391 2196 Tamen
415 2136 555 2215 promisit
585 2138 822 2203 misericordiam
851 2145 882 2198 et
919 2138 1002 2214 igno·

79 2221 232 2279 soentiam
257 2218 409 2294 omnibus,
432 2221 482 2296 qui
505 2220 613 2280 saltem
633 2241 693 2282 non
717 2222 910 2282 consentiant
932 2219 1003 2280 huin

79 2303 179 2382 parti,
218 2302 271 2360 sed
302 2310 440 2382 pugnent
472 2300 618 2363 adversus
640 2325 707 2365 eam
748 2312 778 2365 et
798 2304 1003 2366 abolerestu·

82 2385 188 2448 deant.
233 2384 300 2445 Hos
323 2383 455 2444 studium
479 2385 590 2464 plausi,
612 2407 673 2448 non
698 2389 770 2467 quia
791 2387 926 2466 dignum,
949 2382 1003 2444 sed

81 2468 159 2546 qnia
180 2469 247 2548 ipss
268 2465 392 2528 indulsit
414 2475 444 2528 et
465 2475 627 2548 soesptare
649 2470 797 2551 promisit.

168 2548 299 2611 Proinde
324 2569 361 2610 ne
383 2549 496 2610 infleris
518 2558 571 2611 aut
591 2553 767 2632 superbias,
802 2553 896 2613 habes
922 2552 949 2610 in
973 2557 1002 2610 te

81 2637 165 2713 ipso,
187 2633 268 2693 unde
289 2631 432 2693 indicium
455 2634 638 2712 strigorem
662 2644 789 2713 metuas,
812 2643 841 2695 et
865 2633 1003 2694 admise-

80 2716 248 2777 rieordiam
272 2715 606 2780 solamteteoonferas.
650 2717 807 2779 Haoenim
830 2718 1002 2790 miserente,

83 2819 148 2860 non
171 2807 201 2860 te
224 2807 372 2876 sumente,
396 2798 477 2859 bona
501 2808 570 2858 sunt
593 2808 772 2880 operatua.
816 2798 906 2862 Aliud
929 2816 1003 2877 ergo

83 2883 124 2942 de
148 2890 177 2942 te
198 2880 348 2941 iudioabis
370 2880 537 2942 seeundum
549 2884 682 2964 rigorem
705 2883 807 2944 iudicii
831 2883 897 2958 Dei,
921 2879 1002 2940 aliud

83 2965 253 3026 seeundum
277 2964 494 3044 benignitatem
518 2967 747 3027 miseridordiae
769 2968 841 3026 eius.
887 2964 1002 3024 lithos

83 3049 163 3110 dnos
186 3054 371 3126 eonspeotus
394 3066 454 3110 non
468 3049 624 3126 separabis
647 3051 676 3110 in
697 3050 755 3110 heo
778 3051 846 3112 vita.
860 3047 1004 3146 ‚Senon-

83 3133 156 3192 dnm
180 3131 264 3190 iilum
298 3130 403 3191 omnia
435 3148 530 3209 opere
571 3141 624 3218 tna
657 3132 774 3212 polluta
796 3139 825 3192 et
848 3127 1003 3190 immunda

82 3223 169 3291 sunt,
194 3219 319 3294 propter
341 3219 459 3292 partam
481 3214 524 3274 tui
549 3214 755 3276 adversariam
779 3215 862 3290 Deo,
894 3229 1001 3272 ssoun·

85 3298 156 3358 dum
190 3295 314 3370 hune¹J
346 3314 419 3356 vero
455 3301 537 3356 totus
572 3297 702 3358 mundus
735 3297 808 3365 es2)
840 3304 872 3356 st
897 3295 1003 3354 iustus.

89 3479 128 3485 -.W
148 3477 236 3484 ...n-
244 3473 509 3483 -m--ffl

145 3581 175 3646 1)
189 3581 220 3633 ln
232 3579 275 3635 ed.
287 3581 358 3648 orig.
378 3577 494 3633 eidem:
514 3579 592 3630 hane.
613 3577 644 3645 2)
666 3577 695 3628 ln
713 3577 754 3630 sd.
770 3579 840 3644 orig.
860 3574 947 3628 deest:
967 3588 1005 3626 ss.

160 3655 190 3717 ⁸)
212 3651 315 3704 Eooles.
335 3651 359 3706 9.
