2258 4002
137 199 201 264 114
290 153 316 195 ⁶
418 200 462 253 rax
475 197 556 270 etat
573 197 672 268 invi
690 198 830 254 namt

138 354 212 416 bont
233 353 307 415 oieo
328 352 441 414 multos
463 353 620 434 aegrotos,
643 359 674 414 et
695 352 860 432 sautbaut,
892 353 981 412 ritum
1005 350 1063 410 soi·

137 437 209 498 linet
236 437 389 515 quendam
420 437 593 515 primitivae
623 436 789 517 eeclesiae,
823 453 885 514 quo
915 432 1065 495 miracula

136 519 291 582 iaciebant
303 537 396 600 super
410 517 547 595 infirmis,
560 519 609 598 qui
622 519 798 582 iamdudum
816 518 935 596 deieeit,
959 535 1064 597 quem·

137 601 305 664 admodum
335 606 368 664 et
398 602 471 666 Mar.
495 602 548 662 ult.
573 602 710 662 Christus
743 602 839 662 donat
859 599 1064 679 erodentibus,

138 694 171 746 ut
192 692 350 766 serpentes
373 685 492 765 tolient,
515 694 546 745 et
566 703 659 765 super
683 703 794 764 aegros
816 703 923 744 manus
945 690 1065 764 ponant

137 774 197 831 eto.
240 769 290 828 Ex
311 767 419 847 quibus
441 767 542 830 verbis
563 769 673 828 mirum
695 775 751 845 est,
774 767 857 847 quod
885 785 946 827 non
970 767 1064 826 etiam

137 857 331 914 santamente
350 849 488 930 foderint,
510 869 578 910 num
604 851 664 910 sint
684 849 790 911 similis
805 851 921 910 virtutis
942 855 975 909 et
996 865 1067 929 pro-

139 935 293 995 missionis
315 952 384 994 oum
405 933 505 994 verbis
535 933 582 993 his
603 932 718 998 laoobi.
761 932 830 993 Nou
862 951 936 1012 ergo
964 948 1065 992 saera

139 1027 276 1078 mentum
298 1022 345 1077 est
367 1023 505 1076 extrema
525 1017 600 1093 ista,
627 1015 659 1075 id
681 1023 743 1093 est,
771 1014 845 1075 fieta
867 1015 988 1093 unetio,
1010 1013 1065 1074 sed

139 1101 299 1162 eonsilium
321 1097 442 1178 Isoobi,
473 1118 534 1179 quo
558 1099 673 1179 possit,
695 1099 746 1178 qui
768 1098 860 1174 velit,
881 1099 940 1176 uti,
963 1115 1067 1176 sump-

139 1191 203 1244 tum
234 1201 273 1243 ao
299 1182 437 1242 relietum
473 1202 513 1242 ex
545 1173 707 1262 evangelio
737 1182 830 1241 Masei
852 1179 890 1258 6,
927 1188 960 1240 ut
992 1179 1067 1239 dixi.

136 1263 246 1345 Neque
269 1266 349 1324 enim
385 1265 477 1325 eredo
507 1264 611 1324 datum
639 1264 765 1324 infirmis
787 1264 962 1343 quibusvis,
996 1281 1067 1323 eum

100 1368 101 1372 ¹
139 1349 290 1409 eeclesiae
312 1347 411 1428 gloria
433 1350 471 1408 sit
492 1347 669 1426 infirmitas,
694 1356 724 1407 et
746 1365 828 1408 mors
851 1348 982 1424 tuorum,
1011 1345 1067 1406 sed

139 1432 187 1492 bis
208 1439 343 1510 tantum,
373 1431 427 1510 qui
448 1431 657 1510 impatientius
680 1437 711 1490 et
738 1431 805 1490 rudi
827 1429 888 1490 fide
909 1428 1069 1488 infirmito-

139 1521 201 1575 tsm
222 1514 344 1574 ferrent.
388 1511 474 1588 Quos
495 1513 565 1574 ideo
589 1513 709 1592 reliquit
731 1513 891 1594 Dominus,
915 1513 1000 1572 utin
1023 1511 1069 1572 eis

140 1597 288 1657 miraouls
309 1599 340 1659 et
361 1597 456 1657 virtus
478 1595 550 1656 fidei
572 1597 750 1658 eminerent.

222 1679 262 1739 Et
288 1680 349 1739 boo
373 1680 473 1758 ipsum
504 1685 594 1740 naute
626 1697 664 1739 ae
692 1679 729 1739 de
758 1677 907 1739 industris
937 1675 1070 1738 lsoobas

139 1761 289 1844 providit,
312 1761 382 1822 dum
405 1763 641 1844 promissionem
664 1763 803 1823 sanitatis
824 1765 856 1822 et
876 1759 1070 1820 remissionis

139 1852 339 1926 peecatorum
361 1863 423 1905 non
446 1846 549 1907 tribuit
572 1846 725 1922 unotioni,
755 1844 809 1904 ssd
831 1843 964 1905 orationi
984 1841 1069 1904 fldei.
1095 1890 1098 1906 .

140 1927 192 1990 sis
213 1929 294 1991 enim
319 1928 404 1988 dieit:
441 1928 480 1989 Et
511 1930 611 1990 oratio
642 1926 713 1990 fidei
743 1926 876 1989 saivabit
904 1925 1070 2004 infirmum,

140 2016 172 2072 st
193 2010 351 2088 alleviabit
372 2029 440 2072 eum
464 2011 631 2089 Dominus,
655 2020 686 2072 ot
707 2013 732 2071 si
755 2011 786 2071 in
808 2011 944 2091 peeeatis
966 2009 1071 2087 fuerit,

142 2095 334 2154 remittentur
355 2095 393 2156 ei.
437 2093 666 2155 Sacramentum
695 2095 777 2155 euim
798 2113 860 2154 non
882 2094 981 2173 exigit
1002 2109 1071 2152 ora·

33 2219 37 2226 ,
142 2176 258 2238 tionem
280 2183 335 2236 aut
354 2175 445 2238 fldem
470 2178 607 2253 ministri,
630 2196 699 2237 oum
722 2178 833 2258 impius
856 2178 947 2237 etiam
968 2175 1070 2255 bapti·

143 2265 192 2320 set
212 2266 243 2319 et
264 2268 425 2320 eonseoret
445 2259 562 2340 absque
586 2261 736 2340 oratione,
759 2259 812 2320 sed
825 2261 930 2320 nititur
952 2259 983 2318 in
1000 2257 1072 2318 sola

143 2343 352 2422 promissione
372 2350 402 2402 et
422 2344 613 2404 institutione
634 2344 709 2422 Dei,
739 2345 867 2424 exigens
888 2341 980 2402 fldem
1004 2359 1070 2401 sus·

143 2425 293 2506 sipieutia.
336 2425 370 2486 iu
393 2434 517 2486 nostrae
540 2435 641 2488 eutem
664 2437 823 2488 extremae
839 2425 993 2486 unctionis
1015 2424 1071 2485 bo·

144 2507 269 2570 diernae
290 2527 347 2568 usu
370 2509 420 2570 ubi
443 2515 490 2570 est
512 2512 610 2571 oratio
634 2509 726 2570 fidei?
760 2508 835 2584 Quis
859 2528 896 2570 ea
917 2508 978 2568 fide
1001 2513 1073 2567 orat

143 2611 235 2672 super
255 2589 418 2670 infirmum,
440 2599 474 2652 ut
495 2611 557 2654 non
576 2593 708 2655 haesitet
729 2613 796 2653 eum
820 2590 960 2653 restitui?
989 2589 1070 2651 Nam

143 2675 236 2735 talem
258 2676 427 2736 orationem
449 2674 520 2734 fldei
542 2675 673 2737 ianobus
695 2676 746 2736 bio
767 2675 925 2752 describit,
948 2674 986 2734 de
1009 2691 1072 2753 qua

144 2763 175 2817 et
196 2758 225 2816 in
248 2759 397 2838 principio
421 2757 554 2818 dixerat:
577 2760 716 2821 Postulet
734 2765 836 2820 autem
858 2761 888 2818 in
911 2757 972 2818 fide
995 2755 1072 2816 nibil

143 2839 310 2920 haesitans,
333 2840 572 2918 ethristus*):
596 2841 806 2923 Quaecunque
827 2843 984 2924 petieritis,
1008 2857 1071 2900 ore·

107 2927 111 2940 '
145 2921 217 3002 dite,
239 2924 312 3001 quia
332 2925 500 3004 aooipietio,
523 2931 554 2984 et
571 2924 624 2986 fiet
645 2925 742 2987 vobis.

226 3004 354 3068 Prorsus
376 3025 437 3068 uon
461 3016 508 3068 est
531 3008 671 3087 dubium,
694 3010 718 3070 si
740 3007 833 3070 hodio
855 3025 979 3088 quoquo
1001 3006 1070 3066 talis

145 3088 243 3149 oratio
265 3087 352 3150 fieret
378 3107 470 3170 super
489 3090 660 3172 infirmum,
692 3092 721 3152 id
746 3098 808 3170 est,
842 3111 860 3152 a
888 3088 1070 3165 senioribus,

144 3171 335 3252 gravioribus
359 3180 390 3232 st
419 3176 532 3234 sanatis
555 3176 641 3251 viris,
669 3175 761 3256 plena
779 3173 841 3234 fide
861 3174 963 3234 sanari
985 3178 1071 3252 quot

144 3261 221 3334 quot
242 3254 399 3316 vellemus.
441 3255 533 3316 Fides
560 3259 642 3317 enim
670 3258 743 3338 quid
777 3275 839 3318 non
857 3255 998 3337 ‘passati
1033 3255 1071 3314 st

145 3355 206 3397 nos
224 3335 286 3396 fide
313 3336 372 3396 bae
400 3339 542 3418 neglecta
572 3343 682 3419 (quam
710 3342 845 3400 maxime
874 3340 973 3418 exigit
996 3339 1071 3398 bose

146 3420 279 3498 apostoli
301 3419 467 3498 autoritas)
499 3420 609 3482 deinde
637 3423 768 3503 quodvis
790 3421 986 3483 saeerdotunr
1010 3421 1070 3480 vul·

146 3518 205 3580 gua
233 3521 288 3582 per
316 3500 533 3582 presbyteros,
565 3505 647 3566 viros
676 3506 794 3568 seiiieet
821 3512 924 3567 aetate
953 3512 984 3566 et
1013 3502 1072 3564 fide

202 3681 238 3774 q
253 3682 350 3742 rossa
369 3682 414 3740 rs
