2258 4002
127 188 190 259 200
319 194 444 249 Assertio
463 209 538 250 omn.
558 196 635 250 artie.
654 192 688 250 D.
707 193 740 251 u.
758 191 790 252 L.
808 213 859 267 per

128 347 185 426 Qui
208 349 288 410 enirn
311 345 538 426 mandueat“)
563 369 685 411 sarnam
710 369 819 428 meam,
843 357 873 412 et
893 349 970 411 bibit
982 368 1046 410 san·
1124 378 1125 435 j

127 434 249 516 guinem
273 451 385 510 meum,
408 434 489 493 vivet
509 434 540 493 in
565 440 731 496 aeternum.
775 434 878 495 Verba
901 440 934 494 et
955 451 1048 514 opera
1124 461 1125 466 ¹

129 515 239 578 Christi
262 515 404 576 omnibus
426 523 497 576 eunt
518 516 664 578 salutaria
685 516 724 576 ad
748 518 852 596 vitam,
874 518 1049 596 quicunque
1123 513 1125 546 ³

128 617 166 660 ea
187 598 453 679 apprehenderint,
476 618 533 659 neo
555 603 685 680 possunt
695 601 752 660 uisi
775 599 835 662 fide
851 599 1048 681 apprehendi.
1124 619 1125 622 ¹

34 735 36 740 .
127 681 201 743 ldeo
223 699 281 742 neo
303 682 380 742 ullus
403 681 559 743 hominum
582 682 675 742 habet
697 702 735 743 ea
758 683 788 743 in
812 689 968 764 potestate
986 702 1049 757 sua,
1124 681 1125 696 ³

128 765 187 826 nisi
209 765 293 825 aolus
315 765 390 846 ipse.
434 765 643 845 Indulgentiae
671 771 774 827 autern
804 774 875 827 sunt
898 765 1049 826 remissio-

128 867 183 908 nes
205 847 438 926 satisinotiouis,
465 867 544 929 quae
566 847 639 908 nihil
663 848 776 909 laniunt
801 848 840 910 ad
863 848 1053 910 iustifloatio·
1124 859 1125 881 ¹

127 951 207 1008 uem,
230 930 300 991 ideo
322 932 449 1010 insignis
472 939 518 990 est
540 930 738 1011 blasphemia,
762 934 871 993 merita
887 933 1000 1001 Christi
1022 932 1050 990 iu
1122 926 1125 966 3

127 1014 189 1075 hoo
217 1013 373 1074 sordidum
407 1033 484 1094 opus
517 1015 623 1074 mortis
655 1032 779 1094 ponere.
818 1014 945 1075 Praeter
976 1015 1053 1074 haeo
1124 1013 1125 1020 ’

127 1097 218 1156 nullis
233 1096 394 1176 Soripturis
415 1116 471 1156 sua
491 1097 633 1177 probant,
657 1098 711 1156 sod
733 1097 905 1177 solaimpia
928 1098 982 1157 illa
993 1097 1052 1156 Ex·
1124 1111 1125 1168 j

128 1185 308 1260 travagante
330 1179 465 1242 Clemen.
488 1180 537 1240 Vl.
568 1200 607 1239 ex
630 1180 825 1260 opinionibus
846 1181 991 1241 Thomae
1011 1181 1052 1239 in·
1124 1180 1125 1214 ³

129 1263 305 1323 sulsissimis
327 1272 358 1322 et
379 1263 470 1323 ureris
492 1261 645 1343 figmentis
668 1271 828 1342 oonoepta:
1088 1255 1090 1262 ⁴
1124 1269 1125 1274 ’

211 1346 260 1406 Ad
282 1345 361 1406 haeo
382 1348 489 1406 merita
502 1345 611 1406 Christi
634 1345 891 1407 suntneoessaria
914 1353 946 1405 et
968 1365 1054 1426 prae·
1124 1347 1125 1382 ³

128 1435 218 1509 oepta
240 1428 355 1507 haberi,
377 1429 456 1488 siout
477 1437 507 1488 et
527 1428 619 1507 iides3
643 1430 687 1488 sio
708 1429 729 1488 l.
755 1429 891 1490 Corinth.
919 1433 946 1490 1.
972 1428 1054 1499 dicit,
1123 1430 1125 1465 ³

73 1533 81 1546 ’
128 1511 217 1572 nobis
240 1511 391 1572 Christum
413 1530 482 1571 ease
495 1512 552 1574 Dei
575 1514 714 1571 virtutem
737 1520 767 1571 et
777 1512 833 1572 Dei
858 1510 1055 1591 sapientiam,
1124 1511 1125 1548 ἓ

129 1602 160 1655 ot
181 1594 290 1657 Roma.
314 1599 360 1660 5.·:
387 1594 453 1666 Nos
476 1596 505 1654 in
529 1594 597 1656 solo
626 1596 775 1674 sanguine
798 1595 862 1654 eius
886 1593 1056 1672 iustificari,

129 1685 160 1738 et
182 1677 290 1740 Roma.
313 1679 347 1742 3:
381 1677 483 1758 lpsurn
517 1679 649 1757 positum
681 1677 712 1736 iu
744 1677 996 1758 propitiatorium
1026 1677 1054 1734 in

130 1762 279 1841 snguine
305 1779 372 1822 suo.
427 1759 486 1822 Sed
519 1759 726 1840 indulgentiae
763 1779 820 1820 neo
848 1761 1056 1838 necessariae,

87 1871 91 1878 =
127 1861 186 1903 nso
207 1850 392 1924 praeoeptae
413 1850 497 1920 aunt,
524 1843 603 1903 siout
626 1862 682 1904 neo
702 1841 795 1903 fidem
818 1842 949 1921 habent,
984 1840 1056 1901 ideo

130 1925 202 1986 nihil
224 1926 338 1987 iaciunt
361 1925 400 1986 ed
423 1925 551 1986 sulutem
574 1944 709 2006 prorsus.

213 2008 303 2084 Quod
326 2026 399 2069 vero
423 2009 545 2086 dieunt,
568 2010 676 2069 merita
698 2007 808 2069 Christi
832 2000 931 2088 aooipi
954 2007 1057 2088 dupli·

132 2093 217 2168 niter,
239 2109 300 2152 uno
326 2090 418 2152 modo
441 2111 495 2172 per
518 2089 890 2167 modumsausfaotionis,
913 2089 1057 2171 alio·per

131 2175 255 2235 modum
278 2172 510 2251 iustificationis,
532 2173 721 2254 respondeo:
744 2173 823 2249 Quid
847 2171 918 2232 mihi
941 2180 972 2232 et
989 2174 1055 2233 istis
1124 2175 1125 2178 ’

129 2255 303 2336 figmentis-l
335 2258 400 2316 seio
437 2258 544 2316 merita
572 2255 681 2317 Christi
712 2257 802 2316 etiam
832 2256 929 2335 eooipi
959 2254 1056 2315 hodie

130 2359 185 2420 per
212 2338 336 2400 modum
368 2341 527 2420 peouniae.
567 2339 607 2398 Et
627 2341 657 2398 in
686 2357 747 2417 quo
776 2339 925 2398 eoelerum
955 2337 1054 2400 abusu

130 2442 191 2483 non
214 2428 434 2503 praetexuntur
451 2422 543 2482 hodie
565 2423 673 2482 merita
685 2420 817 2482 Christi?
839 2421 906 2481 Hae
916 2419 1055 2502 fingendi

129 2504 253 2565 libidine
276 2504 395 2584 quidvis
417 2524 435 2565 e
458 2505 566 2582 quovis
588 2503 689 2564 faeere
706 2504 818 2580 lioebit‚
841 2505 932 2564 etiam
953 2503 1053 2564 Deum
1100 2511 1106 2522 '

129 2607 169 2648 ex
190 2590 259 2669 ipso
281 2596 403 2665 satana,
431 2586 512 2668 quod
537 2593 566 2647 et
588 2587 704 2658 sapiunt
725 2592 817 2666 atque
838 2587 976 2646 leserunt
999 2587 1053 2646 im·

130 2671 172 2749 pii
192 2673 242 2731 isti
263 2670 489 2751 indulgentinrii
513 2669 696 2736 adulatores.

395 2834 579 2896 Deoimua
608 2841 786 2894 ootavus:

190 2962 400 3042 Indulgentiae
422 2970 492 3022 sunt
513 2963 583 3042 piae
605 2959 726 3021 fraudes
749 2959 882 3021 fidelium
897 2966 928 3021 et
948 2961 1052 3021 remis·

192 3047 296 3106 siones
321 3045 471 3106 bonorum
495 3063 632 3124 operum,
655 3051 686 3103 et
707 3049 777 3102 sunt
791 3041 830 3103 de
850 3060 980 3103 numero
1003 3061 1052 3103 eo-

192 3148 268 3204 rum,
292 3123 483 3206 quaelioent‚
506 3135 535 3188 et
558 3125 670 3188 nonde
693 3143 950 3203 numerosorum,
974 3143 1051 3204 quae

127 3216 131 3230 ¹
193 3209 369 3291 expediunt.
870 3243 873 3250 ,

213 3326 328 3402 Erravi,
350 3325 465 3403 fateor,
498 3325 549 3385 nbi
572 3325 636 3385 dixi
657 3324 861 3405 indulgentias
884 3341 954 3384 esse
982 3324 1048 3403 piae

130 3409 252 3468 fraudes
280 3407 430 3485 fidelium,
458 3409 503 3467 sio
526 3409 605 3467 eninr
629 3426 646 3466 a
669 3407 770 3467 multis
797 3405 962 3487 proverbio
991 3405 1048 3467 dioi

131 3489 295 3566 audieram,
317 3509 395 3568 quos
416 3488 650 3550 tunoimitabar:
691 3489 817 3550 Revooo
830 3506 905 3568 ergo
928 3495 958 3549 et
971 3487 1048 3568 dion,

187 3666 214 3724 *l
233 3665 328 3721 lohan.
346 3667 372 3722 6.
