2250 4008
131 161 195 238 49)
423 175 580 230 confutatio
599 169 763 255 Eutharicus

131 330 215 394 solos
237 339 341 412 gratus
364 339 394 392 et
416 341 560 415 acceptus
582 336 659 396 inter
681 354 788 399 omues
815 335 956 400 homines
978 353 1043 414 pro·

130 416 236 496 pitium
259 425 289 477 et
311 415 490 480 clementem
514 419 612 480 Deum
636 419 777 494 haberet,
811 427 844 479 ut
875 418 1043 482 nobishoc

131 498 244 560 donum
267 508 299 562 et
320 501 410 562 etiam
433 501 512 562 hauc
535 504 664 582 gratiam
688 511 861 567 mereretur.

213 583 318 646 Iohan.
341 588 368 646 1.
400 585 552 648 Iohannes
591 587 766 666 Baptista¹i
802 589 862 646 sic:
898 587 964 646 Lex
994 605 1043 664 per

132 667 238 728 Mosen
261 667 335 730 data
358 676 418 740 est,
452 672 551 748 gratia
583 690 656 730 vero
685 677 717 730 et
737 671 848 730 veritas
871 689 927 749 par
948 669 1044 731 lesum

131 750 282 812 Christum
305 754 385 812 facta
418 760 480 830 cst3
513 759 543 814 et
564 753 701 831 iufra²):
736 754 862 814 Plenum
896 753 998 834 gratia
1018 761 1045 812 et

131 835 267 899 veritate.
309 837 355 896 ita
376 837 487 896 veritas
510 856 551 896 ex
568 837 689 898 Christo
709 838 740 898 in
769 856 827 898 uos
850 835 952 898 fluens
974 835 1045 897 tides

129 924 186 994 est,
208 920 305 998 gratia
326 917 418 980 fidem
440 919 604 984 comitatur
625 920 665 983 ob
687 921 814 1000 gratiam
826 919 950 996 Christi,
973 921 1045 978 sicut

130 1000 243 1062 ibidem
265 1004 436 1083 praemisit:
479 1004 526 1064 Dc
553 1005 740 1084 plenitudine
769 1006 833 1064 eius
862 1022 974 1064 omnes
1002 1021 1045 1062 ac·

131 1086 267 1164 cepimus
289 1087 417 1166 gratiam
441 1106 496 1166 pro
527 1088 634 1167 gratia..
679 1086 777 1162 Quam
806 1090 958 1167 gratiam,
994 1105 1047 1165 pro

129 1187 190 1247 qua
212 1170 333 1247 gratia?
355 1171 484 1248 gratiam
507 1179 651 1246 nostram,
675 1179 706 1232 ut
722 1170 809 1230 nobis
825 1169 1048 1244 iaveretDeus,

129 1270 186 1331 pro
208 1254 306 1332 gratia
327 1253 454 1329 Christi,
483 1273 544 1332 qua
564 1253 607 1316 illi
630 1254 712 1314 favet
735 1254 827 1315 Deus.
872 1253 973 1330 Quia,
1008 1254 1048 1312 in·

129 1335 203 1413 quit,
225 1335 288 1396 Lex
311 1356 366 1415 per
380 1338 487 1398 Mosen
503 1336 585 1408 data,
606 1337 661 1397 sed
685 1339 785 1414 gratia
805 1345 835 1398 at
859 1338 974 1401 veritas
996 1355 1048 1416 par

128 1417 227 1479 lesum
263 1418 414 1480 Christum
454 1420 535 1480 iacta
569 1428 623 1482 est.
679 1420 835 1482 Habemus
877 1439 954 1499 ergo
990 1417 1048 1478 duo

129 1500 212 1562 bona
235 1503 393 1582 Evangelii
423 1502 569 1564 adversus
597 1504 657 1566 duo
690 1503 771 1564 mala
792 1503 899 1582 Legis,
934 1501 1048 1562 donum

130 1604 185 1664 pro
208 1592 348 1665 peccata,
371 1588 499 1667 gratiam
521 1607 576 1666 pro
598 1589 652 1648 ira.
694 1587 758 1646 Iam
782 1589 935 1666 sequitur,
968 1584 1047 1664 quod

129 1668 182 1728 illa
204 1668 280 1742 duo,
320 1671 364 1729 ira
396 1677 427 1730 et
453 1672 566 1749 gratia,
604 1672 647 1729 sic
678 1691 711 1728 se
739 1670 853 1730 habeut
878 1677 968 1736 scum
991 1669 1047 1728 sint

130 1759 218 1812 extra
238 1757 327 1829 nos),
351 1756 433 1814 utin
458 1760 554 1814 totum
568 1753 775 1830 effundantur,
799 1754 906 1832 utqui
928 1752 986 1812 θιὼ
1008 1752 1048 1810 ira

130 1843 186 1908 est,
204 1843 285 1897 totus
308 1835 364 1896 θιὼ
384 1845 449 1898 tota
470 1838 516 1896 ira
538 1844 593 1912 est,
617 1839 667 1915 qui
690 1836 746 1896 sub
760 1838 866 1915 gratia,
889 1842 974 1896 totus
996 1833 1047 1894 sub

130 1925 196 1980 tuta
218 1921 316 1998 gratia
338 1930 400 1999 est,
435 1921 506 1998 quia
534 1921 577 1978 ira
609 1927 639 1980 et
661 1920 760 2000 gratia
781 1938 932 1999 personas
955 1919 1047 1998 respi-

130 2003 223 2062 ciunt.
267 2001 365 2078 Quem
388 2005 470 2064 anim
493 2003 576 2063 Deus
599 2003 778 2082 ingratiam
801 2003 929 2082 recipit,
953 2007 1047 2062 totum

129 2085 255 2164 recipit,
285 2094 314 2146 et
338 2089 385 2146 cui
409 2087 508 2162 favet,
543 2088 572 2145 in
597 2093 693 2146 totum
716 2085 814 2162 favet,
850 2104 972 2161 rursus,
1001 2085 1047 2144 cui

129 2169 298 2242 irascitur,¹
322 2171 352 2231 iu
392 2176 488 2229 totum
519 2169 667 2230 irascitur.
711 2168 779 2228 Non
809 2169 889 2228 euim
924 2169 1048 2248 partitur

129 2251 208 2312 hauc
229 2253 368 2332 gratiam,
393 2253 471 2312 siout
493 2252 575 2313 dona
597 2253 738 2330 partitur,
759 2270 817 2310 nco
839 2251 938 2330 diligit
959 2257 1049 2331 caput

129 2343 159 2394 et
180 2334 245 2396 odit
265 2336 371 2414 pedes,
394 2354 452 2395 neo
474 2335 557 2395 iavet
578 2336 699 2395 animae
722 2341 751 2394 et
775 2332 839 2395 odit
855 2353 981 2413 corpus.
1011 2333 1048 2392 Et

129 2425 229 2516 taupen
246 2418 340 2479 donat
354 2421 484 2497 animae,
508 2417 590 2497 quod
607 2437 669 2478 non
689 2416 785 2478 donat
799 2419 931 2499 corpori,
954 2417 1049 2478 donat

130 2502 238 2580 capiti,
277 2502 359 2581 quod
389 2521 449 2562 uon
477 2501 572 2562 donat
600 2500 737 2580 pedibus.
793 2499 844 2560 Sic
873 2506 903 2560 at
930 2501 960 2560 iu
986 2506 1050 2560 tota

129 2584 270 2653 ecclesia,
292 2603 371 2664 quae
394 2587 423 2644 iu
447 2584 553 2644 eadem
577 2585 675 2662 gratia
686 2583 743 2644 Dei
767 2590 837 2662 stat,
860 2590 893 2643 ut
914 2583 1006 2644 Rom.
1020 2587 1049 2646 ὃ.

129 2665 215 2728 dicit:
258 2669 316 2728 Per
348 2689 437 2749 quem
470 2666 618 2727 habemus
655 2686 813 2726 accessum
850 2667 881 2726 in
919 2666 1050 2744 gratiam

127 2750 228 2828 istam,
251 2753 280 2811 in
305 2771 365 2832 qua
387 2758 501 2812 stamus
526 2756 584 2814 etc.
629 2749 774 2810 Diversus
804 2757 834 2810 et
856 2749 1050 2810 multiformis

129 2840 175 2894 est
197 2834 226 2893 in
251 2835 338 2896 donis
362 2836 434 2896 suis.
477 2833 523 2894 Ita
545 2854 562 2893 e
584 2840 700 2909 contra,
724 2834 771 2892 oui
794 2852 856 2892 non
879 2831 972 2902 favet,
997 2833 1050 2892 toti

128 2935 191 2977 non
215 2916 308 2997 favet,
331 2925 360 2976 et
383 2924 483 2976 tameo
508 2936 568 2977 non
593 2922 689 2976 totum
713 2917 808 2996 punit,
829 2917 892 2976 imo
913 2915 966 2974 ilie
990 2933 1050 2976 uuo

128 3007 258 3080 peccato
281 3002 369 3061 unius
392 2999 518 3060 membri
547 2998 602 3059 sub
625 2999 671 3058 ira
690 3004 773 3059 totus
796 3007 915 3074 manet,
951 3005 982 3058 st
1003 2998 1051 3057 hio

127 3103 188 3144 uuo
213 3084 295 3144 dono
320 3084 406 3142 unius
431 3083 532 3162 operis
561 3082 618 3142 sub
640 3082 739 3161 gratia
762 3088 842 3141 totus
866 3089 989 3157 manet,
1021 3087 1051 3140 ut

128 3166 237 3244 louge,
266 3168 344 3227 siout
376 3164 457 3238 dixi,
488 3167 586 3243 gratia
620 3185 638 3224 a
671 3164 759 3228 donis
791 3162 981 3224 secernenda
1004 3165 1050 3238 sit,

128 3269 196 3310 cum
220 3251 288 3312 sola
309 3249 406 3328 gratia
429 3249 467 3307 sit
500 3249 561 3307 vita
582 3255 723 3324 aeterua,
747 3247 835 3308 Rom.
858 3249 893 3325 6,
931 3254 961 3306 et
983 3247 1049 3306 sola

128 3333 173 3390 ira
195 3333 234 3391 sit
254 3352 336 3393 mors
360 3339 495 3392 aeterua.

96 3424 100 3429 '
212 3414 378 3474 Veniamus
417 3414 541 3474 taudem
575 3413 613 3471 ad
653 3413 833 3480 institutum,
886 3411 987 3472 Iustus
1020 3421 1047 3470 et

129 3492 226 3551 fidelia
249 3495 365 3572 absque
387 3493 479 3555 dubio
502 3493 593 3554 habet
615 3496 745 3572 gratiam
768 3503 798 3553 et
820 3492 953 3568 donum,
981 3514 1045 3573 gra-

202 3674 232 3741 1)
255 3677 283 3727 ln
302 3676 345 3732 ad.
366 3634 435 3749 orig.
449 3679 539 3732 deest:
559 3680 690 3749 Baptista,
719 3680 747 3748 2)
760 3679 789 3734 lu
807 3677 936 3734 eddam:
958 3691 1043 3750 supra.
