<?xml version="1.0" encoding="UTF-8"?>
<!DOCTYPE html PUBLIC "-//W3C//DTD XHTML 1.0 Transitional//EN"
    "http://www.w3.org/TR/xhtml1/DTD/xhtml1-transitional.dtd">
<html xmlns="http://www.w3.org/1999/xhtml" xml:lang="en" lang="en">
 <head>
  <title>
</title>
<meta http-equiv="Content-Type" content="text/html;charset=utf-8" />
  <meta name='ocr-system' content='tesseract 3.04.00' />
  <meta name='ocr-capabilities' content='ocr_page ocr_carea ocr_par ocr_line ocrx_word'/>
</head>
<body>
  <div class='ocr_page' id='page_1' title='image "./operalatinavari03schmgoog_0016.png"; bbox 0 0 2254 4008; ppageno 0'>
   <div class='ocr_carea' id='block_1_1' title="bbox 333 163 982 233">
    <p class='ocr_par' dir='ltr' id='par_1_1' title="bbox 333 163 982 233">
     <span class='ocr_line' id='line_1_1' title="bbox 333 163 982 233; baseline 0.006 -11"><span class='ocrx_word' id='word_1_1' title='bbox 333 170 363 226; x_wconf 83' lang='lat' dir='ltr'><strong>D.</strong></span> <span class='ocrx_word' id='word_1_2' title='bbox 382 165 458 226; x_wconf 71' lang='lat' dir='ltr'><strong>Mart</strong></span> <span class='ocrx_word' id='word_1_3' title='bbox 478 169 556 224; x_wconf 87' lang='lat' dir='ltr'><strong>Lutlr.</strong></span> <span class='ocrx_word' id='word_1_4' title='bbox 576 167 697 226; x_wconf 81' lang='lat' dir='ltr'><strong>oblatio.</strong></span> <span class='ocrx_word' id='word_1_5' title='bbox 962 163 982 233; x_wconf 82' lang='lat' dir='ltr'><strong>b</strong></span> 
     </span>
    </p>
   </div>
   <div class='ocr_carea' id='block_1_2' title="bbox 70 321 986 820">
    <p class='ocr_par' dir='ltr' id='par_1_2' title="bbox 70 321 986 820">
     <span class='ocr_line' id='line_1_2' title="bbox 71 321 983 406; baseline -0.003 -19"><span class='ocrx_word' id='word_1_6' title='bbox 71 322 186 405; x_wconf 87' lang='lat' dir='ltr'><strong>assequi</strong></span> <span class='ocrx_word' id='word_1_7' title='bbox 215 331 246 386; x_wconf 88' lang='lat' dir='ltr'><strong>et</strong></span> <span class='ocrx_word' id='word_1_8' title='bbox 281 321 436 403; x_wconf 85' lang='lat' dir='ltr'><strong>obtinere,</strong></span> <span class='ocrx_word' id='word_1_9' title='bbox 468 343 521 386; x_wconf 91' lang='lat' dir='ltr'><strong>me</strong></span> <span class='ocrx_word' id='word_1_10' title='bbox 559 323 633 385; x_wconf 90' lang='lat' dir='ltr'><strong>nihil</strong></span> <span class='ocrx_word' id='word_1_11' title='bbox 660 337 794 404; x_wconf 84' lang='lat' dir='ltr'><strong>unquam</strong></span> <span class='ocrx_word' id='word_1_12' title='bbox 827 327 983 406; x_wconf 87' lang='lat' dir='ltr'><strong>conatum,</strong></span> 
     </span>
     <span class='ocr_line' id='line_1_3' title="bbox 70 407 984 490; baseline 0 -22"><span class='ocrx_word' id='word_1_13' title='bbox 70 410 199 469; x_wconf 89' lang='lat' dir='ltr'><strong>sicutne</strong></span> <span class='ocrx_word' id='word_1_14' title='bbox 221 427 305 470; x_wconf 89' lang='lat' dir='ltr'><strong>nunc</strong></span> <span class='ocrx_word' id='word_1_15' title='bbox 320 407 442 489; x_wconf 88' lang='lat' dir='ltr'><strong>quidem</strong></span> <span class='ocrx_word' id='word_1_16' title='bbox 453 407 588 490; x_wconf 89' lang='lat' dir='ltr'><strong>prudens</strong></span> <span class='ocrx_word' id='word_1_17' title='bbox 610 415 640 468; x_wconf 90' lang='lat' dir='ltr'><strong>et</strong></span> <span class='ocrx_word' id='word_1_18' title='bbox 662 407 700 467; x_wconf 91' lang='lat' dir='ltr'><strong>de</strong></span> <span class='ocrx_word' id='word_1_19' title='bbox 721 407 984 488; x_wconf 87' lang='lat' dir='ltr'><strong>industriavelim,</strong></span> 
     </span>
     <span class='ocr_line' id='line_1_4' title="bbox 70 491 984 571; baseline 0 -19"><span class='ocrx_word' id='word_1_20' title='bbox 70 491 153 552; x_wconf 87' lang='lat' dir='ltr'><strong>edere</strong></span> <span class='ocrx_word' id='word_1_21' title='bbox 174 491 360 571; x_wconf 87' lang='lat' dir='ltr'><strong>aliudquam</strong></span> <span class='ocrx_word' id='word_1_22' title='bbox 380 491 590 571; x_wconf 81' lang='lat' dir='ltr'><strong>evangelicam</strong></span> <span class='ocrx_word' id='word_1_23' title='bbox 614 498 644 552; x_wconf 91' lang='lat' dir='ltr'><strong>et</strong></span> <span class='ocrx_word' id='word_1_24' title='bbox 666 491 799 552; x_wconf 85' lang='lat' dir='ltr'><strong>divinam</strong></span> <span class='ocrx_word' id='word_1_25' title='bbox 814 491 984 571; x_wconf 86' lang='lat' dir='ltr'><strong>veritatem,</strong></span> 
     </span>
     <span class='ocr_line' id='line_1_5' title="bbox 71 575 984 656; baseline 0.002 -22"><span class='ocrx_word' id='word_1_26' title='bbox 71 581 168 635; x_wconf 86' lang='lat' dir='ltr'><strong>contra</strong></span> <span class='ocrx_word' id='word_1_27' title='bbox 190 581 254 635; x_wconf 87' lang='lat' dir='ltr'><strong>tam</strong></span> <span class='ocrx_word' id='word_1_28' title='bbox 282 575 464 656; x_wconf 82' lang='lat' dir='ltr'>multiplices</span> <span class='ocrx_word' id='word_1_29' title='bbox 485 576 712 656; x_wconf 85' lang='lat' dir='ltr'><strong>superstitiosas</strong></span> <span class='ocrx_word' id='word_1_30' title='bbox 735 575 911 654; x_wconf 81' lang='lat' dir='ltr'>opiniones,</span> <span class='ocrx_word' id='word_1_31' title='bbox 940 595 984 636; x_wconf 87' lang='lat' dir='ltr'><strong>er·</strong></span> 
     </span>
     <span class='ocr_line' id='line_1_6' title="bbox 70 658 986 719; baseline 0.001 -2"><span class='ocrx_word' id='word_1_32' title='bbox 70 677 145 718; x_wconf 86' lang='lat' dir='ltr'><strong>rores</strong></span> <span class='ocrx_word' id='word_1_33' title='bbox 180 665 211 718; x_wconf 91' lang='lat' dir='ltr'><strong>et</strong></span> <span class='ocrx_word' id='word_1_34' title='bbox 238 660 406 719; x_wconf 87' lang='lat' dir='ltr'><strong>sententias</strong></span> <span class='ocrx_word' id='word_1_35' title='bbox 438 659 639 718; x_wconf 86' lang='lat' dir='ltr'><strong>humanarum</strong></span> <span class='ocrx_word' id='word_1_36' title='bbox 673 658 923 718; x_wconf 80' lang='lat' dir='ltr'><strong>constitutionum</strong></span> <span class='ocrx_word' id='word_1_37' title='bbox 954 663 986 718; x_wconf 91' lang='lat' dir='ltr'><strong>et</strong></span> 
     </span>
     <span class='ocr_line' id='line_1_7' title="bbox 71 741 983 820; baseline 0 -18"><span class='ocrx_word' id='word_1_38' title='bbox 71 741 306 820; x_wconf 80' lang='lat' dir='ltr'><strong>ordinationum,</strong></span> <span class='ocrx_word' id='word_1_39' title='bbox 342 743 405 803; x_wconf 92' lang='lat' dir='ltr'><strong>imo</strong></span> <span class='ocrx_word' id='word_1_40' title='bbox 434 741 644 802; x_wconf 79' lang='lat' dir='ltr'><strong>seducentium</strong></span> <span class='ocrx_word' id='word_1_41' title='bbox 680 747 711 801; x_wconf 90' lang='lat' dir='ltr'><strong>et</strong></span> <span class='ocrx_word' id='word_1_42' title='bbox 743 741 983 820; x_wconf 86' lang='lat' dir='ltr'><strong>periculosarum</strong></span> 
     </span>
    </p>
   </div>
   <div class='ocr_carea' id='block_1_3' title="bbox 12 823 985 990">
    <p class='ocr_par' dir='ltr' id='par_1_3' title="bbox 12 823 985 990">
     <span class='ocr_line' id='line_1_8' title="bbox 12 823 985 899; baseline -0.002 -11"><span class='ocrx_word' id='word_1_43' title='bbox 12 883 13 888; x_wconf 73' lang='grc'>,</span> <span class='ocrx_word' id='word_1_44' title='bbox 69 823 332 886; x_wconf 86' lang='lat' dir='ltr'><strong>inordinationum.</strong></span> <span class='ocrx_word' id='word_1_45' title='bbox 362 825 460 887; x_wconf 89' lang='lat' dir='ltr'><strong>Deum</strong></span> <span class='ocrx_word' id='word_1_46' title='bbox 483 825 563 886; x_wconf 89' lang='lat' dir='ltr'><strong>enim</strong></span> <span class='ocrx_word' id='word_1_47' title='bbox 585 831 694 886; x_wconf 90' lang='lat' dir='ltr'><strong>testem</strong></span> <span class='ocrx_word' id='word_1_48' title='bbox 716 823 827 899; x_wconf 88' lang='lat' dir='ltr'><strong>habeo,</strong></span> <span class='ocrx_word' id='word_1_49' title='bbox 850 825 922 886; x_wconf 91' lang='lat' dir='ltr'><strong>mihi</strong></span> <span class='ocrx_word' id='word_1_50' title='bbox 945 845 985 886; x_wconf 90' lang='lat' dir='ltr'><strong>ex</strong></span> 
     </span>
     <span class='ocr_line' id='line_1_9' title="bbox 12 904 985 990; baseline -0.001 -22"><span class='ocrx_word' id='word_1_51' title='bbox 12 927 13 944; x_wconf 60' lang='lat'><em>*</em></span> <span class='ocrx_word' id='word_1_52' title='bbox 70 908 164 968; x_wconf 86' lang='lat' dir='ltr'><strong>animo</strong></span> <span class='ocrx_word' id='word_1_53' title='bbox 189 907 309 986; x_wconf 85' lang='lat' dir='ltr'><strong>dolere,</strong></span> <span class='ocrx_word' id='word_1_54' title='bbox 339 915 372 968; x_wconf 91' lang='lat' dir='ltr'><strong>ut</strong></span> <span class='ocrx_word' id='word_1_55' title='bbox 402 909 510 969; x_wconf 88' lang='lat' dir='ltr'><strong>volens</strong></span> <span class='ocrx_word' id='word_1_56' title='bbox 539 915 568 968; x_wconf 91' lang='lat' dir='ltr'><strong>et</strong></span> <span class='ocrx_word' id='word_1_57' title='bbox 591 928 631 968; x_wconf 86' lang='lat' dir='ltr'><strong>ex</strong></span> <span class='ocrx_word' id='word_1_58' title='bbox 657 907 797 990; x_wconf 80' lang='lat' dir='ltr'><strong>professo</strong></span> <span class='ocrx_word' id='word_1_59' title='bbox 820 909 914 989; x_wconf 91' lang='lat' dir='ltr'><strong>impie</strong></span> <span class='ocrx_word' id='word_1_60' title='bbox 936 904 985 968; x_wconf 87' lang='lat' dir='ltr'><strong>vel</strong></span> 
     </span>
    </p>
   </div>
   <div class='ocr_carea' id='block_1_4' title="bbox 70 989 986 1070">
    <p class='ocr_par' dir='ltr' id='par_1_4' title="bbox 70 989 986 1070">
     <span class='ocr_line' id='line_1_10' title="bbox 70 989 986 1070; baseline 0.001 -20"><span class='ocrx_word' id='word_1_61' title='bbox 70 1009 162 1070; x_wconf 84' lang='lat' dir='ltr'><strong>agam,</strong></span> <span class='ocrx_word' id='word_1_62' title='bbox 186 992 235 1051; x_wconf 89' lang='lat' dir='ltr'><strong>vel</strong></span> <span class='ocrx_word' id='word_1_63' title='bbox 257 990 385 1068; x_wconf 87' lang='lat' dir='ltr'><strong>docere,</strong></span> <span class='ocrx_word' id='word_1_64' title='bbox 409 991 602 1070; x_wconf 86' lang='lat' dir='ltr'><strong>concionari,</strong></span> <span class='ocrx_word' id='word_1_65' title='bbox 624 990 772 1064; x_wconf 85' lang='lat' dir='ltr'><strong>scribere,</strong></span> <span class='ocrx_word' id='word_1_66' title='bbox 794 989 898 1070; x_wconf 92' lang='lat' dir='ltr'><strong>loqui,</strong></span> <span class='ocrx_word' id='word_1_67' title='bbox 920 990 986 1051; x_wconf 87' lang='lat' dir='ltr'><strong>sive</strong></span> 
     </span>
    </p>
   </div>
   <div class='ocr_carea' id='block_1_5' title="bbox 12 1071 986 1156">
    <p class='ocr_par' dir='ltr' id='par_1_5' title="bbox 12 1071 986 1156">
     <span class='ocr_line' id='line_1_11' title="bbox 12 1071 986 1156; baseline 0 -24"><span class='ocrx_word' id='word_1_68' title='bbox 12 1109 13 1114; x_wconf 22' lang='grc' dir='ltr'><strong><em>κ</em></strong></span> <span class='ocrx_word' id='word_1_69' title='bbox 69 1092 117 1153; x_wconf 88' lang='lat' dir='ltr'><strong>pro</strong></span> <span class='ocrx_word' id='word_1_70' title='bbox 142 1075 293 1134; x_wconf 83' lang='lat' dir='ltr'><strong>concione</strong></span> <span class='ocrx_word' id='word_1_71' title='bbox 315 1076 379 1135; x_wconf 87' lang='lat' dir='ltr'><strong>sive</strong></span> <span class='ocrx_word' id='word_1_72' title='bbox 392 1076 421 1134; x_wconf 92' lang='lat' dir='ltr'><strong>in</strong></span> <span class='ocrx_word' id='word_1_73' title='bbox 440 1074 546 1136; x_wconf 91' lang='lat' dir='ltr'><strong>schola</strong></span> <span class='ocrx_word' id='word_1_74' title='bbox 562 1073 696 1156; x_wconf 85' lang='lat' dir='ltr'><strong>profiteri</strong></span> <span class='ocrx_word' id='word_1_75' title='bbox 706 1073 809 1154; x_wconf 88' lang='lat' dir='ltr'><strong>velim,</strong></span> <span class='ocrx_word' id='word_1_76' title='bbox 832 1073 914 1154; x_wconf 92' lang='lat' dir='ltr'><strong>quod</strong></span> <span class='ocrx_word' id='word_1_77' title='bbox 936 1071 986 1134; x_wconf 87' lang='lat' dir='ltr'><strong>vel</strong></span> 
     </span>
    </p>
   </div>
   <div class='ocr_carea' id='block_1_6' title="bbox 69 1155 986 1320">
    <p class='ocr_par' dir='ltr' id='par_1_6' title="bbox 69 1155 986 1320">
     <span class='ocr_line' id='line_1_12' title="bbox 69 1155 828 1219; baseline 0.004 -3"><span class='ocrx_word' id='word_1_78' title='bbox 69 1157 131 1218; x_wconf 88' lang='lat' dir='ltr'><strong>ileo</strong></span> <span class='ocrx_word' id='word_1_79' title='bbox 152 1155 202 1218; x_wconf 79' lang='lat' dir='ltr'><strong>vel</strong></span> <span class='ocrx_word' id='word_1_80' title='bbox 225 1158 314 1217; x_wconf 87' lang='lat' dir='ltr'><strong>saluti</strong></span> <span class='ocrx_word' id='word_1_81' title='bbox 336 1159 505 1219; x_wconf 88' lang='lat' dir='ltr'><strong>animarum</strong></span> <span class='ocrx_word' id='word_1_82' title='bbox 528 1165 610 1216; x_wconf 89' lang='lat' dir='ltr'><strong>esset</strong></span> <span class='ocrx_word' id='word_1_83' title='bbox 633 1158 828 1219; x_wconf 86' lang='lat' dir='ltr'><strong>contrarium.</strong></span> 
     </span>
     <span class='ocr_line' id='line_1_13' title="bbox 149 1237 986 1320; baseline 0 -20"><span class='ocrx_word' id='word_1_84' title='bbox 149 1239 208 1300; x_wconf 84' lang='lat' dir='ltr'><strong>Sed</strong></span> <span class='ocrx_word' id='word_1_85' title='bbox 231 1261 270 1300; x_wconf 88' lang='lat' dir='ltr'><strong>ne</strong></span> <span class='ocrx_word' id='word_1_86' title='bbox 292 1239 353 1300; x_wconf 90' lang='lat' dir='ltr'><strong>hoc</strong></span> <span class='ocrx_word' id='word_1_87' title='bbox 375 1237 496 1319; x_wconf 91' lang='lat' dir='ltr'><strong>quidem</strong></span> <span class='ocrx_word' id='word_1_88' title='bbox 519 1241 675 1320; x_wconf 84' lang='lat' dir='ltr'><strong>promovi,</strong></span> <span class='ocrx_word' id='word_1_89' title='bbox 704 1239 786 1319; x_wconf 88' lang='lat' dir='ltr'><strong>quod</strong></span> <span class='ocrx_word' id='word_1_90' title='bbox 807 1257 858 1302; x_wconf 87' lang='lat' dir='ltr'><strong>me</strong></span> <span class='ocrx_word' id='word_1_91' title='bbox 878 1258 986 1320; x_wconf 89' lang='lat' dir='ltr'><strong>saepe·</strong></span> 
     </span>
    </p>
   </div>
   <div class='ocr_carea' id='block_1_7' title="bbox 12 1321 985 1404">
    <p class='ocr_par' dir='ltr' id='par_1_7' title="bbox 12 1321 985 1404">
     <span class='ocr_line' id='line_1_14' title="bbox 12 1321 985 1404; baseline -0.001 -21"><span class='ocrx_word' id='word_1_92' title='bbox 12 1347 13 1390; x_wconf 59' lang='lat' dir='ltr'><strong>r</strong></span> <span class='ocrx_word' id='word_1_93' title='bbox 70 1341 191 1384; x_wconf 88' lang='lat' dir='ltr'><strong>numero</strong></span> <span class='ocrx_word' id='word_1_94' title='bbox 215 1331 246 1382; x_wconf 91' lang='lat' dir='ltr'><strong>et</strong></span> <span class='ocrx_word' id='word_1_95' title='bbox 268 1322 460 1383; x_wconf 80' lang='lat' dir='ltr'><strong>multifariam</strong></span> <span class='ocrx_word' id='word_1_96' title='bbox 489 1323 665 1400; x_wconf 80' lang='lat' dir='ltr'><strong>obtulerim,</strong></span> <span class='ocrx_word' id='word_1_97' title='bbox 696 1331 729 1382; x_wconf 89' lang='lat' dir='ltr'><strong>ut</strong></span> <span class='ocrx_word' id='word_1_98' title='bbox 750 1321 830 1382; x_wconf 91' lang='lat' dir='ltr'><strong>fllius</strong></span> <span class='ocrx_word' id='word_1_99' title='bbox 853 1323 985 1404; x_wconf 80' lang='lat' dir='ltr'><strong>supplex</strong></span> 
     </span>
    </p>
   </div>
   <div class='ocr_carea' id='block_1_8' title="bbox 12 1404 987 1654">
    <p class='ocr_par' dir='ltr' id='par_1_8' title="bbox 12 1404 987 1654">
     <span class='ocr_line' id='line_1_15' title="bbox 12 1404 985 1486; baseline 0.001 -20"><span class='ocrx_word' id='word_1_100' title='bbox 12 1455 13 1466; x_wconf 67' lang='grc'>,</span> <span class='ocrx_word' id='word_1_101' title='bbox 71 1413 98 1466; x_wconf 90' lang='lat' dir='ltr'><strong>et</strong></span> <span class='ocrx_word' id='word_1_102' title='bbox 118 1405 263 1466; x_wconf 89' lang='lat' dir='ltr'><strong>obediens</strong></span> <span class='ocrx_word' id='word_1_103' title='bbox 286 1414 412 1468; x_wconf 89' lang='lat' dir='ltr'><strong>sanctae</strong></span> <span class='ocrx_word' id='word_1_104' title='bbox 425 1407 576 1467; x_wconf 77' lang='lat' dir='ltr'><strong>ecclesiae</strong></span> <span class='ocrx_word' id='word_1_105' title='bbox 590 1405 761 1467; x_wconf 87' lang='lat' dir='ltr'><strong>catholicae</strong></span> <span class='ocrx_word' id='word_1_106' title='bbox 786 1404 902 1486; x_wconf 88' lang='lat' dir='ltr'><strong>(qualis</strong></span> <span class='ocrx_word' id='word_1_107' title='bbox 916 1405 985 1468; x_wconf 89' lang='lat' dir='ltr'><strong>Deo</strong></span> 
     </span>
     <span class='ocr_line' id='line_1_16' title="bbox 12 1489 985 1568; baseline -0.002 -18"><span class='ocrx_word' id='word_1_108' title='bbox 12 1509 13 1556; x_wconf 70' lang='lat' dir='ltr'><strong>l</strong></span> <span class='ocrx_word' id='word_1_109' title='bbox 71 1491 179 1568; x_wconf 90' lang='lat' dir='ltr'><strong>optimo</strong></span> <span class='ocrx_word' id='word_1_110' title='bbox 203 1491 339 1550; x_wconf 86' lang='lat' dir='ltr'><strong>maximo</strong></span> <span class='ocrx_word' id='word_1_111' title='bbox 362 1489 501 1550; x_wconf 86' lang='lat' dir='ltr'><strong>adiutore</strong></span> <span class='ocrx_word' id='word_1_112' title='bbox 523 1491 600 1550; x_wconf 88' lang='lat' dir='ltr'><strong>mori</strong></span> <span class='ocrx_word' id='word_1_113' title='bbox 623 1489 731 1566; x_wconf 78' lang='lat' dir='ltr'><strong>volo),</strong></span> <span class='ocrx_word' id='word_1_114' title='bbox 760 1491 933 1567; x_wconf 86' lang='lat' dir='ltr'><strong>taciturum,</strong></span> <span class='ocrx_word' id='word_1_115' title='bbox 961 1491 985 1548; x_wconf 92' lang='lat' dir='ltr'><strong>si</strong></span> 
     </span>
     <span class='ocr_line' id='line_1_17' title="bbox 12 1563 987 1654; baseline 0.006 -28"><span class='ocrx_word' id='word_1_116' title='bbox 12 1563 13 1626; x_wconf 65' lang='grc' dir='ltr'>ἶ</span> <span class='ocrx_word' id='word_1_117' title='bbox 71 1591 121 1652; x_wconf 87' lang='lat' dir='ltr'><strong>per</strong></span> <span class='ocrx_word' id='word_1_118' title='bbox 141 1590 227 1633; x_wconf 90' lang='lat' dir='ltr'><strong>meos</strong></span> <span class='ocrx_word' id='word_1_119' title='bbox 250 1571 443 1634; x_wconf 86' lang='lat' dir='ltr'><strong>adversarios</strong></span> <span class='ocrx_word' id='word_1_120' title='bbox 466 1573 572 1650; x_wconf 88' lang='lat' dir='ltr'><strong>liceat,</strong></span> <span class='ocrx_word' id='word_1_121' title='bbox 595 1573 829 1652; x_wconf 88' lang='lat' dir='ltr'><strong>quieturumque</strong></span> <span class='ocrx_word' id='word_1_122' title='bbox 851 1591 900 1634; x_wconf 90' lang='lat' dir='ltr'><strong>me</strong></span> <span class='ocrx_word' id='word_1_123' title='bbox 921 1591 987 1654; x_wconf 88' lang='lat' dir='ltr'><strong>per·</strong></span> 
     </span>
    </p>
   </div>
   <div class='ocr_carea' id='block_1_9' title="bbox 71 1655 987 1731">
    <p class='ocr_par' dir='ltr' id='par_1_9' title="bbox 71 1655 987 1731">
     <span class='ocr_line' id='line_1_18' title="bbox 71 1655 987 1731; baseline 0 -17"><span class='ocrx_word' id='word_1_124' title='bbox 71 1657 225 1716; x_wconf 90' lang='lat' dir='ltr'><strong>missurum</strong></span> <span class='ocrx_word' id='word_1_125' title='bbox 250 1657 416 1731; x_wconf 80' lang='lat' dir='ltr'><strong>meliora1)</strong></span> <span class='ocrx_word' id='word_1_126' title='bbox 442 1661 472 1716; x_wconf 92' lang='lat' dir='ltr'><strong>et</strong></span> <span class='ocrx_word' id='word_1_127' title='bbox 484 1655 704 1716; x_wconf 74' lang='lat' dir='ltr'><strong>christianiora</strong></span> <span class='ocrx_word' id='word_1_128' title='bbox 725 1675 765 1715; x_wconf 87' lang='lat' dir='ltr'><strong>ex</strong></span> <span class='ocrx_word' id='word_1_129' title='bbox 777 1656 871 1715; x_wconf 89' lang='lat' dir='ltr'><strong>sacris</strong></span> <span class='ocrx_word' id='word_1_130' title='bbox 893 1655 987 1716; x_wconf 88' lang='lat' dir='ltr'><strong>literis</strong></span> 
     </span>
    </p>
   </div>
   <div class='ocr_carea' id='block_1_10' title="bbox 12 1737 987 1820">
    <p class='ocr_par' dir='ltr' id='par_1_10' title="bbox 12 1737 987 1820">
     <span class='ocr_line' id='line_1_19' title="bbox 12 1737 987 1820; baseline 0.004 -26"><span class='ocrx_word' id='word_1_131' title='bbox 12 1789 13 1792; x_wconf 72' lang='grc'>,</span> <span class='ocrx_word' id='word_1_132' title='bbox 72 1738 166 1798; x_wconf 88' lang='lat' dir='ltr'><strong>doceri</strong></span> <span class='ocrx_word' id='word_1_133' title='bbox 189 1745 219 1799; x_wconf 90' lang='lat' dir='ltr'><strong>et</strong></span> <span class='ocrx_word' id='word_1_134' title='bbox 241 1739 374 1816; x_wconf 89' lang='lat' dir='ltr'><strong>institui,</strong></span> <span class='ocrx_word' id='word_1_135' title='bbox 402 1741 432 1798; x_wconf 92' lang='lat' dir='ltr'><strong>in</strong></span> <span class='ocrx_word' id='word_1_136' title='bbox 453 1739 593 1819; x_wconf 88' lang='lat' dir='ltr'><strong>publicas</strong></span> <span class='ocrx_word' id='word_1_137' title='bbox 617 1737 839 1820; x_wconf 83' lang='lat' dir='ltr'><strong>disputationes</strong></span> <span class='ocrx_word' id='word_1_138' title='bbox 863 1737 987 1798; x_wconf 90' lang='lat' dir='ltr'><strong>descen·</strong></span> 
     </span>
    </p>
   </div>
   <div class='ocr_carea' id='block_1_11' title="bbox 71 1819 988 1984">
    <p class='ocr_par' dir='ltr' id='par_1_11' title="bbox 71 1819 988 1984">
     <span class='ocr_line' id='line_1_20' title="bbox 71 1819 986 1903; baseline 0 -23"><span class='ocrx_word' id='word_1_139' title='bbox 71 1840 181 1899; x_wconf 89' lang='lat' dir='ltr'><strong>surum,</strong></span> <span class='ocrx_word' id='word_1_140' title='bbox 219 1823 353 1884; x_wconf 87' lang='lat' dir='ltr'><strong>omnium</strong></span> <span class='ocrx_word' id='word_1_141' title='bbox 377 1819 644 1903; x_wconf 86' lang='lat' dir='ltr'><strong>universitatum²)</strong></span> <span class='ocrx_word' id='word_1_142' title='bbox 678 1839 739 1881; x_wconf 91' lang='lat' dir='ltr'><strong>non</strong></span> <span class='ocrx_word' id='word_1_143' title='bbox 775 1827 986 1903; x_wconf 83' lang='lat' dir='ltr'><strong>suspectarum</strong></span> 
     </span>
     <span class='ocr_line' id='line_1_21' title="bbox 72 1905 988 1984; baseline 0.002 -21"><span class='ocrx_word' id='word_1_144' title='bbox 72 1905 272 1982; x_wconf 80' lang='lat' dir='ltr'><strong>cognitionem</strong></span> <span class='ocrx_word' id='word_1_145' title='bbox 303 1911 333 1965; x_wconf 90' lang='lat' dir='ltr'><strong>et</strong></span> <span class='ocrx_word' id='word_1_146' title='bbox 362 1907 544 1964; x_wconf 88' lang='lat' dir='ltr'><strong>sententiam</strong></span> <span class='ocrx_word' id='word_1_147' title='bbox 572 1923 751 1984; x_wconf 89' lang='lat' dir='ltr'><strong>passurum,</strong></span> <span class='ocrx_word' id='word_1_148' title='bbox 786 1921 890 1964; x_wconf 86' lang='lat' dir='ltr'><strong>coram</strong></span> <span class='ocrx_word' id='word_1_149' title='bbox 924 1922 988 1965; x_wconf 90' lang='lat' dir='ltr'><strong>nou</strong></span> 
     </span>
    </p>
   </div>
   <div class='ocr_carea' id='block_1_12' title="bbox 12 1979 987 2150">
    <p class='ocr_par' dir='ltr' id='par_1_12' title="bbox 12 1979 987 2150">
     <span class='ocr_line' id='line_1_22' title="bbox 12 1979 987 2067; baseline -0.001 -22"><span class='ocrx_word' id='word_1_150' title='bbox 12 1979 13 1992; x_wconf 53' lang='lat'>¹</span> <span class='ocrx_word' id='word_1_151' title='bbox 72 1987 231 2067; x_wconf 83' lang='lat' dir='ltr'><strong>suspectis,</strong></span> <span class='ocrx_word' id='word_1_152' title='bbox 255 1986 309 2047; x_wconf 92' lang='lat' dir='ltr'><strong>sed</strong></span> <span class='ocrx_word' id='word_1_153' title='bbox 332 1989 454 2067; x_wconf 86' lang='lat' dir='ltr'><strong>aequis,</strong></span> <span class='ocrx_word' id='word_1_154' title='bbox 477 1988 572 2047; x_wconf 89' lang='lat' dir='ltr'><strong>sacris</strong></span> <span class='ocrx_word' id='word_1_155' title='bbox 596 1994 626 2049; x_wconf 90' lang='lat' dir='ltr'><strong>et</strong></span> <span class='ocrx_word' id='word_1_156' title='bbox 648 1987 801 2066; x_wconf 75' lang='lat' dir='ltr'><strong>profanis,</strong></span> <span class='ocrx_word' id='word_1_157' title='bbox 826 1983 987 2066; x_wconf 86' lang='lat' dir='ltr'><strong>spirituali-</strong></span> 
     </span>
     <span class='ocr_line' id='line_1_23' title="bbox 12 2068 987 2150; baseline -0.002 -20"><span class='ocrx_word' id='word_1_158' title='bbox 12 2127 13 2130; x_wconf 63' lang='lat'><strong>,</strong></span> <span class='ocrx_word' id='word_1_159' title='bbox 72 2069 119 2130; x_wconf 91' lang='lat' dir='ltr'><strong>bus</strong></span> <span class='ocrx_word' id='word_1_160' title='bbox 141 2077 171 2130; x_wconf 91' lang='lat' dir='ltr'><strong>et</strong></span> <span class='ocrx_word' id='word_1_161' title='bbox 183 2070 372 2130; x_wconf 89' lang='lat' dir='ltr'><strong>secularibus</strong></span> <span class='ocrx_word' id='word_1_162' title='bbox 393 2070 557 2150; x_wconf 86' lang='lat' dir='ltr'><strong>iudicibus,</strong></span> <span class='ocrx_word' id='word_1_163' title='bbox 579 2069 852 2149; x_wconf 87' lang='lat' dir='ltr'><strong>subfidepubliea‚</strong></span> <span class='ocrx_word' id='word_1_164' title='bbox 874 2068 987 2129; x_wconf 89' lang='lat' dir='ltr'><strong>idonea</strong></span> 
     </span>
    </p>
   </div>
   <div class='ocr_carea' id='block_1_13' title="bbox 72 2151 987 2230">
    <p class='ocr_par' dir='ltr' id='par_1_13' title="bbox 72 2151 987 2230">
     <span class='ocr_line' id='line_1_24' title="bbox 72 2151 987 2230; baseline -0.001 -18"><span class='ocrx_word' id='word_1_165' title='bbox 72 2159 97 2212; x_wconf 85' lang='lat' dir='ltr'><strong>et</strong></span> <span class='ocrx_word' id='word_1_166' title='bbox 114 2152 288 2230; x_wconf 84' lang='lat' dir='ltr'><strong>sufficienti,</strong></span> <span class='ocrx_word' id='word_1_167' title='bbox 311 2153 464 2216; x_wconf 90' lang='lat' dir='ltr'><strong>conductu</strong></span> <span class='ocrx_word' id='word_1_168' title='bbox 486 2153 592 2228; x_wconf 87' lang='lat' dir='ltr'><strong>libero,</strong></span> <span class='ocrx_word' id='word_1_169' title='bbox 616 2159 647 2214; x_wconf 87' lang='lat' dir='ltr'><strong>at</strong></span> <span class='ocrx_word' id='word_1_170' title='bbox 668 2152 797 2213; x_wconf 85' lang='lat' dir='ltr'><strong>libenter</strong></span> <span class='ocrx_word' id='word_1_171' title='bbox 818 2159 850 2212; x_wconf 91' lang='lat' dir='ltr'><strong>et</strong></span> <span class='ocrx_word' id='word_1_172' title='bbox 870 2151 987 2212; x_wconf 92' lang='lat' dir='ltr'><strong>humili-</strong></span> 
     </span>
    </p>
   </div>
   <div class='ocr_carea' id='block_1_14' title="bbox 12 2235 988 2398">
    <p class='ocr_par' dir='ltr' id='par_1_14' title="bbox 12 2235 988 2398">
     <span class='ocr_line' id='line_1_25' title="bbox 12 2235 988 2317; baseline 0 -23"><span class='ocrx_word' id='word_1_173' title='bbox 12 2279 13 2294; x_wconf 51' lang='lat'><strong>,</strong></span> <span class='ocrx_word' id='word_1_174' title='bbox 71 2242 108 2295; x_wconf 86' lang='lat' dir='ltr'><strong>ter</strong></span> <span class='ocrx_word' id='word_1_175' title='bbox 128 2237 378 2317; x_wconf 77' lang='lat' dir='ltr'><strong>compositurum,</strong></span> <span class='ocrx_word' id='word_1_176' title='bbox 402 2254 569 2315; x_wconf 90' lang='lat' dir='ltr'><strong>eorumque</strong></span> <span class='ocrx_word' id='word_1_177' title='bbox 591 2235 798 2316; x_wconf 85' lang='lat' dir='ltr'><strong>cognitionem</strong></span> <span class='ocrx_word' id='word_1_178' title='bbox 820 2240 851 2294; x_wconf 90' lang='lat' dir='ltr'><strong>et</strong></span> <span class='ocrx_word' id='word_1_179' title='bbox 869 2240 988 2295; x_wconf 90' lang='lat' dir='ltr'><strong>senten·</strong></span> 
     </span>
     <span class='ocr_line' id='line_1_26' title="bbox 12 2315 987 2398; baseline 0.001 -21"><span class='ocrx_word' id='word_1_180' title='bbox 12 2315 13 2328; x_wconf 55' lang='lat'><em>*</em></span> <span class='ocrx_word' id='word_1_181' title='bbox 71 2320 132 2378; x_wconf 79' lang='lat' dir='ltr'><strong>dam</strong></span> <span class='ocrx_word' id='word_1_182' title='bbox 156 2325 370 2398; x_wconf 87' lang='lat' dir='ltr'><strong>accepturum,</strong></span> <span class='ocrx_word' id='word_1_183' title='bbox 399 2325 490 2398; x_wconf 85' lang='lat' dir='ltr'><strong>etque</strong></span> <span class='ocrx_word' id='word_1_184' title='bbox 512 2319 607 2398; x_wconf 84' lang='lat' dir='ltr'><strong>aden,</strong></span> <span class='ocrx_word' id='word_1_185' title='bbox 630 2319 655 2379; x_wconf 93' lang='lat' dir='ltr'><strong>si</strong></span> <span class='ocrx_word' id='word_1_186' title='bbox 684 2318 771 2380; x_wconf 88' lang='lat' dir='ltr'><strong>iustis</strong></span> <span class='ocrx_word' id='word_1_187' title='bbox 794 2323 829 2396; x_wconf 79' lang='lat' dir='ltr'><strong>et</strong></span> <span class='ocrx_word' id='word_1_188' title='bbox 850 2317 987 2378; x_wconf 86' lang='lat' dir='ltr'><strong>honestis</strong></span> 
     </span>
    </p>
   </div>
   <div class='ocr_carea' id='block_1_15' title="bbox 72 2393 987 2480">
    <p class='ocr_par' dir='ltr' id='par_1_15' title="bbox 72 2393 987 2480">
     <span class='ocr_line' id='line_1_27' title="bbox 72 2393 987 2480; baseline 0.001 -19"><span class='ocrx_word' id='word_1_189' title='bbox 72 2393 332 2480; x_wconf 77' lang='lat' dir='ltr'><strong>confutationibus,</strong></span> <span class='ocrx_word' id='word_1_190' title='bbox 354 2401 584 2464; x_wconf 86' lang='lat' dir='ltr'><strong>rationabilibus</strong></span> <span class='ocrx_word' id='word_1_191' title='bbox 602 2402 701 2462; x_wconf 86' lang='lat' dir='ltr'><strong>causis</strong></span> <span class='ocrx_word' id='word_1_192' title='bbox 716 2419 869 2463; x_wconf 86' lang='lat' dir='ltr'><strong>sacrarum</strong></span> <span class='ocrx_word' id='word_1_193' title='bbox 888 2400 987 2462; x_wconf 68' lang='lat' dir='ltr'><strong>litera,-</strong></span> 
     </span>
    </p>
   </div>
   <div class='ocr_carea' id='block_1_16' title="bbox 12 2481 988 2564">
    <p class='ocr_par' dir='ltr' id='par_1_16' title="bbox 12 2481 988 2564">
     <span class='ocr_line' id='line_1_28' title="bbox 12 2481 988 2564; baseline 0 -22"><span class='ocrx_word' id='word_1_194' title='bbox 12 2483 13 2488; x_wconf 74' lang='grc'>’</span> <span class='ocrx_word' id='word_1_195' title='bbox 72 2505 127 2546; x_wconf 89' lang='lat' dir='ltr'><strong>rum</strong></span> <span class='ocrx_word' id='word_1_196' title='bbox 150 2504 200 2546; x_wconf 92' lang='lat' dir='ltr'><strong>me</strong></span> <span class='ocrx_word' id='word_1_197' title='bbox 222 2491 253 2546; x_wconf 94' lang='lat' dir='ltr'><strong>et</strong></span> <span class='ocrx_word' id='word_1_198' title='bbox 271 2485 414 2546; x_wconf 89' lang='lat' dir='ltr'><strong>iniustum</strong></span> <span class='ocrx_word' id='word_1_199' title='bbox 424 2483 455 2560; x_wconf 79' lang='lat'><strong>³)</strong></span> <span class='ocrx_word' id='word_1_200' title='bbox 480 2485 650 2546; x_wconf 86' lang='lat' dir='ltr'><strong>invenerint</strong></span> <span class='ocrx_word' id='word_1_201' title='bbox 662 2491 693 2546; x_wconf 93' lang='lat' dir='ltr'><strong>et</strong></span> <span class='ocrx_word' id='word_1_202' title='bbox 714 2483 852 2562; x_wconf 89' lang='lat' dir='ltr'><strong>vicerint,</strong></span> <span class='ocrx_word' id='word_1_203' title='bbox 874 2481 988 2564; x_wconf 64' lang='lat' dir='ltr'><strong>suppli&lt;</strong></span> 
     </span>
    </p>
   </div>
   <div class='ocr_carea' id='block_1_17' title="bbox 72 2565 983 2648">
    <p class='ocr_par' dir='ltr' id='par_1_17' title="bbox 72 2565 983 2648">
     <span class='ocr_line' id='line_1_29' title="bbox 72 2565 983 2648; baseline -0.001 -21"><span class='ocrx_word' id='word_1_204' title='bbox 72 2567 136 2628; x_wconf 89' lang='lat' dir='ltr'><strong>citer</strong></span> <span class='ocrx_word' id='word_1_205' title='bbox 155 2565 362 2648; x_wconf 88' lang='lat' dir='ltr'><strong>praebiturum</strong></span> <span class='ocrx_word' id='word_1_206' title='bbox 386 2587 435 2629; x_wconf 91' lang='lat' dir='ltr'><strong>me</strong></span> <span class='ocrx_word' id='word_1_207' title='bbox 448 2567 631 2645; x_wconf 86' lang='lat' dir='ltr'><strong>docendum,</strong></span> <span class='ocrx_word' id='word_1_208' title='bbox 654 2574 682 2627; x_wconf 89' lang='lat' dir='ltr'><strong>et</strong></span> <span class='ocrx_word' id='word_1_209' title='bbox 695 2586 714 2628; x_wconf 91' lang='lat' dir='ltr'><strong>a</strong></span> <span class='ocrx_word' id='word_1_210' title='bbox 725 2585 794 2627; x_wconf 90' lang='lat' dir='ltr'><strong>meo</strong></span> <span class='ocrx_word' id='word_1_211' title='bbox 811 2568 983 2648; x_wconf 84' lang='lat' dir='ltr'><strong>proposito,</strong></span> 
     </span>
    </p>
   </div>
   <div class='ocr_carea' id='block_1_18' title="bbox 12 2649 988 2898">
    <p class='ocr_par' dir='ltr' id='par_1_18' title="bbox 12 2649 988 2898">
     <span class='ocr_line' id='line_1_30' title="bbox 12 2649 987 2731; baseline -0.003 -20"><span class='ocrx_word' id='word_1_212' title='bbox 12 2685 13 2722; x_wconf 50' lang='lat'><strong>3</strong></span> <span class='ocrx_word' id='word_1_213' title='bbox 73 2649 142 2729; x_wconf 90' lang='lat' dir='ltr'><strong>quod</strong></span> <span class='ocrx_word' id='word_1_214' title='bbox 155 2651 305 2712; x_wconf 88' lang='lat' dir='ltr'><strong>hactenus</strong></span> <span class='ocrx_word' id='word_1_215' title='bbox 330 2650 430 2731; x_wconf 89' lang='lat' dir='ltr'><strong>(quod</strong></span> <span class='ocrx_word' id='word_1_216' title='bbox 443 2652 518 2712; x_wconf 86' lang='lat' dir='ltr'><strong>citra</strong></span> <span class='ocrx_word' id='word_1_217' title='bbox 530 2651 706 2711; x_wconf 88' lang='lat' dir='ltr'><strong>iactantiam</strong></span> <span class='ocrx_word' id='word_1_218' title='bbox 731 2649 844 2710; x_wconf 84' lang='lat' dir='ltr'><strong>dictum</strong></span> <span class='ocrx_word' id='word_1_219' title='bbox 855 2651 911 2729; x_wconf 90' lang='lat' dir='ltr'><strong>sit)</strong></span> <span class='ocrx_word' id='word_1_220' title='bbox 924 2655 987 2710; x_wconf 91' lang='lat' dir='ltr'><strong>tan·</strong></span> 
     </span>
     <span class='ocr_line' id='line_1_31' title="bbox 12 2732 988 2814; baseline 0.001 -22"><span class='ocrx_word' id='word_1_221' title='bbox 12 2777 13 2814; x_wconf 69' lang='lat'>3</span> <span class='ocrx_word' id='word_1_222' title='bbox 73 2739 126 2793; x_wconf 90' lang='lat' dir='ltr'><strong>tum</strong></span> <span class='ocrx_word' id='word_1_223' title='bbox 147 2753 204 2814; x_wconf 86' lang='lat' dir='ltr'><strong>pro</strong></span> <span class='ocrx_word' id='word_1_224' title='bbox 217 2733 316 2814; x_wconf 83' lang='lat' dir='ltr'><strong>gloria</strong></span> <span class='ocrx_word' id='word_1_225' title='bbox 328 2733 385 2795; x_wconf 90' lang='lat' dir='ltr'><strong>Dei</strong></span> <span class='ocrx_word' id='word_1_226' title='bbox 397 2741 425 2795; x_wconf 91' lang='lat' dir='ltr'><strong>et</strong></span> <span class='ocrx_word' id='word_1_227' title='bbox 439 2733 548 2813; x_wconf 87' lang='lat' dir='ltr'><strong>salute,</strong></span> <span class='ocrx_word' id='word_1_228' title='bbox 572 2732 799 2812; x_wconf 87' lang='lat' dir='ltr'><strong>commoditate,</strong></span> <span class='ocrx_word' id='word_1_229' title='bbox 823 2733 934 2793; x_wconf 90' lang='lat' dir='ltr'><strong>solatio</strong></span> <span class='ocrx_word' id='word_1_230' title='bbox 959 2736 988 2793; x_wconf 87' lang='lat' dir='ltr'><strong>et</strong></span> 
     </span>
     <span class='ocr_line' id='line_1_32' title="bbox 12 2814 988 2898; baseline 0 -24"><span class='ocrx_word' id='word_1_231' title='bbox 12 2815 13 2844; x_wconf 62' lang='lat'><strong>³</strong></span> <span class='ocrx_word' id='word_1_232' title='bbox 72 2815 204 2876; x_wconf 81' lang='lat' dir='ltr'><strong>felicitate</strong></span> <span class='ocrx_word' id='word_1_233' title='bbox 216 2817 310 2877; x_wconf 90' lang='lat' dir='ltr'><strong>totius</strong></span> <span class='ocrx_word' id='word_1_234' title='bbox 322 2817 438 2898; x_wconf 89' lang='lat' dir='ltr'><strong>reipub.</strong></span> <span class='ocrx_word' id='word_1_235' title='bbox 449 2816 650 2896; x_wconf 77' lang='lat' dir='ltr'><strong>Christianae,</strong></span> <span class='ocrx_word' id='word_1_236' title='bbox 673 2834 727 2896; x_wconf 88' lang='lat' dir='ltr'><strong>pro</strong></span> <span class='ocrx_word' id='word_1_237' title='bbox 742 2834 811 2876; x_wconf 88' lang='lat' dir='ltr'><strong>meo</strong></span> <span class='ocrx_word' id='word_1_238' title='bbox 826 2814 940 2890; x_wconf 85' lang='lat' dir='ltr'><strong>officio,</strong></span> <span class='ocrx_word' id='word_1_239' title='bbox 955 2821 988 2874; x_wconf 89' lang='lat' dir='ltr'><strong>ut</strong></span> 
     </span>
    </p>
   </div>
   <div class='ocr_carea' id='block_1_19' title="bbox 75 2898 1089 2979">
    <p class='ocr_par' dir='ltr' id='par_1_19' title="bbox 75 2898 1089 2979">
     <span class='ocr_line' id='line_1_33' title="bbox 75 2898 1089 2979; baseline 0 -23"><span class='ocrx_word' id='word_1_240' title='bbox 75 2899 232 2960; x_wconf 88' lang='lat' dir='ltr'><strong>immeritus</strong></span> <span class='ocrx_word' id='word_1_241' title='bbox 255 2917 362 2961; x_wconf 88' lang='lat' dir='ltr'><strong>sacrae</strong></span> <span class='ocrx_word' id='word_1_242' title='bbox 384 2899 561 2979; x_wconf 85' lang='lat' dir='ltr'><strong>theologiae</strong></span> <span class='ocrx_word' id='word_1_243' title='bbox 574 2899 692 2960; x_wconf 87' lang='lat' dir='ltr'><strong>Doctor</strong></span> <span class='ocrx_word' id='word_1_244' title='bbox 713 2898 900 2975; x_wconf 87' lang='lat' dir='ltr'><strong>nominatus,</strong></span> <span class='ocrx_word' id='word_1_245' title='bbox 922 2898 989 2958; x_wconf 87' lang='lat' dir='ltr'><strong>sine</strong></span> <span class='ocrx_word' id='word_1_246' title='bbox 1086 2945 1089 2956; x_wconf 89' lang='lat'><em>.</em></span> 
     </span>
    </p>
   </div>
   <div class='ocr_carea' id='block_1_20' title="bbox 75 2981 988 3225">
    <p class='ocr_par' dir='ltr' id='par_1_20' title="bbox 75 2981 988 3225">
     <span class='ocr_line' id='line_1_34' title="bbox 75 2981 988 3064; baseline -0.001 -24"><span class='ocrx_word' id='word_1_247' title='bbox 75 2983 148 3041; x_wconf 92' lang='lat' dir='ltr'><strong>omni</strong></span> <span class='ocrx_word' id='word_1_248' title='bbox 169 3001 224 3062; x_wconf 89' lang='lat' dir='ltr'><strong>spe</strong></span> <span class='ocrx_word' id='word_1_249' title='bbox 246 2990 277 3042; x_wconf 89' lang='lat' dir='ltr'><strong>et</strong></span> <span class='ocrx_word' id='word_1_250' title='bbox 301 2983 532 3064; x_wconf 87' lang='lat' dir='ltr'><strong>exspectatione</strong></span> <span class='ocrx_word' id='word_1_251' title='bbox 553 2984 691 3062; x_wconf 87' lang='lat' dir='ltr'><strong>privatae</strong></span> <span class='ocrx_word' id='word_1_252' title='bbox 710 2981 820 3060; x_wconf 87' lang='lat' dir='ltr'><strong>laudis,</strong></span> <span class='ocrx_word' id='word_1_253' title='bbox 842 2986 988 3060; x_wconf 83' lang='lat' dir='ltr'><strong>quaestus</strong></span> 
     </span>
     <span class='ocr_line' id='line_1_35' title="bbox 76 3063 983 3142; baseline -0.002 -18"><span class='ocrx_word' id='word_1_254' title='bbox 76 3064 271 3125; x_wconf 84' lang='lat' dir='ltr'><strong>etcommodi</strong></span> <span class='ocrx_word' id='word_1_255' title='bbox 292 3065 401 3142; x_wconf 89' lang='lat' dir='ltr'><strong>habui,</strong></span> <span class='ocrx_word' id='word_1_256' title='bbox 424 3065 604 3126; x_wconf 87' lang='lat' dir='ltr'><strong>obedienter</strong></span> <span class='ocrx_word' id='word_1_257' title='bbox 626 3063 800 3127; x_wconf 81' lang='lat' dir='ltr'><strong>desistendi.</strong></span> <span class='ocrx_word' id='word_1_258' title='bbox 980 3128 983 3137; x_wconf 55' lang='grc'>,</span> 
     </span>
     <span class='ocr_line' id='line_1_36' title="bbox 147 3145 987 3225; baseline -0.004 -17"><span class='ocrx_word' id='word_1_259' title='bbox 147 3147 260 3210; x_wconf 85' lang='lat' dir='ltr'><strong>Varum</strong></span> <span class='ocrx_word' id='word_1_260' title='bbox 274 3154 390 3208; x_wconf 86' lang='lat' dir='ltr'><strong>tautum</strong></span> <span class='ocrx_word' id='word_1_261' title='bbox 415 3148 511 3225; x_wconf 88' lang='lat' dir='ltr'><strong>abest,</strong></span> <span class='ocrx_word' id='word_1_262' title='bbox 534 3155 566 3208; x_wconf 89' lang='lat' dir='ltr'><strong>ut</strong></span> <span class='ocrx_word' id='word_1_263' title='bbox 579 3148 658 3208; x_wconf 87' lang='lat' dir='ltr'><strong>haee</strong></span> <span class='ocrx_word' id='word_1_264' title='bbox 681 3148 784 3209; x_wconf 89' lang='lat' dir='ltr'><strong>omnia</strong></span> <span class='ocrx_word' id='word_1_265' title='bbox 805 3146 854 3207; x_wconf 90' lang='lat' dir='ltr'><strong>vel</strong></span> <span class='ocrx_word' id='word_1_266' title='bbox 871 3145 987 3205; x_wconf 91' lang='lat' dir='ltr'><strong>minimi</strong></span> 
     </span>
    </p>
   </div>
   <div class='ocr_carea' id='block_1_21' title="bbox 12 3227 997 3393">
    <p class='ocr_par' dir='ltr' id='par_1_21' title="bbox 12 3227 997 3393">
     <span class='ocr_line' id='line_1_37' title="bbox 12 3227 997 3329; baseline -0.003 -39"><span class='ocrx_word' id='word_1_267' title='bbox 12 3285 13 3310; x_wconf 76' lang='lat'><strong>,</strong></span> <span class='ocrx_word' id='word_1_268' title='bbox 78 3230 147 3308; x_wconf 89' lang='lat' dir='ltr'><strong>apud</strong></span> <span class='ocrx_word' id='word_1_269' title='bbox 176 3250 261 3291; x_wconf 88' lang='lat' dir='ltr'><strong>meos</strong></span> <span class='ocrx_word' id='word_1_270' title='bbox 291 3230 483 3292; x_wconf 83' lang='lat' dir='ltr'><strong>adversarios</strong></span> <span class='ocrx_word' id='word_1_271' title='bbox 513 3231 659 3329; x_wconf 79' lang='lat' dir='ltr'><strong>momepti</strong></span> <span class='ocrx_word' id='word_1_272' title='bbox 692 3230 816 3305; x_wconf 84' lang='lat' dir='ltr'><strong>luerint,</strong></span> <span class='ocrx_word' id='word_1_273' title='bbox 851 3235 883 3313; x_wconf 85' lang='lat' dir='ltr'><strong>nt</strong></span> <span class='ocrx_word' id='word_1_274' title='bbox 911 3227 997 3288; x_wconf 75' lang='lat' dir='ltr'><strong>haec·</strong></span> 
     </span>
     <span class='ocr_line' id='line_1_38' title="bbox 12 3310 988 3393; baseline -0.004 -17"><span class='ocrx_word' id='word_1_275' title='bbox 12 3355 13 3376; x_wconf 49' lang='lat' dir='ltr'><strong>i</strong></span> <span class='ocrx_word' id='word_1_276' title='bbox 79 3314 170 3374; x_wconf 89' lang='lat' dir='ltr'><strong>omnia</strong></span> <span class='ocrx_word' id='word_1_277' title='bbox 192 3313 368 3375; x_wconf 80' lang='lat' dir='ltr'><strong>offerentem</strong></span> <span class='ocrx_word' id='word_1_278' title='bbox 383 3314 582 3393; x_wconf 85' lang='lat' dir='ltr'><strong>haereticum,</strong></span> <span class='ocrx_word' id='word_1_279' title='bbox 601 3313 838 3389; x_wconf 87' lang='lat' dir='ltr'><strong>schismaticum,</strong></span> <span class='ocrx_word' id='word_1_280' title='bbox 860 3310 988 3373; x_wconf 85' lang='lat' dir='ltr'><strong>scanda-</strong></span> 
     </span>
    </p>
   </div>
   <div class='ocr_carea' id='block_1_22' title="bbox 12 3523 988 3595">
    <p class='ocr_par' dir='ltr' id='par_1_22' title="bbox 12 3523 988 3595">
     <span class='ocr_line' id='line_1_39' title="bbox 12 3523 988 3595; baseline -0.002 -15"><span class='ocrx_word' id='word_1_281' title='bbox 12 3539 13 3570; x_wconf 38' lang='grc' dir='ltr'>ἴ</span> <span class='ocrx_word' id='word_1_282' title='bbox 124 3527 153 3592; x_wconf 82' lang='grc'><strong>1)</strong></span> <span class='ocrx_word' id='word_1_283' title='bbox 173 3528 203 3582; x_wconf 93' lang='lat' dir='ltr'><strong>In</strong></span> <span class='ocrx_word' id='word_1_284' title='bbox 226 3523 267 3582; x_wconf 82' lang='lat' dir='ltr'><strong>ed.</strong></span> <span class='ocrx_word' id='word_1_285' title='bbox 287 3527 364 3582; x_wconf 81' lang='lat' dir='ltr'><strong>Jem:</strong></span> <span class='ocrx_word' id='word_1_286' title='bbox 391 3531 462 3582; x_wconf 87' lang='lat' dir='ltr'><strong>mori</strong></span> <span class='ocrx_word' id='word_1_287' title='bbox 483 3529 620 3594; x_wconf 78' lang='lat' dir='ltr'><strong>volo),‹si</strong></span> <span class='ocrx_word' id='word_1_288' title='bbox 642 3543 692 3595; x_wconf 86' lang='lat' dir='ltr'><strong>per</strong></span> <span class='ocrx_word' id='word_1_289' title='bbox 710 3542 788 3580; x_wconf 85' lang='lat' dir='ltr'><strong>meos</strong></span> <span class='ocrx_word' id='word_1_290' title='bbox 813 3525 988 3580; x_wconf 81' lang='lat' dir='ltr'><strong>adversarios</strong></span> 
     </span>
    </p>
   </div>
   <div class='ocr_carea' id='block_1_23' title="bbox 12 3597 1085 3670">
    <p class='ocr_par' dir='ltr' id='par_1_23' title="bbox 12 3597 1085 3670">
     <span class='ocr_line' id='line_1_40' title="bbox 12 3597 1085 3670; baseline 0 -21"><span class='ocrx_word' id='word_1_291' title='bbox 12 3609 13 3614; x_wconf 72' lang='grc'>’</span> <span class='ocrx_word' id='word_1_292' title='bbox 78 3597 202 3653; x_wconf 83' lang='lat' dir='ltr'><strong>liceatme</strong></span> <span class='ocrx_word' id='word_1_293' title='bbox 220 3602 367 3654; x_wconf 83' lang='lat' dir='ltr'><strong>taciturum</strong></span> <span class='ocrx_word' id='word_1_294' title='bbox 379 3602 592 3668; x_wconf 87' lang='lat' dir='ltr'><strong>quieturumqne</strong></span> <span class='ocrx_word' id='word_1_295' title='bbox 610 3599 852 3666; x_wconf 76' lang='lat' dir='ltr'><strong>supermissurum</strong></span> <span class='ocrx_word' id='word_1_296' title='bbox 862 3597 987 3650; x_wconf 83' lang='lat' dir='ltr'><strong>meliora.</strong></span> <span class='ocrx_word' id='word_1_297' title='bbox 1069 3617 1085 3670; x_wconf 8' lang='grc' dir='ltr'><strong>’Ἴ</strong></span> 
     </span>
    </p>
   </div>
   <div class='ocr_carea' id='block_1_24' title="bbox 81 3667 821 3743">
    <p class='ocr_par' dir='ltr' id='par_1_24' title="bbox 81 3667 821 3743">
     <span class='ocr_line' id='line_1_41' title="bbox 81 3667 821 3743; baseline 0.001 -20"><span class='ocrx_word' id='word_1_298' title='bbox 81 3667 105 3738; x_wconf 84' lang='lat'><strong>2)</strong></span> <span class='ocrx_word' id='word_1_299' title='bbox 122 3670 200 3729; x_wconf 81' lang='lat' dir='ltr'><strong>ibid:</strong></span> <span class='ocrx_word' id='word_1_300' title='bbox 219 3670 439 3728; x_wconf 77' lang='lat' dir='ltr'><strong>Academiarum.</strong></span> <span class='ocrx_word' id='word_1_301' title='bbox 477 3671 509 3743; x_wconf 83' lang='lat'><strong>3)</strong></span> <span class='ocrx_word' id='word_1_302' title='bbox 530 3670 590 3726; x_wconf 86' lang='lat' dir='ltr'><strong>ibid</strong></span> <span class='ocrx_word' id='word_1_303' title='bbox 607 3684 614 3725; x_wconf 75' lang='grc' dir='ltr'><em>τ</em></span> <span class='ocrx_word' id='word_1_304' title='bbox 633 3675 664 3722; x_wconf 88' lang='lat' dir='ltr'><strong>ut</strong></span> <span class='ocrx_word' id='word_1_305' title='bbox 680 3671 821 3724; x_wconf 75' lang='lat' dir='ltr'><strong>iniustum·</strong></span> 
     </span>
    </p>
   </div>
   <div class='ocr_carea' id='block_1_25' title="bbox 0 0 1137 4008">
    <p class='ocr_par' dir='ltr' id='par_1_25' title="bbox 0 0 1137 4008">
     <span class='ocr_line' id='line_1_42' title="bbox 0 0 1137 4008; baseline 0 0"><span class='ocrx_word' id='word_1_306' title='bbox 0 0 1137 4008; x_wconf 95' lang='lat' dir='ltr'><strong> </strong></span> 
     </span>
    </p>
   </div>
  </div>
 </body>
</html>
