2262 4006
322 177 461 235 canrosa
481 177 591 258 carna.
610 194 633 232 s.
653 175 730 234 rsa.
855 171 858 190 ²
934 166 996 240 393

65 335 153 411 rint,
196 334 226 394 id
248 335 331 414 quod
353 335 412 396 hac
445 334 585 396 Danielis
607 333 825 414 explanatione
863 330 996 392 arbitror

66 439 121 478 me
149 420 335 498 praestitisse
358 413 493 497 egregie
536 418 700 478 Volueram
724 416 811 496 plura
833 415 922 475 huius
940 414 996 476 Oa*

65 501 186 561 tharini
209 503 375 574 confutare,
397 502 577 580 praesertim
598 500 682 578 illud,
705 499 786 578 quod
808 498 881 558 mihi
903 499 996 559 homo

66 587 275 646 suavissimus
297 593 327 646 et
349 587 540 646 acutissimus
552 585 712 645 Themista
734 582 890 644 concedit:
914 599 997 644 amo*

65 687 138 728 rem
168 688 236 728 esse
268 670 399 749 priorem
429 668 501 729 odio
533 667 594 746 (sio
622 668 703 727 enim
733 685 792 744 ego
821 665 996 742 docueram,

65 751 179 812 odium
211 753 329 830 peccati
359 759 389 812 et
416 749 636 812 contritionem
660 770 700 810 ex
730 769 835 810 amore
863 750 996 809 iustitiae

65 837 177 914 priore
199 834 323 912 fluere).
366 835 479 894 Verum
503 853 639 896 amorem
661 834 745 893 illum
769 834 811 894 eit
834 851 997 892 caueamu-

64 937 136 978 rem
163 921 218 996 sui,
242 937 302 997 quo
325 929 393 977 sese
416 918 508 978 horno
533 917 639 996 diligit,
663 923 820 996 nepereat
840 922 934 995 atque
954 917 998 996 ita

64 1009 234 1079 peccatum
264 1001 363 1078 odiat,
401 1020 463 1060 non
497 1000 605 1061 videns
633 1001 867 1060 insulsissimum
895 1005 996 1078 caput,

64 1103 211 1144 amorem
233 1085 316 1144 hunc
342 1103 410 1144 esse
431 1084 662 1158 iniordinatum,
693 1083 850 1161 servilem,
881 1091 995 1142 merce·

64 1170 201 1245 narium,
224 1178 254 1228 et
275 1168 367 1247 plane
388 1167 472 1239 illud,
495 1169 601 1227 contra
623 1167 703 1246 quod
717 1167 859 1226 universa
880 1166 997 1245 pugnat

66 1251 241 1331 Sariptura.
285 1250 408 1336 Scilicet
429 1250 505 1310 tales
529 1259 598 1310 sunt
620 1251 669 1309 isti
692 1250 885 1320 contritores,
908 1250 997 1308 satis·

65 1335 222 1406 lectores,
248 1334 458 1411 confessores,
482 1338 514 1394 ut
536 1335 633 1394 amori
655 1334 722 1410 ist‘,
753 1333 889 1392 omnium
912 1331 999 1392 vitio-

67 1437 139 1476 rum
164 1418 257 1493 fonti,
287 1416 419 1476 tribuant
447 1435 524 1496 opus
547 1418 666 1477 virtutis
688 1423 719 1475 et
742 1415 846 1476 odium
868 1416 997 1496 peccati,

68 1501 296 1572 OTlromistas,
321 1501 513 1580 opapistas,
537 1520 556 1561 o
580 1500 795 1577 Romanistas,
818 1498 999 1578 deploratae

69 1585 241 1644 caecicatis
285 1583 433 1646 homines.
479 1582 539 1644 Sed
583 1584 655 1662 quia
699 1588 782 1643 totns
824 1582 905 1642 tiber
936 1597 997 1641 non

71 1667 133 1726 nisi
181 1667 329 1726 caecitate
378 1673 409 1726 et
461 1667 680 1726 confusissimis
723 1664 876 1726 erroribus
918 1683 1000 1724 men·

71 1749 236 1828 daoiisque
267 1755 381 1829 scatet,
411 1756 443 1808 ut
476 1749 587 1813 multas
620 1750 719 1809 lernae
754 1755 877 1829 superet
912 1767 999 1823 unus,

71 1832 102 1891 id
153 1831 236 1911 quod
280 1850 387 1892 omnes
423 1833 537 1909 nostri,
580 1834 630 1912 qui
673 1831 794 1911 legunt,
838 1837 999 1911 quantum-

71 1917 119 1974 vis
158 1914 278 1975 barbari
326 1921 357 1975 et
392 1915 510 1976 bestiae
548 1915 607 1974 sint
642 1913 802 1992 Germani,
841 1933 903 1974 uno
948 1931 1001 1974 ore

72 1997 276 2072 confitentur,
310 2000 355 2058 sic
390 2000 469 2057 enirn
503 2005 533 2058 et
561 2005 593 2057 tu
625 2000 691 2077 ipse
724 1999 863 2059 iudicasti
895 1997 1000 2077 explo-

73 2083 166 2140 sione
190 2082 359 2159 digniorem
383 2101 472 2160 quam
498 2081 721 2158 confutatione,
749 2081 904 2162 suspendo
932 2079 1002 2141 vela

74 2164 293 2244 disputationis
317 2183 394 2223 mea.
438 2164 527 2240 Quod
559 2166 582 2223 si
611 2167 723 2244 quain
747 2185 784 2225 eo
807 2165 1000 2225 essetetiam

73 2248 120 2306 via
145 2248 261 2325 ingenii
284 2253 313 2306 et
336 2247 531 2322 eruditionis,
561 2253 662 2308 tamen
692 2267 760 2308 cum
783 2248 892 2310 Daniel
916 2266 1000 2306 meus

74 2332 253 2390 universum
276 2331 464 2410 papistarnm
489 2350 615 2408 regnum
647 2348 708 2391 uno
737 2333 852 2411 impetu
875 2330 1001 2391 devora·

73 2415 122 2492 rit,
148 2413 236 2473 facile
249 2419 278 2473 et
288 2413 371 2472 hune
384 2412 581 2472 Gatharinum
594 2431 632 2473 eo
645 2432 740 2492 regno
749 2414 885 2473 maxime
905 2416 1001 2473 niten-

75 2503 138 2557 tem
164 2497 252 2555 simul
280 2496 423 2572 devorat,
451 2495 523 2575 quid
554 2496 646 2556 faciet
674 2497 796 2556 unicum
825 2496 928 2556 lolium
952 2495 1003 2556 ad·

75 2598 184 2640 versus
206 2586 328 2639 ventum
353 2578 492 2639 arborem
516 2598 584 2639 cum
609 2579 713 2639 radice
734 2578 943 2639 evertentem?

160 2662 208 2722 Ad
231 2661 409 2723 silvestrum
432 2681 521 2739 vern,
557 2682 647 2741 quem
680 2663 758 2722 inter
786 2662 864 2722 haec
891 2661 928 2721 ad
952 2681 999 2722 me
1079 2673 1081 2681 ⁴

75 2747 199 2821 misisti,
233 2745 306 2805 nihil
330 2746 411 2806 aliud
434 2745 624 2825 responde0,
654 2765 745 2825 quam
775 2744 857 2824 quod
879 2744 918 2805 ad
941 2744 1000 2804 Re-

75 2828 188 2906 plicam
218 2829 281 2888 eius
312 2828 384 2888 olim
413 2829 567 2909 respondi.
623 2829 746 2889 Praeter
767 2827 887 2889 titulum
910 2829 1001 2904 enim,

78 2930 139 2988 quo
162 2913 255 2972 iactat
278 2919 377 2972 errata
399 2918 430 2971 et
452 2917 632 2991 argumente
654 2913 774 2972 Martini
796 2911 918 2974 Lutheri
943 2911 1001 2971 dis·

76 3013 166 3054 cussa
195 3001 224 3052 et
253 2995 323 3054 trita
351 3002 419 3071 etc,
442 2995 514 3054 nihil
543 2994 622 3055 iacit.
670 2996 754 3055 Deus
783 2994 881 3072 bone,
910 2996 1000 3055 etiam

75 3075 162 3136 ltalia
185 3083 246 3136 tam
281 3076 409 3136 barbara
443 3086 472 3136 et
507 3077 695 3138 monstrifica
726 3079 851 3158 ingenia
877 3077 1000 3138 tandem

78 3157 195 3238 gignit?
224 3159 290 3218 Nec
311 3159 404 3218 habet
425 3158 531 3220 infelix
554 3161 699 3221 facierum
722 3181 776 3221 rex
798 3161 875 3221 alios
900 3159 1002 3220 defen·

78 3261 172 3316 sores,
196 3261 287 3319 quam
310 3241 366 3302 hos
389 3243 624 3312 insulsissimus,
646 3244 836 3318 rudissimos,
857 3241 1000 3303 indoctis-

80 3326 171 3384 simus
199 3324 388 3404 nugatores?
420 3325 518 3400 Quam
546 3327 674 3387 feliciter
704 3328 783 3386 enim
814 3325 1002 3406 theologiset

81 3406 239 3481 silvester,
272 3407 343 3467 hinc
365 3408 556 3487 aestimabis,
592 3410 675 3489 quod
708 3411 749 3470 ait
783 3408 1001 3470 dehonestate

80 3509 159 3566 esse,
202 3507 263 3551 non
294 3490 332 3550 de
364 3493 562 3568 necessitate,
599 3492 723 3572 diligere
744 3492 843 3552 Deum
873 3511 912 3551 ex
936 3497 1001 3551 toto

81 3573 187 3651 corde,
209 3572 291 3651 qnod
315 3574 386 3652 quid
409 3581 455 3634 est
475 3575 572 3649 aliud,
595 3594 685 3654 quarn
707 3574 857 3655 abrogare
878 3580 909 3634 et
936 3571 1001 3632 reii-

81 3674 150 3737 gere
168 3656 340 3717 universam
369 3656 469 3738 legem
497 3657 576 3718 Dei?
618 3657 817 3738 Ofurorem,
849 3677 868 3719 o
898 3655 1001 3736 impie
