2254 4008
145 158 189 226 68
404 160 448 218 Da
466 161 545 233 capa
564 163 661 232 Babyl.
680 163 821 218 Ecclesiae

146 315 300 396 illaqueet.
343 315 493 394 Obsecro,
515 335 576 396 qno
599 318 663 378 iure
687 319 821 393 (utnon
845 317 957 392 dicam,
980 334 1069 394 quam

146 400 239 478 impie
261 404 292 458 et
308 398 521 460 damnabiliter
544 400 620 460 baec
644 402 787 480 mysteria
802 401 923 460 omittat
940 399 1069 473 docere)

146 501 228 562 papa
251 501 342 561 super
364 501 421 543 nos
443 483 601 544 constituit
623 483 729 562 leges?
758 481 833 558 Quis
863 481 946 542 dedit
970 483 997 541 ei
1020 499 1071 560 po·

148 571 291 626 testatem
320 566 524 645 captivandae
557 566 644 626 buius
671 573 795 626 nostrae
822 565 988 634 libertatis,
1020 583 1072 644 per

147 647 330 728 baptismum
353 647 442 708 nobis
465 648 618 708 donatae?
652 647 763 721 Unum,
787 656 819 708 ut
840 647 913 721 dixi,
937 647 1027 707 nobis
1044 649 1072 706 in

146 738 211 791 tota
232 733 294 790 vita
323 732 476 810 agendum
504 738 551 791 est
577 733 783 811 propositum,
814 740 846 790 ut
874 729 1073 809 baptisatam,

146 813 176 873 id
199 821 256 893 est,
279 813 510 886 mortificemur,
543 826 573 874 at
602 816 739 874 vivamus
761 833 814 893 per
836 812 927 874 tidem
951 813 1074 889 Christi,

146 915 237 976 quam
261 903 291 956 et
314 898 402 956 unice
424 896 546 957 doctam
578 898 726 976 oportuit,
756 899 888 956 maxima
911 917 931 956 a
952 914 1073 956 summo

66 1006 74 1022 ·
144 989 278 1058 pastore·
323 981 364 1039 At
385 999 466 1039 nnnc
484 981 576 1040 tacita
596 979 657 1040 tide
679 978 802 1040 infinitis
816 978 1073 1058 legibusoperum

145 1070 176 1121 et
197 1063 438 1122 ceremoniarum
462 1065 613 1126 exstincta
634 1072 681 1123 sat
694 1063 835 1137 ecclesia,
857 1062 963 1122 ablata
981 1063 1074 1120 virtus

146 1151 177 1204 et
198 1145 326 1205 scientia
347 1143 499 1225 baptismi,
522 1146 669 1224 impedita
690 1144 765 1205 fides
783 1144 903 1206 Christi.

220 1227 296 1287 Dico
309 1229 425 1306 itaque:
448 1228 555 1307 Neque
567 1247 658 1308 papa,
669 1247 770 1307 nsque
783 1230 960 1308 episcopus,
974 1244 1073 1305 neque

146 1309 224 1370 ullus
247 1310 402 1370 bominum
426 1311 519 1370 habet
544 1313 591 1371 ius
614 1313 702 1371 unius
724 1311 862 1391 syllabae
885 1310 1074 1370 constituen-

145 1391 203 1452 dae
229 1411 322 1472 super
345 1394 548 1454 Christianum
578 1394 749 1468 hominem,
778 1395 835 1454 nisi
856 1393 886 1452 id
912 1393 969 1453 liat
998 1394 1074 1452 eius-

146 1475 214 1536 dem
237 1494 405 1551 consensu,
434 1477 579 1556 quidquid
603 1477 690 1538 aliter
712 1475 759 1555 fit,
783 1477 942 1557 tyrannico
968 1476 1075 1555 spiritu

145 1557 188 1636 tit,
211 1559 281 1620 ideo
305 1560 469 1630 crationes,
491 1561 619 1636 ieiunia,
643 1561 842 1635 donationes,
869 1568 899 1620 et
920 1576 1076 1637 quaecun-

145 1659 204 1720 que
216 1642 337 1702 tandem
360 1661 442 1723 papa
452 1640 481 1702 in
497 1643 644 1704 universis
659 1646 721 1702 suis
734 1644 863 1703 decretis
886 1651 946 1702 tarn
974 1642 1074 1702 multia

145 1742 235 1803 qnam
263 1725 375 1804 iniquis
405 1727 511 1786 statuit
537 1737 568 1786 et
599 1727 710 1804 exigit,
743 1743 867 1806 prorsus
900 1725 987 1786 nullo
1011 1725 1075 1786 iura

135 1808 239 1888 exigit
260 1816 291 1868 et
312 1810 432 1883 statuit,
460 1817 630 1889 peccatqne
656 1811 685 1868 in
723 1809 891 1870 libertatem
920 1807 1075 1868 ecclesiae

145 1893 247 1967 toties,
270 1893 390 1970 quoties
402 1891 514 1970 aliquid
538 1892 646 1952 borum
669 1894 872 1954 attentaverit.
915 1890 999 1952 Hinc
1016 1891 1074 1952 iac

144 1981 206 2033 tum
231 1982 286 2051 est,
310 1983 342 2033 ut
363 1975 561 2035 ecclesiastici
585 1975 721 2036 hodierni
734 1975 849 2034 strenui
870 1973 997 2053 quidem
1014 1975 1075 2034 sint

145 2063 261 2116 tutores
285 2056 431 2118 libertatis
453 2059 690 2136 ecclesiasticae,
713 2057 742 2118 id
766 2067 822 2134 est,
843 2056 993 2138 lapidum,
1019 2057 1074 2136 lig-

145 2157 269 2219 norum,
292 2159 433 2220 agrorum
458 2149 488 2202 et
510 2160 656 2201 censuum
682 2143 744 2218 (sic
757 2143 836 2202 enim
859 2139 951 2201 bodie
976 2141 1074 2200 eccle·

146 2223 271 2282 siastica
293 2231 364 2284 sunt
385 2224 464 2284 idem
489 2224 782 2304 quodspiritualia),
804 2223 858 2284 sed
881 2223 999 2284 eisdem
1023 2221 1074 2283 lic

145 2305 183 2365 tis
205 2304 306 2365 verbis
328 2325 431 2367 reram
454 2308 603 2368 ecclesiae
627 2307 796 2368 libertatem
819 2325 879 2368 non
893 2305 987 2367 modo
1003 2325 1074 2386 cap-

145 2388 255 2468 tivent,
289 2388 343 2448 sed
371 2390 560 2470 pessundent
588 2393 723 2470 penitus,
757 2391 848 2450 etiam
882 2390 948 2469 plus
978 2409 1073 2468 quam

143 2469 252 2552 Tusca,
276 2480 385 2534 contra
415 2474 605 2553 apostolum,
628 2474 679 2553 qui
707 2471 846 2548 dicim:
870 2472 983 2532 Nolite
1005 2471 1072 2533 lieri

143 2555 223 2616 servi
245 2555 413 2618 bominum.
457 2557 525 2618 Hoc
545 2557 624 2616 enim
654 2576 724 2616 vere
752 2565 799 2616 est
828 2556 986 2616 hominum
1010 2575 1072 2616 ser·

144 2657 201 2698 ros
222 2636 297 2717 lieri,
319 2640 440 2700 statutis
466 2648 497 2699 et
519 2640 684 2720 tyrannicis
702 2656 806 2701 eorum
819 2638 937 2720 legibus
948 2637 1070 2699 subiici.

227 2721 381 2782 Adiuvant
403 2723 483 2783 hanc
503 2724 628 2802 impiam
651 2729 681 2782 at
702 2722 851 2802 perditam
876 2721 1071 2802 tyrannidem

145 2802 285 2883 discipuli
307 2823 417 2885 papae,
440 2806 500 2866 huc
521 2812 698 2884 torquentes
721 2814 752 2866 et
769 2804 971 2885 depravantes
995 2803 1072 2865 illud

145 2884 269 2947 Christi:
282 2886 505 2968 Quivosaudit,
518 2888 665 2951 meandit.
680 2889 797 2969 Magnis
805 2889 886 2948 enim
897 2887 1000 2948 buccis
1008 2887 1072 2949 hoc

143 2967 383 3032 inflantverbum
393 2975 519 3052 proauis
533 2971 756 3049 traditionibus,
778 2991 845 3032 cum
858 2971 994 3032 Christus
1008 2971 1071 3032 boc

144 3051 254 3112 dixerit
266 3055 414 3133 apostolis
436 3054 577 3115 euntibus
590 3054 767 3135 praedicare
780 3054 970 3134 evangelium
987 3053 1069 3116 etad

142 3136 337 3216 evangelium
360 3143 477 3198 tantum
500 3138 603 3198 reterri
619 3137 746 3215 debeat,
767 3137 826 3218 ipsi
848 3138 962 3199 omisso
975 3157 1067 3198 evan-

143 3218 224 3298 gelio
264 3220 325 3278 suis
349 3226 464 3280 tantum
487 3220 596 3282 fabulis
647 3220 678 3281 id
704 3228 820 3300 aptant.
871 3221 951 3296 Dicit
986 3221 1069 3280 euim

143 3301 250 3363 loban.
274 3303 326 3364 10:
361 3301 443 3362 Oves
465 3323 553 3363 meae
575 3321 681 3364 vocem
706 3321 804 3363 meam
827 3303 966 3380 audiunt,
996 3303 1068 3364 alie·

143 3401 252 3444 norum
275 3391 377 3444 autem
399 3403 507 3445 vocem
530 3405 592 3448 non
614 3385 750 3450 audiunt.
788 3385 861 3447 ldao
883 3393 914 3447 et
929 3387 1068 3448 relictum

200 3649 231 3716 ⁸)
253 3647 278 3700 1.
296 3645 360 3702 Cor.
379 3649 405 3704 7.
