2252 4006
208 162 316 216 Bullam
336 162 418 216 Leon.
438 141 467 214 ll.
497 161 617 219 damnat.
637 179 661 218 a.
681 120 760 221 lb20.
872 161 957 226 '225

30 311 184 395 Gregorii
225 335 299 395 pura
324 315 405 376 bona
427 335 489 377 non
513 316 611 378 solum
634 335 696 377 nou
719 323 798 394 sunt,
821 315 957 379 sednon

31 421 97 460 esse
120 398 273 480 possunt?

110 482 244 559 Damna,
267 483 307 540 mi
329 501 427 560 papa,
449 481 560 542 damna
582 481 638 540 hos
654 489 777 542 sanatos
788 483 881 560 viros,
896 483 956 544 lob

30 574 58 626 et
79 564 278 644 Gregorium,
301 563 380 624 adde
401 565 447 624 his
471 584 517 641 ea,
531 583 610 643 quae
623 561 706 626 dieta
718 574 788 626 sunt
800 565 956 644 David*):

29 649 95 708 Non
120 646 336 708 iustificabitur
363 649 393 706 in
424 653 592 728 oonspeotu
625 654 678 708 tuo
708 650 807 708 omnis
838 649 956 728 vivens,

29 739 58 790 ut
80 738 110 788 et
120 736 154 790 te
166 730 292 790 damnet
302 729 450 790 Dominus
462 731 546 791 lesus
560 730 749 810 propediem,
798 731 845 791 Tu
863 731 956 792 dones

29 815 156 874 introire
185 814 215 872 in
247 813 446 892 eonspaot'um
477 813 534 874 Dei
566 813 715 893 superbos
749 824 779 874 et
807 815 858 892 qui
888 834 956 874 sese

29 896 230 956 damnatione
260 895 370 974 dignos
405 915 466 956 non
498 915 566 956 esse
599 897 745 956 iaotitant'
771 915 874 958 eoram
908 916 956 974 eo,

30 999 118 1058 quem
143 978 308 1041 columnae
330 979 408 1040 eoeli
420 986 558 1038 tremunt
580 979 678 1039 etsub
701 998 762 1058 quo
785 988 957 1056 curvantur,

29 1063 77 1140 qui
99 1068 228 1140 portant
250 1061 366 1140 orbem,
378 1061 559 1125 oumDavid
573 1081 633 1122 non
651 1064 799 1123 sustineat
810 1061 955 1122 iudioium

31 1146 103 1206 eius.
149 1144 192 1204 Et
214 1145 403 1225 Augustinus
432 1145 497 1204 Vae
530 1145 666 1204 omnium
694 1146 852 1206 hominum
876 1146 956 1206 vitae

31 1226 291 1286 laudabilissimo
314 1227 494 1306 denunciet,
525 1227 585 1287 hoe
607 1235 670 1307 est,
693 1230 840 1307 optimam
864 1230 955 1290 vitam

31 1310 230 1370 damnatione
270 1310 392 1390 dignam
424 1310 517 1370 faeiat
552 1329 656 1370 soram
692 1310 768 1372 Deo.
812 1310 843 1371 Si
875 1313 955 1372 enim

32 1394 121 1472 digna
145 1411 209 1453 non
234 1399 278 1452 est
301 1394 429 1454 alieuius
452 1396 513 1453 vita
536 1393 589 1452 tali
611 1392 823 1472 damnatione,
845 1396 958 1474 poterit

31 1495 97 1535 sesa
121 1494 230 1536 eoram
255 1475 320 1536 Deo
344 1478 451 1536 sistere
471 1483 501 1536 et
523 1475 647 1554 gloriari
668 1478 697 1536 in
711 1478 879 1537 vitaos'uae
894 1478 956 1557 dig·

33 1561 131 1620 nitate.
179 1557 242 1620 Sed
264 1579 323 1620 vae
345 1559 566 1620 abominationi
589 1559 639 1618 isti
661 1559 955 1638 abominatissimae,

33 1648 144 1720 quanto
179 1641 294 1722 impetu
328 1661 384 1703 nos
428 1643 506 1721 rapit
540 1642 570 1701 in
604 1650 765 1722 peceatum
801 1651 831 1704 et
860 1643 956 1722 perdi·

33 1727 155 1785 tionem.

111 1806 241 1866 Rsvooo
275 1825 349 1886 ergo
381 1807 462 1867 huno
484 1806 655 1878 ¹articulum
689 1815 719 1868 at
749 1808 892 1868 moderor
924 1809 954 1867 in

33 1889 108 1948 huno
131 1887 269 1953 modum.
296 1888 395 1950 Nemo
417 1907 481 1950 non
502 1891 689 1950 certissimus
712 1909 781 1950 esse
802 1889 902 1968 dabat,
922 1909 956 1950 se

35 1991 152 2052 semper
176 1971 345 2032 mortaliter
368 1990 514 2052 pessare,
537 1973 562 2030 si
585 1992 639 2032 sua
663 1975 726 2034 vita
747 1973 784 2034 ad
808 1972 954 2034 iudioium

34 2055 86 2114 Dei
109 2055 310 2115 iustissimum
334 2061 544 2135 comparetur,
568 2063 630 2115 tam
653 2056 766 2116 iniusta
788 2057 867 2116 enim
891 2057 955 2116 aius

36 2139 93 2198 vita
114 2138 291 2198 neeessario
315 2143 377 2215 est,
399 2156 490 2216 quam
519 2138 630 2198 iustum
654 2145 701 2198 est
721 2139 867 2199 iudioinm
888 2139 955 2217 Dei,

36 2239 134 2282 soram
169 2239 230 2300 quo
259 2228 340 2280 stare
373 2223 441 2301 ipsa
462 2239 522 2280 non
555 2226 666 2300 potest.
716 2222 756 2281 At
788 2223 889 2302 ipsum
910 2231 957 2283 est

36 2304 241 2379 iustissimum,
264 2322 358 2382 quare
376 2304 437 2363 vita
461 2304 526 2363 eius
549 2311 595 2363 est
617 2305 824 2385 iniustissima,
848 2304 955 2365 solius·

38 2405 91 2464 que
123 2384 393 2468 misericordiael)
426 2386 599 2453 velamento
632 2387 799 2467 servanda,
833 2396 865 2447 ut
897 2394 958 2449 stet

39 2469 144 2529 Paulus
167 2469 256 2530 Rom.
280 2471 325 2533 3.:
348 2468 388 2530 Ut
410 2467 585 2530 obstruatur
607 2489 698 2530 omne
710 2489 745 2531 os
758 2475 789 2534 et
802 2470 955 2531 obnoxius

39 2551 86 2612 liat
106 2551 238 2612 mundus
262 2551 347 2628 Deo,
377 2559 407 2612 et
431 2555 484 2614 ll:
513 2552 671 2612 Conclusit
693 2555 796 2614 omnia
825 2553 880 2614 sub
910 2554 955 2614 in·

40 2635 221 2716 credulitate,
245 2642 277 2696 ut
301 2636 436 2696 omnium
460 2636 647 2696 misereatur.

274 2800 518 2861 Tricesimos
540 2806 697 2862 sextus:

98 2933 235 2995 Liberum
260 2934 415 2995 arbitrium
441 2940 511 3015 post
533 2944 691 3015 pennatum
714 2955 762 2998 res
781 2935 956 2998 estdesolo

97 3018 195 3160 adfligi,
205 3017 236 3078 et
257 3017 327 3078 dum
351 3019 433 3096 laoit,
455 3017 537 3097 quod
559 3021 588 3078 in
612 3039 646 3080 se
668 3027 724 3100 est,
747 3028 857 3100 pensat
879 3039 957 3081 mor·

117 3216 225 3278 infelix
248 3216 374 3284 liberum
398 3217 565 3298 arbitrium,
587 3219 684 3278 iustus
704 3218 837 3280 inbono
863 3239 957 3302 opere

46 3307 143 3376 pendat
165 3299 342 3378 mortaliter,
365 3306 397 3360 ut
411 3300 551 3378 vidimus,
565 3309 594 3360 at
616 3302 715 3382 ipsum
737 3303 868 3363 iactatur
885 3311 957 3365 anto

47 3381 178 3445 iustitiam
202 3383 316 3462 aliquid
340 3403 408 3444 essa
430 3391 461 3444 ot
483 3402 585 3463 posse.
630 3383 656 3445 Ο
680 3383 874 3445 damnatores
904 3387 956 3446 mi-

96 3647 122 3716 *l
141 3648 243 3703 Psalm.
264 3649 324 3704 143.
379 3650 410 3718 1)
433 3647 464 3702 ln
483 3648 525 3704 ed.
546 3649 631 3718 aliga
653 3648 850 3705 misericordia.

71 3750 152 3794 liuthari
165 3765 217 3804 opp.
232 3755 258 3796 V.
273 3753 300 3793 A.
315 3754 350 3797 ad.
368 3755 408 3794 rel.
423 3754 472 3798 hist.
487 3755 503 3795 1.
516 3765 539 3804 p.
552 3755 601 3795 Vol.
616 3754 643 3798 V·
834 3724 871 3785 15
