2262 4006
137 138 200 208 328
367 145 522 215 nuptum
542 145 571 198 n.
589 143 625 200 rr.
643 143 673 199 n.
692 143 727 199 m
745 143 848 200 numm
1117 148 1118 186 r

137 298 231 380 digna
252 296 479 380 magnifloantia
511 298 705 378 praeclarae,
737 297 871 360 mundae
894 305 924 360 et
947 295 1060 358 nitidae
1117 293 1118 300 ’

135 384 196 443 aint
217 381 320 444 aadaa.
363 382 421 442 Dio
442 389 472 442 et
493 381 557 457 hio,
581 382 604 442 ni
628 390 734 462 potes,
756 400 835 461 quae
857 400 935 461 gena
958 399 1060 461 auper-

139 465 250 540 biorna‚
271 464 514 545 apeotabiliores‚
536 466 746 541 amoeniores,
768 463 1062 544 magnifloentiorea,

136 549 314 628 praesertim
327 553 388 609 tam
407 547 517 608 multas
531 548 624 608 aeden
634 547 735 625 habet,
750 555 842 627 atque
857 548 920 608 hoo
933 565 1062 626 regnum

135 629 304 692 saniorum?
324 630 435 691 Nonne
456 632 564 710 optimi
585 631 680 705 fundi,
702 632 817 712 optima
838 630 922 699 lona,
946 630 1063 709 optima

134 720 246 787 bantra,
268 715 385 794 optimu
402 713 555 774 dominilia
567 717 636 776 nunt
653 713 796 774 illorum?
819 713 907 790 Quae
921 711 1062 773 lautitia?

34 837 36 843 -
136 797 204 876 quia
217 795 318 858 nitori
340 814 419 875 quoe
432 795 581 857 munditia
601 798 631 856 in
654 802 720 858 toto
739 797 853 858 mundo
876 803 983 876 potent
1004 793 1062 854 iiiia

137 879 288 940 oonterrit
311 877 462 941 smenon
485 877 665 958 aodifloant,
695 897 732 940 ao
754 881 778 939 si
801 878 981 960 paradisum
1006 877 1060 938 aibi

137 963 167 1022 in
201 961 262 1022 hoo
289 961 395 1024 aeoulo
427 967 607 1042 perpetuum
640 981 750 1042 parare
784 964 932 1042 cogitent.
986 960 1061 1019 Vide

137 1044 251 1124 palatia
283 1045 604 1106 reverendissimorum
632 1044 857 1123 cardinalium,
891 1062 975 1123 quaa
1008 1061 1061 1123 pro

136 1127 234 1208 gloria
263 1127 319 1188 Dei
351 1135 382 1188 et
411 1129 527 1188 honore
555 1135 681 1188 sanotae
708 1128 858 1189 eooleaiae
890 1124 1061 1207 possident,

135 1215 166 1270 ot
186 1228 292 1291 regum
314 1210 429 1291 palatia
450 1229 518 1272 oum
541 1210 599 1270 iilia
621 1211 759 1272 oonierro
781 1210 957 1272 erubesces.
1000 1208 1061 1268 Non

139 1293 261 1368 mirum,
291 1311 359 1354 oum
382 1311 577 1355 auooaaaoroa
600 1293 809 1374 apostolorum
833 1293 894 1352 aint
917 1299 948 1352 et
971 1290 1059 1352 virtu·

137 1375 193 1434 alin
216 1375 357 1453 aboleaio,
380 1376 420 1437 ob
442 1377 471 1436 id
495 1374 616 1456 regibus
640 1377 747 1438 merito
771 1395 871 1456 parea,
887 1371 959 1435 'imo
973 1391 1060 1453 aupa-

138 1459 244 1535 riores,
268 1477 335 1520 eum
359 1459 403 1520 illi
425 1460 594 1539 pinnatorea
615 1459 733 1522 fuerint.
778 1458 827 1519 Ad
850 1458 928 1518 alias
951 1475 1059 1538 propa

137 1559 238 1601 remus
250 1543 350 1602 minua
371 1561 485 1621 onoma,
508 1561 578 1603 narn
592 1541 651 1602 baa
668 1549 739 1614 tros,
758 1548 953 1622 personatus,
976 1559 1060 1619 opas,

137 1623 241 1701 andes,
265 1625 400 1686 omnium
424 1633 494 1685 aunt
514 1625 605 1686 sanilo
626 1626 859 1686 naoratiaaimao.
904 1622 1060 1699 Quantum

139 1715 184 1768 eat
207 1709 286 1768 enim
311 1707 362 1768 hio
383 1727 466 1768 maro
487 1709 596 1768 iurium
623 1707 661 1768 de
682 1706 890 1788 dignitatibus,
913 1705 953 1766 de
977 1723 1060 1786 prae·

138 1789 254 1866 laturis,
277 1789 315 1852 de
325 1789 519 1871 praebendis,
541 1790 581 1850 da
598 1789 728 1870 iudioiin,
751 1790 789 1851 de
810 1789 888 1867 foro,
911 1788 951 1849 de
975 1788 1061 1868 pri-ri·

137 1871 240 1953 logiis,
269 1873 307 1932 dn
328 1872 583 1952 immunitatibus,
611 1879 643 1933 ot
663 1873 692 1933 id
715 1891 812 1952 genus
834 1873 872 1932 ad
895 1870 1059 1932 eontaaiam

138 1973 198 2016 '¹⁰¹¹
221 1957 337 2114 biiii
354 1955 802 2119 iiibffli'rissnffhiiiib
819 1951 1061 2114 bituiti}

763 2081 765 2088 '
971 2082 981 2116 i

140 2119 187 2181 val
209 2121 357 2201 imprimis
380 2140 449 2182 aean
459 2128 559 2182 tuetur
578 2123 719 2201 impietas
737 2122 795 2180 iata
811 2119 1059 2181 abominationis.

139 2201 236 2279 Quem
261 2204 341 2264 enim
365 2222 427 2264 non
449 2202 551 2278 inflat,
573 2203 753 2278 aanotifloot,
775 2202 967 2264 adorabilem
990 2201 1060 2262 fauit

136 2283 248 2346 rubens
270 2285 321 2346 illo
342 2286 452 2366 pileus,
475 2285 608 2347 binomia
621 2286 726 2362 infula,
747 2304 849 2366 syrma
862 2301 1057 2366 purpureum,

139 2367 222 2428 mula
242 2377 413 2448 gemmato,
441 2370 553 2444 tartarea
576 2388 667 2442 auro,
689 2370 833 2449 gemmis,
856 2367 1058 2445 omnibusque

138 2452 279 2530 pretioaia
300 2452 448 2532 rigentes,
480 2458 510 2512 et
536 2453 636 2512 omnia
656 2451 708 2514 illa
731 2453 879 2528 varietas,
909 2467 972 2529 qua
994 2467 1058 2509 aona

138 2551 157 2595 a
178 2533 265 2594 laiois
286 2541 318 2596 et
339 2536 492 2595 communi
509 2534 748 2597 Christianorum
770 2532 885 2607 babitu,
908 2549 966 2593 aeu
988 2551 1008 2592 a
1027 2549 1057 2592 re

137 2616 276 2696 profana,
298 2611 539 2697 separaverunt?
572 2619 633 2677 tam
665 2635 767 2677 rasum
795 2616 880 2676 illum
912 2615 1054 2674 vertioem

139 2716 308 2777 manusque
340 2700 410 2760 oiao
439 2699 493 2760 ilio
513 2700 647 2779 putrido
678 2705 876 2760 oonaeorataa
910 2698 1056 2778 tetigisse,

139 2780 331 2862 saerilegium
354 2788 402 2842 est
422 2783 600 2846 maximum.
645 2782 756 2842 Beatus
777 2790 895 2858 autom,
917 2780 975 2859 qui·
993 2778 1055 2859 dig·

139 2881 196 2922 nun
216 2862 305 2924 suerit
336 2864 384 2925 rel
418 2865 559 2928 oseulari.
603 2864 823 2925 Monaoborum
852 2868 955 2924 autem
976 2861 1055 2922 habi·

138 2951 202 3006 tum
234 2946 356 3026 ipsimet
388 2946 482 3007 ferme
509 2946 738 3022 abominantur,
773 2948 829 3008 otai
861 2945 1056 3006 vehementer

138 3027 247 3088 faeiem
259 3029 349 3088 iatam
362 3029 505 3091 stabiliat.
534 3028 715 3106 Hiovideas‚
737 3036 850 3108 quanta
862 3027 964 3088 subito
987 3034 1056 3086 nata

61 3147 62 3150 =
138 3111 199 3170 aint
228 3117 373 3190 pennata,
408 3119 542 3192 quantae
572 3113 797 3187 oonaoiantiao,
834 3111 939 3190 quanti
968 3127 1055 3170 oaaua

133 3195 341 3268 renoramini
364 3194 436 3274 quid
458 3196 488 3255 in
511 3196 557 3255 hin
579 3194 730 3256 habitibus
754 3201 807 3256 aut
828 3194 964 3254 reatibus
987 3192 1054 3253 deli·
1123 3257 1124 3278 p

139 3279 267 3354 querint.
311 3275 401 3353 Quod
424 3285 559 3357 stuprum
583 3296 638 3357 por
659 3295 728 3337 ease
748 3284 837 3358 putea
859 3277 910 3336 uui
928 3275 972 3336 ilti
995 3291 1055 3335 aoe-
1123 3321 1124 3332 ,

139 3358 208 3428 lari,
241 3360 267 3420 ai
289 3358 418 3418 olorinus
444 3367 510 3419 toto
543 3360 572 3419 in
595 3377 699 3418 menne
731 3378 818 3420 raaua
851 3377 913 3419 non
947 3357 1053 3420 fueriti

139 3436 228 3512 Quod
252 3440 458 3519 parricidium,
481 3442 505 3500 ni
527 3441 594 3501 aine
615 3441 705 3518 stola,
727 3443 792 3502 sine
815 3439 983 3520 manipula,
1004 3447 1051 3500 aut

140 3537 199 3577 uua
226 3527 312 3597 porte
338 3522 441 3601 aliqua
467 3523 560 3582 vastia
580 3523 721 3600 neglecta
749 3524 834 3584 nitori
855 3521 1051 3584 miniatrarit?

222 3599 249 3660 0
271 3601 365 3686 digna
385 3603 493 3684 religio
515 3611 546 3664 et
564 3603 693 3665 idoneus
716 3606 815 3667 oultua
836 3603 949 3667 talibus
963 3602 1050 3667 Sauo
