2252 4006
273 210 381 264 Bullsm
404 211 485 264 Leon.
502 209 537 264 X.
557 171 678 266 demnut
698 225 722 264 u.
745 209 821 266 1520.
946 205 1008 273 233

83 361 141 422 tire
164 368 194 422 et
216 364 421 442 queruntur1)
446 365 605 445 apostolus
628 370 658 426 et
671 383 778 426 omnes
791 363 904 441 Heneti,
927 373 1009 424 eerte

83 452 191 506 contre
218 465 475 508 omnemsensum
498 455 554 527 est,
577 455 610 508 ut
632 453 720 509 extre
735 449 862 528 gratiam
879 446 1008 527 probum

80 527 131 602 sit,
158 539 187 588 et
209 530 248 588 ed
271 531 428 592 absentem
441 551 475 590 se
497 537 593 611 peret,
617 550 707 610 quum
730 537 922 611 praesentem
945 529 1009 591 odit

82 617 114 670 et
136 615 330 692 persequitur
352 622 410 674 etc.

169 695 305 757 Necesse
324 703 371 758 est
393 716 482 776 ergo,
504 716 588 758 meru
610 697 756 777 figmento
779 703 809 756 et
829 696 1009 776 hypocrises

81 795 166 855 esse,
190 797 390 858 quaeeunque
413 787 443 840 et
465 779 613 840 docentur
635 786 665 840 et
685 777 762 839 liunt
783 786 854 839 snte
881 780 1009 859 gretiam

80 879 140 939 pro
166 863 264 942 gretie
285 863 488 942 impetrando,
511 864 690 943 praevenire
709 863 789 923 enim
812 881 869 922 nos
882 879 1010 921 neeesse

81 949 130 1003 est
155 945 366 1006 misericordie
393 946 459 1016 Dei,
482 955 514 1006 ut
535 947 671 1006 velimus.
716 945 800 1006 Sicut
821 951 852 1006 et
867 945 1011 1023 Augusti-

80 1045 140 1086 nus
157 1034 266 1088 contre
277 1028 431 1109 Epistulas
442 1029 546 1109 Pelug.
562 1029 649 1088 dicit:
672 1028 762 1103 Quod
774 1027 913 1088 nolentes
926 1027 1010 1087 Deus

81 1111 239 1170 convertit
267 1118 297 1172 et
327 1112 521 1173 reluctantes.
553 1111 657 1172 ¹Sicut
685 1113 717 1171 in
752 1111 896 1191 exemplo
924 1109 1011 1170 Psuli

81 1195 278 1272 monstravit,
303 1213 393 1273 quern
405 1202 478 1254 tuno
494 1197 656 1272 convertit,
678 1193 801 1273 quando
814 1199 880 1254 eret
891 1211 1010 1253 summo

81 1276 197 1336 ardore
225 1278 446 1355 persecutionis
474 1279 599 1338 insanus
626 1284 657 1338 et
689 1278 859 1339 contrarius
886 1278 1011 1356 gratiae.

81 1357 123 1419 Et
146 1358 255 1419 Petrus
284 1379 345 1420 non
375 1361 510 1440 respexit
533 1361 714 1436 Dominum,
742 1367 775 1420 nt
802 1360 1013 1420 recorderetur

81 1439 182 1516 verbi,
206 1443 287 1520 quod
312 1443 432 1504 dixerat
453 1444 481 1502 ei
504 1443 604 1519 lesus,
627 1443 681 1504 sed
703 1443 854 1503 Dominus
876 1443 1012 1522 respexit

80 1523 208 1583 Petrum
229 1525 260 1584 in
289 1525 389 1586 medie
416 1532 447 1586 et
468 1525 604 1586 maxims
624 1526 677 1586 ille
698 1527 884 1606 negatione,
916 1531 945 1584 et
968 1526 1012 1584 sie

82 1607 266 1667 recordatus
289 1608 374 1669 verbi
396 1607 481 1668 llcvit
502 1627 615 1669 emere.

171 1689 320 1750 Videmus
336 1692 439 1770 itaque
450 1692 481 1750 in
492 1691 582 1751 huius
596 1691 713 1752 erticuli
736 1692 897 1766 sententie,
921 1708 1011 1768 quern

83 1770 181 1832 lsllex
208 1772 297 1833 luerit
320 1775 459 1854 operstio
482 1775 592 1835 erroris
615 1775 761 1854 magistro
782 1781 899 1834 setene.
934 1773 1010 1832 Gum

84 1855 168 1914 enim
192 1874 306 1936 negare
329 1875 390 1917 nun
414 1863 551 1936 possent,
573 1875 630 1917 nos
653 1875 707 1936 per
728 1857 858 1936 gretiam
875 1856 932 1916 Dei
957 1855 1013 1914 sul·

86 1955 144 1997 vos
168 1936 234 1998 fieri
259 1945 412 2018 oportere,
435 1957 492 1999 nec
514 1939 637 1999 eludere
657 1945 784 2019 possent
806 1939 886 1999 hene
908 1939 1013 1998 veritu-

84 2027 159 2098 tem,
184 2021 245 2080 elic
273 2023 322 2081 viu
343 2023 481 2102 ingressa
505 2029 552 2082 est
580 2022 721 2102 impietas
750 2021 789 2082 cd
818 2020 1012 2098 eludendum,

83 2102 223 2182 lingens:
262 2105 316 2164 elsi
341 2110 478 2165 nostrum
502 2122 563 2164 non
587 2106 644 2181 sit,
680 2104 800 2165 salvere
829 2123 886 2164 nos
917 2106 1014 2183 ipsos,

84 2193 225 2246 nostrum
249 2193 350 2247 turnen
373 2206 457 2264 esse,
490 2189 589 2266 peruri
621 2186 659 2247 ed
690 2187 766 2266 hoc,
798 2193 833 2246 ut
860 2186 1013 2246 solvemur

84 2270 186 2349 gretie
209 2269 275 2330 Dei.
319 2269 422 2349 Quae,
445 2287 533 2349 rogo,
557 2275 658 2330 menet
681 2271 780 2349 glorie
803 2269 887 2346 Deo,
910 2271 933 2328 ei
957 2287 1013 2330 uos

86 2357 205 2412 tentum
236 2371 415 2432 possumus,
448 2360 480 2413 nt
508 2353 662 2413 solvemur
690 2371 745 2433 per
772 2355 902 2433 gretiam
926 2350 1014 2412 eius?

87 2433 135 2494 Au
159 2453 266 2514 perum
290 2453 359 2495 esse
381 2435 500 2496 videtur
521 2435 582 2496 hoc
601 2455 711 2516 posse,
744 2437 769 2496 si
793 2437 860 2516 quis
883 2436 1011 2514 gretiern

86 2534 149 2577 non
174 2516 306 2592 hebens,
340 2523 456 2578 tentum
480 2525 581 2579 temen
607 2520 723 2579 'virtutis
753 2519 861 2594 hebet,
894 2523 926 2577 ut
947 2536 1013 2595 gre·

86 2599 161 2658 tiem
183 2597 312 2675 habere,
342 2600 466 2680 quondo
489 2601 629 2676 voluerit,
652 2600 772 2681 possit?
810 2599 889 2676 Quid
912 2599 1012 2676 refert,

86 2681 109 2740 si
134 2680 236 2757 dicus,
275 2682 340 2741 sine
376 2684 474 2763 gret-iu
507 2701 564 2743 uos
597 2682 708 2744 salvari
737 2703 804 2743 curn
828 2683 1011 2762 Pelagienis,

86 2781 157 2822 cum
181 2764 309 2842 gretiam
334 2764 391 2825 Dei
418 2765 479 2826 ium
507 2784 604 2845 pones
633 2767 663 2825 in
686 2765 809 2827 arbitrio
831 2764 1011 2826 homiuum?

86 2845 208 2905 Videris
228 2846 300 2906 milri
321 2848 407 2926 peior
437 2867 506 2908 esse
529 2847 671 2928 Pelagio,
704 2848 775 2908 dum
803 2849 932 2929 gretiam
956 2847 1011 2906 Dei

87 2929 293 2988 necessarium
316 2932 346 2989 in
369 2937 552 3009 potestatem
569 2931 700 2991 hominis
723 2931 823 3011 ponis,
847 2949 937 3011 quem
960 2930 1012 2989 ille

86 3011 209 3091 penitus
231 3014 355 3092 negavit
377 3015 591 3075 necessariam.
635 3013 751 3090 Minus,
774 3015 909 3092 inquam,
932 3012 1012 3072 vide·

88 3101 136 3153 tur
157 3094 299 3173 impium,
333 3096 462 3175 gretiam
494 3096 642 3156 intutum
667 3115 795 3176 negare,
830 3115 920 3174 quum
944 3113 1011 3153 eern

88 3183 195 3236 nostro
218 3176 318 3238 studio
340 3185 370 3237 et
392 3197 486 3258 opere
501 3179 612 3258 pareri,
635 3197 673 3239 ec
690 3179 771 3240 velut
792 3181 821 3238 in
845 3197 936 3239 menu
960 3196 1012 3235 no·

88 3265 150 3319 stra
172 3278 331 3339 reponere.
375 3260 414 3320 Et
442 3268 543 3321 temen
573 3261 744 3340 praevaluit
773 3261 849 3322 haec
873 3260 1010 3340 operatio

89 3342 214 3416 erroris,
245 3343 315 3422 quin
338 3344 480 3424 speciose
507 3351 536 3403 et
560 3344 685 3423 placens
707 3350 833 3404 naturae
855 3341 1011 3420 liberoque

89 3423 222 3502 arbitrio,
243 3432 277 3484 ut
300 3424 423 3487 difficile
445 3427 483 3485 sit
505 3445 573 3487 eum
596 3426 810 3503 conistere2),
833 3426 1010 3505 pracsertim

90 3505 169 3587 apud
192 3506 284 3566 rudes
306 3515 336 3566 et
353 3525 474 3569 crassos
496 3509 626 3570 enirnos.

125 3679 154 3742 1)
172 3675 203 3730 ln
217 3676 281 3732 edit.
293 3679 379 3748 erip:
398 3683 575 3748 quaeruntur.
612 3677 645 3746 2)
658 3677 689 3730 In
702 3676 743 3730 ed.
755 3673 827 3729 anL:
847 3675 974 3728 refutare.
1000 3707 1002 3712 ·
