2250 4008
327 155 721 215 naturamnaturaim
793 243 797 252 Δ
934 153 997 226 503

69 314 253 387 pneumam
284 311 399 390 primm
435 309 506 374 dnm
534 308 880 389 inmensurabili,
913 316 946 374 ut
965 311 997 376 in

68 389 207 468 lunone,
231 392 459 470 dormientibus,
481 393 656 469 manebus,
678 392 824 468 sananda,
846 393 917 460 dum
931 413 994 458 uon

70 477 266 541 consentitur
285 477 347 557 illi,
379 485 410 540 ut
438 478 467 540 in
496 477 664 558 virginibus
686 485 744 542 eta.
789 475 864 552 Quis
884 478 995 542 iterum

70 556 126 620 bie
147 577 209 624 nun
232 559 324 636 videt,
346 559 466 624 delendi
490 579 551 622 non
574 559 792 637 Lovsnionsee‚
815 561 867 639 qui
888 558 996 625 Lutba·

70 660 144 704 rnre
166 641 387 727 damnaveram
417 643 455 704 da
484 649 614 722 peaoato
644 643 696 708 illo
730 645 761 706 in
785 641 904 708 sanatis
937 663 997 708 aar·

71 724 180 790 viante
201 745 256 806 par
277 728 407 808 gratiam
422 725 490 805 Dei,
513 726 567 788 ssd
580 725 807 806 neroaaliquoa
820 725 997 807 Morpheus,

70 811 128 887 qui
151 809 324 876 mmumint
344 829 424 891 sum,
446 812 497 890 qui
518 817 679 890 pausatum
691 809 822 873 mortale
843 810 874 870 in
902 829 996 891 opsra

71 889 161 956 bono
182 893 337 972 posuerit?
371 893 464 956 Plane
485 891 586 956 nullus
613 893 761 958 haetenus
783 891 997 974 sophistarum

71 993 127 1038 ms
149 974 251 1042 nasio
274 977 346 1038 vioit
378 985 498 1057 praeter
526 976 812 1052 annotationum,
847 982 931 1043 tanta
951 983 1000 1038 est

70 1058 107 1121 ia
130 1056 255 1124 bomine
282 1061 418 1140 nequitia
443 1061 475 1121 et
503 1057 638 1139 nugandi
660 1059 790 1122 insania.
833 1058 914 1122 Nam
936 1066 998 1122 tem

71 1139 171 1206 bobes
195 1160 256 1206 non
280 1151 335 1222 est,
359 1150 392 1204 ut
413 1163 476 1204 non
497 1142 693 1225 intellexerit,
717 1161 766 1210 ure
787 1140 825 1208 de
847 1142 998 1206 eiusmodi

71 1229 207 1303 promto
230 1243 292 1288 non
313 1225 415 1306 loqui,
455 1245 545 1306 super
567 1243 631 1305 quo
654 1225 777 1291 Petrum
811 1223 893 1290 diota
914 1227 998 1298 nitet,

72 1315 109 1368 et
130 1308 198 1386 ipse
219 1306 359 1385 blaterat,
381 1328 449 1373 oum
472 1309 532 1374 boo
553 1310 677 1388 saepius
699 1327 769 1370 sese
790 1325 885 1372 nosse
904 1315 999 1371 teate·

72 1396 142 1468 tur,
173 1389 228 1454 sal
258 1411 343 1456 mere
369 1393 590 1471 requirirent,
624 1410 685 1470 qno
715 1396 822 1455 eontra
841 1392 998 1474 proprium

74 1473 284 1540 testimonium
318 1474 358 1536 de
386 1482 516 1554 pennata
552 1474 757 1540 damnationis
786 1492 835 1538 ms
862 1473 998 1538 lonutnm

73 1575 148 1620 esse
168 1557 270 1634 laetat
293 1565 324 1618 et
345 1557 410 1621 orbi
437 1556 487 1640 (nl
510 1558 592 1632 dixi)
618 1558 766 1637 imponat.

160 1639 234 1705 Tale
257 1647 304 1704 est
324 1649 355 1702 et
376 1641 465 1720 illud,
503 1640 585 1720 quod
608 1640 792 1720 pronitatem
820 1638 861 1702 nd
885 1640 998 1704 malum

76 1741 143 1788 non
165 1722 415 1804 impedimentum
439 1724 572 1802 virtutis,
597 1741 654 1784 neo
675 1721 788 1786 malum
811 1741 870 1786 nso
891 1741 1001 1803 peona·

74 1814 142 1870 tusn
157 1804 238 1882 dim,
261 1807 323 1870 imo
337 1807 465 1887 prolusit
483 1805 617 1886 (inquit)
635 1804 802 1886 matyribus
817 1804 856 1868 ad
873 1805 999 1870 bonum.

74 1886 158 1964 carin
180 1889 301 1954 undio?
323 1890 452 1969 proseoit
474 1891 519 1953 ais
542 1889 581 1950 ad
605 1889 736 1964 bonum,
771 1906 846 1970 ergo
869 1907 931 1953 uon
954 1899 1000 1948 est

74 1977 255 2050 pensatum
290 1972 390 2050 vides,
424 1982 456 2035 ut
477 1974 636 2053 insigniter
673 1973 804 2052 gratiam
826 1971 883 2034 nei
921 1971 1000 2040 blas-

75 2053 224 2134 phemare
263 2054 414 2119 volueriut
446 2055 620 2135 sophistae.
668 2055 747 2116 Nam
791 2054 869 2131 hon,
918 2055 1000 2134 quod

76 2136 197 2216 gratiae
209 2137 264 2200 Dei
276 2139 332 2211 eit,
346 2146 474 2218 pannulo
489 2135 751 2218 impudentissime
764 2136 906 2202 tribuunt.
928 2138 998 2201 Dia-

77 2217 168 2284 bolus
180 2224 315 2284 tentator
328 2221 450 2301 profluit
460 2221 617 2286 Sunotiein
632 2219 758 2299 bonum,
772 2239 846 2303 ergo
858 2221 923 2285 eius
937 2226 999 2285 ton·

76 2303 365 2370 tationeenonsunt
376 2305 728 2384 maleeueqnepsooata.
752 2302 913 2370 Vincenda
929 2310 1000 2367 suut

77 2385 162 2450 male
173 2386 347 2465 prauitatis,
369 2406 443 2467 argo
463 2407 524 2448 non
537 2393 608 2464 aunt
624 2387 713 2450 mala.
737 2386 886 2462 obseura,
908 2404 1000 2466 quarn

75 2468 136 2530 ieta
149 2467 295 2549 sophista
308 2489 407 2537 msam
421 2477 518 2532 tantm
530 2471 707 2551 patientiam
725 2469 857 2550 egregie.
868 2463 960 2532 ‘Vere
975 2470 1000 2528 si

78 2551 152 2632 quid
181 2554 307 2630 pausavi
329 2554 360 2612 in
385 2553 488 2616 libello
518 2562 625 2617 oontm
647 2571 752 2617 eorum
772 2551 999 2625 damnationem

77 2633 184 2709 adim,
217 2633 267 2699 bia
288 2634 409 2698 anunm
431 2637 650 2716 poenitentiam
674 2655 753 2714 ago,
790 2634 1000 2700 incredibilem

77 2716 310 2796 hebetudinem,
343 2719 496 2782 insoitiam
530 2722 560 2780 et
594 2717 741 2782 malitiam
778 2719 843 2780 eius
863 2717 1000 2782 serendo.

77 2799 153 2866 Ideo
175 2801 257 2867 euim
287 2811 446 2881 pennatum
470 2802 693 2882 emptoribus,
731 2801 803 2880 quie
836 2801 950 2864 resistit
971 2809 1002 2864 et

78 2883 238 2962 amodum
265 2884 340 2946 lenit
371 2884 571 2966 martyribus,
604 2903 780 2964 quanquam
813 2883 885 2943 hino
907 2885 1001 2950 virtus

78 2966 196 3047 gratiae
217 2966 370 3035 elucescat
393 2969 500 3046 magis.
542 2966 611 3028 Non
634 2965 726 3026 debet
746 2973 847 3028 autem
870 2966 931 3032 bue
952 2986 1001 3028 ne-

77 3050 196 3128 gotium
217 3067 296 3128 asse,
318 3051 343 3111 si
364 3051 508 3116 iudioiam
525 3050 581 3110 Dei
599 3057 728 3129 spectes.
773 3049 1001 3115 Misericordiae

76 3138 142 3208 ast,
165 3133 247 3212 quod
271 3134 418 3212 parcitur,
451 3133 522 3196 doni
546 3132 639 3194 divini
662 3139 724 3210 est,
749 3132 831 3212 quod
856 3133 1001 3208 vinoitnr;

78 3223 122 3294 tu,
144 3215 251 3296 mutor,
274 3215 353 3291 vide,
375 3237 436 3297 quo
458 3215 619 3296 parricidio
642 3215 850 3291 reposuerim,
873 3215 997 3293 qnando

78 3298 137 3360 bns
160 3298 299 3364 homiues
323 3305 431 3362 trunao
454 3297 638 3380 stupidiores
662 3297 746 3364 finxi.

161 3379 203 3444 m
225 3382 284 3445 iam
310 3382 369 3444 hoo
391 3381 484 3458 addit,
507 3388 667 3462 peaoatum
690 3399 751 3447 nou
776 3399 845 3442 essa
869 3379 925 3440 nisi
948 3399 1001 3444 vo-

8 3471 9 3480 ’
79 3465 265 3543 lanterium,
288 3467 466 3544 praesertim
489 3463 627 3544 saorla,
651 3482 725 3543 ergo
748 3463 778 3527 in
802 3481 896 3542 opere
917 3462 1001 3524 bono

81 3566 144 3612 aon
170 3555 220 3613 aet
241 3557 411 3628 pauentum.
454 3545 552 3614 Tenet
583 3547 804 3625 consequentis
833 3546 1001 3609 sLatomo

77 3629 123 3698 ,ad
144 3629 322 3714 Ιιιιοιιιιιπις
354 3631 402 3696 rel
426 3633 503 3714 quia¹
519 3630 686 3714 Gregorius
714 3629 804 3700 diua
838 3627 1001 3712 Nunquam
