2250 4008
132 159 194 230 476
424 99 769 220 marnensium·

134 317 304 380 deserent?
325 319 417 382 Nune
436 339 505 382 aum
528 320 587 382 leei
611 326 641 382 et
657 319 717 384 disi
728 322 872 384 resistere
884 323 1049 398 nequeant

232 411 243 462 t
272 402 368 464 nubes
401 404 442 465 iiii
465 403 635 481 obduoew,
667 415 696 466 et
719 406 749 464 in
773 402 874 466 medin
897 402 946 464 die
969 408 1048 461 tene·

153 505 204 548 res
226 505 346 566 oreere,
381 497 412 548 ut
447 495 607 568 peeeetum
644 489 683 548 sit
711 507 771 549 non
804 492 986 568 peceatum,
1020 492 1050 542 ut

134 567 246 629 Penius
279 572 422 631 mentitus
457 570 605 632 videniur.
649 571 738 648 Quod
768 573 792 631 si
828 570 921 630 etiem
943 567 1050 628 Petras

133 669 190 733 pro
212 654 286 732 ipsis
315 671 427 714 sonere
451 653 626 729 videantur,
660 661 846 716 nontamen
871 653 917 712 eis
939 648 1049 712 adires·

133 734 261 796 rendum
284 744 340 813 est,
362 736 415 797 sed
439 738 536 818 magis
553 737 659 815 Paulo,
681 738 799 798 etiamsi
815 755 889 796 vera
910 733 1052 810 dixerint,

134 819 206 897 quia
228 818 387 880 obseurins
408 829 440 880 et
459 821 656 900 impotentius
678 839 769 900 quem
788 819 902 880 Paulus
925 817 1051 895 ioqnnn-

135 908 190 962 tur.
214 901 351 964 Oiai-iore
373 903 538 964 suntPauli
556 904 660 981 verbe,
682 921 773 984 quam
788 901 924 964 utuilius
947 899 1053 979 glossa

133 983 309 1065 indigeant,
342 988 404 1050 imo
438 986 544 1064 giosse
575 989 673 1066 magis
696 987 906 1049 obscurantur.
951 981 1054 1058 Quan-

134 1085 242 1146 quam,
270 1076 301 1128 ut
323 1068 401 1142 dixi,
425 1069 528 1130 Petree
551 1079 651 1132 temen
675 1078 705 1129 et
728 1071 785 1150 ipsi
807 1068 868 1132 hoo
889 1072 1053 1148 peeeetum

135 1157 166 1210 et
187 1151 291 1212 vitium
315 1152 617 1231 voeenteiiqueudo,
640 1163 702 1212 turn
725 1154 847 1232 saepius
871 1150 1053 1230 depeeeeto

134 1239 282 1313 regnante
303 1234 477 1314 loquuntur.
1112 1315 1113 1318 Ἴ

218 1314 320 1391 Quare
339 1317 490 1398 sophistis
522 1321 634 1380 nostris
663 1338 718 1398 per
741 1319 861 1378 Petrum
892 1316 976 1376 diets
1007 1334 1054 1372 me

135 1399 385 1482 oppugnantibus
407 1404 451 1463 sie
475 1401 618 1463 dixerim:
652 1401 719 1464 Vos
751 1421 806 1481 per
827 1399 960 1463 obseura
983 1417 1052 1479 pro-

136 1482 214 1542 batis
237 1482 424 1560 clarissime,
458 1493 488 1545 et
521 1505 576 1564 per
608 1485 742 1546 humanu
768 1483 906 1547 treetatis
941 1481 1052 1542 divine.

136 1563 237 1639 Quare
261 1585 328 1627 oum
351 1565 412 1627 hoo
434 1570 524 1628 etiam
549 1575 649 1628 vester
663 1568 843 1629 Aristoteles
854 1564 1054 1647 prohibuerit,

137 1666 175 1706 ne
197 1649 303 1729 ignote
325 1669 378 1728 per
400 1652 522 1730 ignote,
555 1650 687 1712 obseura
709 1671 763 1732 per
785 1650 933 1726 obseura,
957 1647 1053 1708 multo
1113 1679 1114 1696 κ

137 1733 234 1810 magis
257 1752 295 1792 ne
317 1734 477 1795 manifeste
492 1751 546 1813 per
562 1732 694 1796 obseure
702 1734 879 1815 probentur,
902 1731 1054 1792 ooneiudo
1113 1741 1114 1766 ³

136 1833 192 1874 vos
214 1815 334 1895 ineptos
359 1816 582 1896 disputatores,
617 1818 667 1896 qui
690 1836 750 1878 non
790 1818 847 1876 nisi
870 1823 937 1877 toto
962 1832 1055 1894 opere

136 1903 167 1956 et
200 1899 283 1958 omni
323 1905 462 1980 ternpore
495 1900 677 1980 principiam
714 1901 909 1961 vitiosissime
943 1899 1053 1977 petitis.

137 1978 263 2042 Summe
299 1983 508 2062 responsionis
540 1982 732 2044 Letheranee
775 1991 806 2044 et
838 1980 1055 2043 oonintet-ionis

136 2061 335 2126 Letomienee
359 2073 406 2125 est
427 2065 518 2126 hese:
542 2064 744 2146 Sipeeeetum
767 2068 796 2126 in
820 2065 898 2126 loeis
912 2065 1056 2144 Apostoli

138 2145 222 2205 Penii
246 2147 345 2208 nitetis
369 2147 490 2228 probari
513 2156 636 2228 potest,
666 2167 728 2210 non
752 2168 820 2210 esse
842 2169 915 2208 vere
937 2152 969 2206 et
990 2166 1056 2226 pro·

137 2230 202 2307 pris
216 2239 395 2308 pennatum,
419 2233 478 2291 ruit
488 2231 653 2308 Lutherus3
674 2233 698 2292 si
718 2251 782 2292 'non
799 2239 902 2312 potest
924 2229 1056 2311 probari,
1114 2235 1115 2274 i

135 2312 195 2371 ruit
216 2311 371 2375 Letomus.
396 2316 438 2376 At
460 2313 581 2394 probari
606 2334 667 2376 non
683 2323 795 2395 potest,
817 2316 873 2376 nisi
897 2334 953 2395 per
967 2333 1057 2394 quae·

138 2393 207 2454 deui
231 2394 353 2456 Petrum
379 2394 475 2473 diota,
497 2395 554 2456 sibi
577 2398 667 2458 etiem
692 2398 909 2478 pugnantium,
932 2397 1057 2478 insuper

137 2475 288 2553 hemena,
317 2480 342 2539 si
366 2498 427 2539 non
450 2488 622 2560 pugnarent
643 2481 752 2555 etiam,
781 2480 889 2560 quibus
912 2481 1057 2562 preeierri

138 2558 251 2620 debent
273 2561 390 2638 divine,
422 2563 487 2624 sine
509 2580 637 2641 quorum
661 2564 825 2624 autoritate
847 2562 920 2642 nihii
943 2572 991 2624 est
1015 2585 1058 2625 as-

138 2643 316 2720 serendum,
349 2664 442 2724 quere
474 2647 531 2705 ruit
560 2644 705 2706 Latomus
735 2655 764 2708 et
792 2648 896 2708 omnis
925 2666 996 2725 sue,
1031 2655 1058 2706 et

138 2732 198 2784 stet
219 2725 367 2788 Lutirerus
388 2746 456 2788 eum
480 2728 621 2788 omnibns
645 2731 716 2793 suis.

223 2809 289 2888 Ego
312 2821 412 2872 tamen
430 2810 521 2871 laudo
535 2810 652 2871 nasone
675 2812 766 2874 iidem
791 2820 821 2873 et
843 2816 1057 2887 constantiam,

139 2891 191 2968 qni
219 2901 380 2970 postquem
399 2886 507 2954 ‘semei
541 2897 709 2974 susceperit
742 2905 843 2973 pentes
872 2896 1057 2976 sophisticae

138 2975 325 3053 pertinaciae
348 2979 440 3054 tueri,
475 2976 547 3038 nihii
570 2980 755 3055 oommittat,
777 2977 859 3058 quod
882 2981 1007 3059 ingenio
1030 2993 1058 3038 et

138 3057 305 3136 pertinaeie
322 3058 533 3139 Sophisterum
556 3060 595 3121 sit
616 3060 785 3141 indignum,
806 3060 860 3122 sed
873 3064 980 3123 omnin
1002 3072 1057 3122 tre·

140 3139 208 3216 het,
232 3140 396 3221 depravet,
420 3149 575 3221 torqueat,
598 3152 705 3223 coget,
734 3163 935 3225 quaeeunque
959 3145 1058 3206 divina

140 3229 171 3281 et
209 3222 341 3286 hemana
382 3232 489 3284 eontra
518 3243 552 3284 se
583 3226 714 3302 iaciunt,
749 3246 934 3308 quoeunque
968 3230 1056 3290 votet.

140 3302 225 3365 Siout
248 3307 327 3367 enim
350 3308 490 3387 superins
515 3307 659 3384 vidimus,
683 3309 733 3370 nbi
756 3320 802 3372 tot
823 3310 999 3393 Soripturae
1021 3321 1057 3372 te·

140 3387 283 3448 stimonie
306 3388 453 3469 probant,
483 3389 660 3450 mandatum
683 3391 739 3452 Dei
768 3413 836 3454 esse
869 3395 1057 3475 impossibiie

140 3465 240 3546 nobis,
264 3478 295 3529 ut
317 3472 389 3531 nihil
403 3474 442 3531 sit
455 3472 652 3552 manifestius,
675 3482 775 3535 tamen
799 3477 878 3536 sieut
891 3477 1013 3558 aspides
1023 3476 1056 3560 *)

143 3586 463 3606 Μ,
469 3600 558 3611 *Qu-«n.

213 3638 242 3706 ⁸)
265 3641 362 3697 Pseim.
381 3645 424 3702 58.
