2262 4006
134 185 198 256 412
427 191 770 250 mmasosunasma

137 353 200 408 tum
225 348 376 408 neminem
399 347 493 412 habet
514 351 564 430 qni
592 352 702 426 instet,
737 349 879 424 extollat,
910 347 1042 429 insulaet,

136 429 293 508 obtrudat,
326 431 379 492 sed
415 433 498 495 tratri
526 453 583 495 sno
607 433 659 516 (ut
680 433 761 517 dixi)
786 452 914 513 regnum
945 432 1043 494 sedere

136 516 263 594 ungitur.
309 515 375 575 Hnn
404 536 464 578 uon
496 526 543 578 est
562 520 744 598 principium
768 516 855 592 lidei,
885 515 1044 576 seeundum

135 597 196 658 bne
220 599 354 678 Magistri
378 603 472 661 nostri
503 601 575 661 nihil
604 602 741 663 iudicant
766 619 867 681 neque
893 599 1045 662 damnant

135 682 199 743 Gur
219 681 299 742 bon?
331 684 401 762 quis
424 686 513 745 nimis
535 693 582 745 est
604 685 757 762 divinum,
781 691 811 744 et
833 684 940 744 omnia
961 682 1047 742 lerme

134 765 348 844 Magistrorum
374 769 487 848 scripta
508 768 580 828 huie
602 769 810 830 adversantur.

215 850 341 928 lnsnper
370 849 439 910 vide
461 851 676 932 blagistrnrum
704 861 877 912 nostrorum
900 850 1048 928 insignem

134 932 332 1012 aequitatem,
356 951 423 992 sum
447 953 507 994 nnn
521 937 689 996 satisesset
710 935 804 995 latere
826 934 885 994 hon
908 933 1049 992 miserum

135 1013 305 1093 densatum,
335 1015 528 1093 adiecerunt,
561 1025 594 1079 ut
622 1019 727 1099 pingui
751 1018 855 1098 glossa
875 1017 972 1076 etism
997 1019 1049 1074 evi·

132 1107 288 1158 seerarent
310 1105 339 1158 et
362 1101 610 1181 exstinguerent,
632 1102 780 1163 dieentes:
826 1099 977 1160 Mandata
998 1098 1050 1157 Dei

132 1181 297 1260 implentur
319 1182 494 1264 duplieiter,
517 1205 579 1245 uno
604 1184 697 1245 modo
720 1183 886 1245 seeundum
911 1180 1049 1242 substan·

134 1265 205 1324 tiam
240 1265 410 1343 laetorum,
445 1267 505 1329 alio
539 1267 632 1329 modo
661 1267 828 1329 seeundum
850 1266 1051 1327 intentionem

132 1349 357 1427 praecipientis.
412 1349 480 1410 Hon
524 1353 652 1412 invento
689 1351 820 1431 effugio,
863 1348 915 1409 bui
963 1365 1049 1427 quam

132 1429 259 1508 pulebre
281 1431 436 1492 eluserunt
458 1435 642 1495 veritstem?
672 1435 751 1496 Nam
774 1434 845 1494 hine
865 1433 969 1514 gratia
992 1448 1048 1490 nnn

132 1527 211 1592 opus
234 1533 302 1574 esse
324 1515 477 1576 duxerunt
500 1516 538 1577 ad
560 1517 714 1598 implenda
737 1516 882 1578 mandata
903 1515 978 1590 Dei,
1000 1512 1049 1572 sed

132 1595 380 1677 adimplendam
403 1600 603 1660 intentionem
619 1601 675 1661 Dei
698 1600 775 1661 ultra
798 1598 945 1660 mandate
964 1617 1047 1656 exau·

131 1688 206 1740 tam.
250 1680 374 1741 Seilinet
398 1683 481 1742 Deus
512 1685 634 1763 iniquus
657 1692 785 1744 exactor
818 1701 881 1742 nou
909 1686 960 1741 est
982 1697 1048 1739 non·

131 1769 232 1822 teutns
254 1764 373 1844 impleri
391 1766 546 1843 mandata,
568 1766 622 1827 sed
646 1768 741 1847 exigit
762 1767 792 1826 iu
805 1766 903 1845 gratia
921 1763 1048 1844 impleri,

132 1852 165 1905 ut
192 1847 292 1925 gratia
326 1849 365 1907 sit
397 1868 459 1909 nnn
493 1852 606 1930 graus,
644 1849 697 1910 sed
732 1850 854 1911 exeetio
888 1846 1047 1928 quaedam.

130 1927 249 2008 Nempe
283 1930 342 2009 legi
376 1932 431 1992 Dei
464 1934 612 1994 satisfecit
642 1933 769 1993 liberum
809 1931 985 2009 arbitrium,
1022 1937 1047 1988 et

131 2011 214 2071 Dens
237 2013 267 2071 in
289 2012 350 2074 bon
372 2034 432 2074 uon
456 2022 504 2075 est
525 2021 704 2098 contentus,
728 2033 806 2094 quse
828 2021 875 2074 est
895 2013 1047 2074 sententia

131 2096 266 2155 omnium
289 2097 470 2177 impiissime
491 2105 523 2158 et
544 2100 790 2179 sacrilegissima.
813 2097 873 2158 eeu
898 2102 952 2172 (ut
967 2095 1043 2168 dixi)

129 2179 175 2237 sie
195 2179 296 2257 egitur
318 2199 388 2240 eum
411 2183 524 2242 misero
547 2183 606 2242 isto
629 2182 763 2242 decreto.

213 2262 254 2320 At
281 2263 355 2323 illud
385 2265 484 2343 prius,
515 2265 540 2324 si
570 2265 646 2324 velis
677 2264 825 2325 industria
854 2263 978 2342 pietatis
1006 2261 1046 2319 sle

130 2342 292 2422 moderari,
315 2354 348 2406 ut
369 2347 558 2427 impossibile
582 2349 672 2408 etiam
697 2347 857 2428 dupliciter
878 2349 1043 2424 superetur,

129 2425 178 2486 vel
202 2427 232 2486 iu
251 2431 359 2506 gratia,
382 2429 429 2490 vel
452 2437 541 2490 extra
561 2432 701 2511 gratiam,
724 2431 774 2490 bie
796 2428 947 2503 manibus,
970 2428 1043 2486 lerro

17 2527 18 2534 ¹
129 2514 161 2569 et
181 2509 254 2588 igne
275 2511 444 2591 obsistunt,
474 2533 573 2592 neque
595 2520 721 2594 tangere
743 2515 860 2586 sinunt,
889 2510 961 2589 sed,
983 2516 1044 2568 utut

129 2599 242 2667 sonat,
287 2595 343 2654 nisi
383 2595 579 2672 eonfitesris,
625 2597 814 2658 exclament:
859 2594 1043 2665 Haeretiaus,

128 2673 552 2758 Haeretinus,'Heeretieus,
591 2681 661 2760 quia
694 2679 818 2739 denseta
854 2678 977 2737 Putrnm
998 2693 1043 2734 ne·

128 2763 196 2835 get,
234 2776 296 2820 non
329 2761 425 2822 eredit
461 2763 622 2823 ecelesiam
663 2770 818 2839 sanetam,
863 2779 925 2820 non
967 2765 1043 2817 tenet

127 2840 277 2922 prinnipia
298 2841 379 2905 fldei.
402 2843 538 2906 Obsecro
561 2845 632 2924 quid
655 2845 705 2905 hie
725 2846 820 2905 lanias
842 2842 934 2919 aliud,
956 2856 1041 2920 quam

126 2925 284 3002 genimina
316 2929 375 2986 ista
410 2930 581 3008 viperarum
615 2929 678 3008 igni
715 2945 771 2989 sno
804 2922 1040 3004 inexstinguibili

128 3007 212 3067 siuas
233 3009 359 3088 parari?
382 3013 429 3071 An
452 3010 591 3071 dubitare
614 3017 719 3090 potes,
742 3011 824 3070 hune
844 3008 1038 3088 sophistieum

128 3096 250 3151 nostum
274 3111 465 3174 synagogam
489 3113 557 3154 esse
580 3093 728 3154 satanae?
750 3093 838 3171 Vide,
860 3111 951 3172 quern
976 3089 1040 3150 mibi

128 3174 262 3236 obientet
283 3176 387 3237 resina
407 3177 659 3237 istsLatnmiane
673 3196 740 3236 num
763 3175 876 3236 flduein
897 3171 1038 3236 eiusmodi

128 3255 295 3333 desuetum,
316 3264 348 3319 et
368 3279 457 3338 quam
472 3260 686 3338 magistraliter
700 3259 936 3337 nostraliterque
948 3263 1040 3316 laneat

128 3339 201 3398 illud
224 3342 368 3422 alterum,
400 3360 529 3424 nempe,
552 3342 634 3420 quud
658 3342 785 3402 illudere
817 3341 940 3401 auribus
965 3338 1037 3398 orbis

129 3422 274 3506 voluerit,
316 3430 432 3484 tantum
457 3443 495 3484 ne
516 3425 723 3485 anauienses
755 3424 849 3504 impie
880 3425 981 3502 egisse
1002 3423 1037 3481 in·

129 3503 311 3566 venirentnr.
861 3563 866 3573 Χ

214 3585 353 3664 Amplius
371 3587 548 3675 vern,⁴'huin
559 3589 599 3647 im
622 3590 671 3648 iae
693 3595 724 3650 et
736 3589 906 3668 saerilegae
922 3585 1037 3668 glossae

130 3661 201 3723 vide
222 3669 367 3746 quantum
390 3667 558 3734 tribuerint.
596 3609 727 3749 bossut,
748 3691 804 3756 psr
823 3686 919 3756 opem
940 3685 1037 3732 seeun-
