<?xml version="1.0" encoding="UTF-8"?>
<!DOCTYPE html PUBLIC "-//W3C//DTD XHTML 1.0 Transitional//EN"
    "http://www.w3.org/TR/xhtml1/DTD/xhtml1-transitional.dtd">
<html xmlns="http://www.w3.org/1999/xhtml" xml:lang="en" lang="en">
 <head>
  <title>
</title>
<meta http-equiv="Content-Type" content="text/html;charset=utf-8" />
  <meta name='ocr-system' content='tesseract 3.04.00' />
  <meta name='ocr-capabilities' content='ocr_page ocr_carea ocr_par ocr_line ocrx_word'/>
</head>
<body>
  <div class='ocr_page' id='page_1' title='image "./operalatinavari03schmgoog_0421.png"; bbox 0 0 2262 4006; ppageno 0'>
   <div class='ocr_carea' id='block_1_1' title="bbox 145 119 844 240">
    <p class='ocr_par' dir='ltr' id='par_1_1' title="bbox 145 119 844 240">
     <span class='ocr_line' id='line_1_1' title="bbox 145 119 844 240; baseline 0.004 -18"><span class='ocrx_word' id='word_1_1' title='bbox 145 119 233 224; x_wconf 34' lang='lat'>410⁵</span> <span class='ocrx_word' id='word_1_2' title='bbox 438 151 801 240; x_wconf 62' lang='lat' dir='ltr'>muratorianam</span> <span class='ocrx_word' id='word_1_3' title='bbox 838 155 844 160; x_wconf 74' lang='grc'><strong>’</strong></span> 
     </span>
    </p>
   </div>
   <div class='ocr_carea' id='block_1_2' title="bbox 140 306 1064 2970">
    <p class='ocr_par' dir='ltr' id='par_1_2' title="bbox 140 306 1064 2970">
     <span class='ocr_line' id='line_1_2' title="bbox 146 306 1049 394; baseline 0.011 -28"><span class='ocrx_word' id='word_1_4' title='bbox 146 306 271 386; x_wconf 83' lang='lat' dir='ltr'>cognita</span> <span class='ocrx_word' id='word_1_5' title='bbox 305 309 432 376; x_wconf 84' lang='lat' dir='ltr'>veritate</span> <span class='ocrx_word' id='word_1_6' title='bbox 460 311 575 382; x_wconf 74' lang='lat' dir='ltr'>seirent</span> <span class='ocrx_word' id='word_1_7' title='bbox 609 328 663 379; x_wconf 83' lang='lat' dir='ltr'>eos</span> <span class='ocrx_word' id='word_1_8' title='bbox 686 331 755 375; x_wconf 85' lang='lat' dir='ltr'>esse</span> <span class='ocrx_word' id='word_1_9' title='bbox 776 314 925 385; x_wconf 71' lang='lat' dir='ltr'>annosos.</span> <span class='ocrx_word' id='word_1_10' title='bbox 970 312 1049 394; x_wconf 80' lang='lat' dir='ltr'>llagi·</span> 
     </span>
     <span class='ocr_line' id='line_1_3' title="bbox 144 389 1053 480; baseline 0.017 -32"><span class='ocrx_word' id='word_1_11' title='bbox 144 390 196 448; x_wconf 82' lang='lat' dir='ltr'>stri</span> <span class='ocrx_word' id='word_1_12' title='bbox 208 391 313 470; x_wconf 79' lang='lat' dir='ltr'>nostri,</span> <span class='ocrx_word' id='word_1_13' title='bbox 328 389 358 452; x_wconf 87' lang='lat' dir='ltr'>id</span> <span class='ocrx_word' id='word_1_14' title='bbox 369 391 452 472; x_wconf 85' lang='lat' dir='ltr'>quod</span> <span class='ocrx_word' id='word_1_15' title='bbox 466 392 561 457; x_wconf 87' lang='lat' dir='ltr'>levius</span> <span class='ocrx_word' id='word_1_16' title='bbox 574 399 649 471; x_wconf 84' lang='lat' dir='ltr'>erat,</span> <span class='ocrx_word' id='word_1_17' title='bbox 661 397 756 456; x_wconf 87' lang='lat' dir='ltr'>secuti</span> <span class='ocrx_word' id='word_1_18' title='bbox 767 403 848 474; x_wconf 83' lang='lat' dir='ltr'>sunt,</span> <span class='ocrx_word' id='word_1_19' title='bbox 857 397 912 461; x_wconf 88' lang='lat' dir='ltr'>sed</span> <span class='ocrx_word' id='word_1_20' title='bbox 925 393 1053 480; x_wconf 80' lang='lat' dir='ltr'>quodie·</span> 
     </span>
     <span class='ocr_line' id='line_1_4' title="bbox 145 469 1054 561; baseline 0.009 -30"><span class='ocrx_word' id='word_1_21' title='bbox 145 469 227 535; x_wconf 86' lang='lat' dir='ltr'>boris</span> <span class='ocrx_word' id='word_1_22' title='bbox 252 482 282 534; x_wconf 90' lang='lat' dir='ltr'>et</span> <span class='ocrx_word' id='word_1_23' title='bbox 304 475 394 535; x_wconf 87' lang='lat' dir='ltr'>ollicii</span> <span class='ocrx_word' id='word_1_24' title='bbox 424 477 493 561; x_wconf 82' lang='lat' dir='ltr'>fuit,</span> <span class='ocrx_word' id='word_1_25' title='bbox 527 477 834 558; x_wconf 32' lang='lat' dir='ltr'>cordibusfliidelium</span> <span class='ocrx_word' id='word_1_26' title='bbox 867 480 1054 560; x_wconf 70' lang='lat' dir='ltr'>reliquerunt,</span> 
     </span>
     <span class='ocr_line' id='line_1_5' title="bbox 145 557 935 640; baseline 0.013 -23"><span class='ocrx_word' id='word_1_27' title='bbox 145 557 217 640; x_wconf 85' lang='lat' dir='ltr'>quia</span> <span class='ocrx_word' id='word_1_28' title='bbox 239 564 300 618; x_wconf 87' lang='lat' dir='ltr'>stat</span> <span class='ocrx_word' id='word_1_29' title='bbox 320 561 485 622; x_wconf 84' lang='lat' dir='ltr'>sententia:</span> <span class='ocrx_word' id='word_1_30' title='bbox 507 559 714 625; x_wconf 84' lang='lat' dir='ltr'>Lovenienses</span> <span class='ocrx_word' id='word_1_31' title='bbox 736 582 799 624; x_wconf 89' lang='lat' dir='ltr'>non</span> <span class='ocrx_word' id='word_1_32' title='bbox 822 571 935 627; x_wconf 87' lang='lat' dir='ltr'>errant.</span> 
     </span>
     <span class='ocr_line' id='line_1_6' title="bbox 229 640 1056 728; baseline 0.004 -27"><span class='ocrx_word' id='word_1_33' title='bbox 229 640 367 723; x_wconf 89' lang='lat' dir='ltr'>Denique</span> <span class='ocrx_word' id='word_1_34' title='bbox 398 643 477 704; x_wconf 89' lang='lat' dir='ltr'>male</span> <span class='ocrx_word' id='word_1_35' title='bbox 506 663 554 704; x_wconf 88' lang='lat' dir='ltr'>me</span> <span class='ocrx_word' id='word_1_36' title='bbox 584 643 690 720; x_wconf 79' lang='lat' dir='ltr'>hehet,</span> <span class='ocrx_word' id='word_1_37' title='bbox 720 646 803 724; x_wconf 89' lang='lat' dir='ltr'>quod</span> <span class='ocrx_word' id='word_1_38' title='bbox 826 644 1056 728; x_wconf 76' lang='lat' dir='ltr'>Maximilianus,</span> 
     </span>
     <span class='ocr_line' id='line_1_7' title="bbox 146 726 1058 812; baseline 0.005 -29"><span class='ocrx_word' id='word_1_39' title='bbox 146 742 207 810; x_wconf 82' lang='lat' dir='ltr'>quo</span> <span class='ocrx_word' id='word_1_40' title='bbox 230 729 368 806; x_wconf 84' lang='lat' dir='ltr'>ternpore</span> <span class='ocrx_word' id='word_1_41' title='bbox 391 726 574 792; x_wconf 82' lang='lat' dir='ltr'>ludaeorum</span> <span class='ocrx_word' id='word_1_42' title='bbox 598 727 691 788; x_wconf 88' lang='lat' dir='ltr'>libros</span> <span class='ocrx_word' id='word_1_43' title='bbox 715 726 868 790; x_wconf 77' lang='lat' dir='ltr'>vexabant</span> <span class='ocrx_word' id='word_1_44' title='bbox 889 729 1058 812; x_wconf 69' lang='lat' dir='ltr'>sophistae,</span> 
     </span>
     <span class='ocr_line' id='line_1_8' title="bbox 146 810 1059 900; baseline 0.004 -32"><span class='ocrx_word' id='word_1_45' title='bbox 146 825 208 876; x_wconf 87' lang='lat' dir='ltr'>uon</span> <span class='ocrx_word' id='word_1_46' title='bbox 237 810 360 870; x_wconf 87' lang='lat' dir='ltr'>verterit</span> <span class='ocrx_word' id='word_1_47' title='bbox 386 812 546 872; x_wconf 89' lang='lat' dir='ltr'>consilium</span> <span class='ocrx_word' id='word_1_48' title='bbox 575 829 680 871; x_wconf 91' lang='lat' dir='ltr'>eorum</span> <span class='ocrx_word' id='word_1_49' title='bbox 710 832 802 900; x_wconf 84' lang='lat' dir='ltr'>super</span> <span class='ocrx_word' id='word_1_50' title='bbox 828 821 923 894; x_wconf 84' lang='lat' dir='ltr'>caput</span> <span class='ocrx_word' id='word_1_51' title='bbox 950 831 1059 893; x_wconf 80' lang='lat' dir='ltr'>eorum,</span> 
     </span>
     <span class='ocr_line' id='line_1_9' title="bbox 145 891 1056 976; baseline 0.003 -25"><span class='ocrx_word' id='word_1_52' title='bbox 145 897 176 960; x_wconf 83' lang='lat' dir='ltr'>et</span> <span class='ocrx_word' id='word_1_53' title='bbox 197 891 306 958; x_wconf 86' lang='lat' dir='ltr'>ablatis</span> <span class='ocrx_word' id='word_1_54' title='bbox 328 891 469 954; x_wconf 90' lang='lat' dir='ltr'>omnibus</span> <span class='ocrx_word' id='word_1_55' title='bbox 492 895 604 971; x_wconf 83' lang='lat' dir='ltr'>erucis,</span> <span class='ocrx_word' id='word_1_56' title='bbox 641 893 758 974; x_wconf 81' lang='lat' dir='ltr'>brucis,</span> <span class='ocrx_word' id='word_1_57' title='bbox 788 895 940 970; x_wconf 73' lang='lat' dir='ltr'>locustis,</span> <span class='ocrx_word' id='word_1_58' title='bbox 971 896 1056 976; x_wconf 69' lang='lat' dir='ltr'>ranis,</span> 
     </span>
     <span class='ocr_line' id='line_1_10' title="bbox 144 971 1056 1063; baseline 0.005 -30"><span class='ocrx_word' id='word_1_59' title='bbox 144 971 294 1056; x_wconf 77' lang='lat' dir='ltr'>pediculis</span> <span class='ocrx_word' id='word_1_60' title='bbox 317 976 492 1055; x_wconf 77' lang='lat' dir='ltr'>sophisticis</span> <span class='ocrx_word' id='word_1_61' title='bbox 515 975 553 1037; x_wconf 91' lang='lat' dir='ltr'>ad</span> <span class='ocrx_word' id='word_1_62' title='bbox 576 977 674 1038; x_wconf 87' lang='lat' dir='ltr'>solam</span> <span class='ocrx_word' id='word_1_63' title='bbox 698 985 727 1038; x_wconf 92' lang='lat' dir='ltr'>et</span> <span class='ocrx_word' id='word_1_64' title='bbox 739 999 847 1063; x_wconf 84' lang='lat' dir='ltr'>puram</span> <span class='ocrx_word' id='word_1_65' title='bbox 870 979 1056 1063; x_wconf 81' lang='lat' dir='ltr'>Scripturam</span> 
     </span>
     <span class='ocr_line' id='line_1_11' title="bbox 146 1056 1058 1139; baseline 0.007 -23"><span class='ocrx_word' id='word_1_66' title='bbox 146 1056 290 1139; x_wconf 77' lang='lat' dir='ltr'>adegerit.</span> <span class='ocrx_word' id='word_1_67' title='bbox 335 1059 402 1120; x_wconf 87' lang='lat' dir='ltr'>Hoc</span> <span class='ocrx_word' id='word_1_68' title='bbox 424 1061 504 1119; x_wconf 90' lang='lat' dir='ltr'>enim</span> <span class='ocrx_word' id='word_1_69' title='bbox 528 1067 592 1122; x_wconf 89' lang='lat' dir='ltr'>erat</span> <span class='ocrx_word' id='word_1_70' title='bbox 615 1060 709 1123; x_wconf 90' lang='lat' dir='ltr'>multo</span> <span class='ocrx_word' id='word_1_71' title='bbox 732 1063 970 1129; x_wconf 87' lang='lat' dir='ltr'>saluberrimum</span> <span class='ocrx_word' id='word_1_72' title='bbox 995 1081 1058 1130; x_wconf 86' lang='lat' dir='ltr'>cou-</span> 
     </span>
     <span class='ocr_line' id='line_1_12' title="bbox 146 1139 1060 1284; baseline 0.008 -85"><span class='ocrx_word' id='word_1_73' title='bbox 146 1139 345 1284; x_wconf 53' lang='grc' dir='ltr'>εἰΙίυωμὮ)</span> <span class='ocrx_word' id='word_1_74' title='bbox 371 1163 386 1202; x_wconf 94' lang='lat' dir='ltr'>e</span> <span class='ocrx_word' id='word_1_75' title='bbox 410 1144 506 1224; x_wconf 85' lang='lat' dir='ltr'>magis</span> <span class='ocrx_word' id='word_1_76' title='bbox 536 1143 742 1205; x_wconf 86' lang='lat' dir='ltr'>necessarium</span> <span class='ocrx_word' id='word_1_77' title='bbox 794 1151 885 1225; x_wconf 77' lang='lat' dir='ltr'>&#39;quam</span> <span class='ocrx_word' id='word_1_78' title='bbox 919 1143 1005 1234; x_wconf 84' lang='lat' dir='ltr'>quod</span> <span class='ocrx_word' id='word_1_79' title='bbox 1028 1145 1060 1206; x_wconf 92' lang='lat' dir='ltr'>dc</span> 
     </span>
     <span class='ocr_line' id='line_1_13' title="bbox 145 1163 1062 1309; baseline 0.005 -27"><span class='ocrx_word' id='word_1_80' title='bbox 145 1221 296 1294; x_wconf 87' lang='lat' dir='ltr'>Iudaeoru</span> <span class='ocrx_word' id='word_1_81' title='bbox 349 1163 434 1285; x_wconf 74' lang='lat' dir='ltr'>libris</span> <span class='ocrx_word' id='word_1_82' title='bbox 456 1225 637 1299; x_wconf 70' lang='lat' dir='ltr'>iactabatur,</span> <span class='ocrx_word' id='word_1_83' title='bbox 662 1235 723 1288; x_wconf 86' lang='lat' dir='ltr'>tam</span> <span class='ocrx_word' id='word_1_84' title='bbox 746 1193 858 1309; x_wconf 70' lang='lat' dir='ltr'>deliris,</span> <span class='ocrx_word' id='word_1_85' title='bbox 880 1237 944 1290; x_wconf 87' lang='lat' dir='ltr'>tarn</span> <span class='ocrx_word' id='word_1_86' title='bbox 969 1228 1062 1289; x_wconf 89' lang='lat' dir='ltr'>stultis</span> 
     </span>
     <span class='ocr_line' id='line_1_14' title="bbox 145 1305 1064 1392; baseline 0.004 -26"><span class='ocrx_word' id='word_1_87' title='bbox 145 1305 279 1370; x_wconf 72' lang='lat' dir='ltr'>articulis</span> <span class='ocrx_word' id='word_1_88' title='bbox 319 1328 443 1369; x_wconf 86' lang='lat' dir='ltr'>causam</span> <span class='ocrx_word' id='word_1_89' title='bbox 478 1309 689 1392; x_wconf 60' lang='lat' dir='ltr'>fatigantibus„</span> <span class='ocrx_word' id='word_1_90' title='bbox 725 1319 756 1371; x_wconf 92' lang='lat' dir='ltr'>ut</span> <span class='ocrx_word' id='word_1_91' title='bbox 791 1332 840 1386; x_wconf 84' lang='lat' dir='ltr'>me</span> <span class='ocrx_word' id='word_1_92' title='bbox 868 1311 1064 1380; x_wconf 85' lang='lat' dir='ltr'>vehementer</span> 
     </span>
     <span class='ocr_line' id='line_1_15' title="bbox 143 1388 1062 1476; baseline 0.001 -24"><span class='ocrx_word' id='word_1_93' title='bbox 143 1388 298 1476; x_wconf 80' lang='lat' dir='ltr'>puduerit,</span> <span class='ocrx_word' id='word_1_94' title='bbox 343 1391 564 1459; x_wconf 76' lang='lat' dir='ltr'>Christianismi</span> <span class='ocrx_word' id='word_1_95' title='bbox 603 1395 728 1454; x_wconf 88' lang='lat' dir='ltr'>nomine</span> <span class='ocrx_word' id='word_1_96' title='bbox 762 1401 860 1456; x_wconf 87' lang='lat' dir='ltr'>tantas</span> <span class='ocrx_word' id='word_1_97' title='bbox 889 1393 1062 1474; x_wconf 76' lang='lat' dir='ltr'>tragoedias</span> 
     </span>
     <span class='ocr_line' id='line_1_16' title="bbox 146 1475 1063 1560; baseline 0.001 -26"><span class='ocrx_word' id='word_1_98' title='bbox 146 1475 263 1534; x_wconf 86' lang='lat' dir='ltr'>moveri</span> <span class='ocrx_word' id='word_1_99' title='bbox 287 1475 366 1553; x_wconf 91' lang='lat' dir='ltr'>apud</span> <span class='ocrx_word' id='word_1_100' title='bbox 391 1495 447 1535; x_wconf 89' lang='lat' dir='ltr'>uos</span> <span class='ocrx_word' id='word_1_101' title='bbox 470 1475 510 1536; x_wconf 89' lang='lat' dir='ltr'>ob</span> <span class='ocrx_word' id='word_1_102' title='bbox 538 1477 611 1538; x_wconf 86' lang='lat' dir='ltr'>istas</span> <span class='ocrx_word' id='word_1_103' title='bbox 635 1497 683 1536; x_wconf 88' lang='lat' dir='ltr'>res</span> <span class='ocrx_word' id='word_1_104' title='bbox 706 1477 790 1537; x_wconf 89' lang='lat' dir='ltr'>nihili</span> <span class='ocrx_word' id='word_1_105' title='bbox 814 1499 833 1538; x_wconf 89' lang='lat' dir='ltr'>a</span> <span class='ocrx_word' id='word_1_106' title='bbox 854 1477 1018 1560; x_wconf 85' lang='lat' dir='ltr'>prophetis</span> <span class='ocrx_word' id='word_1_107' title='bbox 1038 1485 1063 1536; x_wconf 90' lang='lat' dir='ltr'>et</span> 
     </span>
     <span class='ocr_line' id='line_1_17' title="bbox 145 1556 1062 1632; baseline 0.005 -17"><span class='ocrx_word' id='word_1_108' title='bbox 145 1556 317 1626; x_wconf 85' lang='lat' dir='ltr'>senioribus</span> <span class='ocrx_word' id='word_1_109' title='bbox 340 1561 462 1632; x_wconf 81' lang='lat' dir='ltr'>nostris,</span> <span class='ocrx_word' id='word_1_110' title='bbox 506 1557 567 1620; x_wconf 82' lang='lat' dir='ltr'>sed</span> <span class='ocrx_word' id='word_1_111' title='bbox 605 1579 665 1620; x_wconf 90' lang='lat' dir='ltr'>non</span> <span class='ocrx_word' id='word_1_112' title='bbox 691 1560 882 1623; x_wconf 83' lang='lat' dir='ltr'>merebamur</span> <span class='ocrx_word' id='word_1_113' title='bbox 908 1569 986 1625; x_wconf 91' lang='lat' dir='ltr'>tunc</span> <span class='ocrx_word' id='word_1_114' title='bbox 1009 1579 1062 1620; x_wconf 89' lang='lat' dir='ltr'>me·</span> 
     </span>
     <span class='ocr_line' id='line_1_18' title="bbox 145 1639 1061 1729; baseline 0.003 -30"><span class='ocrx_word' id='word_1_115' title='bbox 145 1639 252 1710; x_wconf 79' lang='lat' dir='ltr'>liorem</span> <span class='ocrx_word' id='word_1_116' title='bbox 276 1641 423 1724; x_wconf 80' lang='lat' dir='ltr'>gratiam,</span> <span class='ocrx_word' id='word_1_117' title='bbox 463 1661 553 1720; x_wconf 90' lang='lat' dir='ltr'>quam</span> <span class='ocrx_word' id='word_1_118' title='bbox 595 1663 676 1708; x_wconf 87' lang='lat' dir='ltr'>nunc</span> <span class='ocrx_word' id='word_1_119' title='bbox 702 1653 861 1729; x_wconf 87' lang='lat' dir='ltr'>speramus</span> <span class='ocrx_word' id='word_1_120' title='bbox 885 1643 1061 1728; x_wconf 78' lang='lat' dir='ltr'>propediem</span> 
     </span>
     <span class='ocr_line' id='line_1_19' title="bbox 142 1723 1061 1813; baseline 0.002 -30"><span class='ocrx_word' id='word_1_121' title='bbox 142 1723 317 1785; x_wconf 80' lang='lat' dir='ltr'>donandam</span> <span class='ocrx_word' id='word_1_122' title='bbox 343 1723 441 1788; x_wconf 89' lang='lat' dir='ltr'>nobis.</span> <span class='ocrx_word' id='word_1_123' title='bbox 465 1725 586 1791; x_wconf 86' lang='lat' dir='ltr'>iuterim</span> <span class='ocrx_word' id='word_1_124' title='bbox 598 1725 702 1810; x_wconf 90' lang='lat' dir='ltr'>placet</span> <span class='ocrx_word' id='word_1_125' title='bbox 725 1726 930 1804; x_wconf 62' lang='lat' dir='ltr'>vehementer⁴</span> <span class='ocrx_word' id='word_1_126' title='bbox 953 1746 1061 1813; x_wconf 90' lang='lat' dir='ltr'>papam</span> 
     </span>
     <span class='ocr_line' id='line_1_20' title="bbox 140 1805 1061 1890; baseline 0.003 -25"><span class='ocrx_word' id='word_1_127' title='bbox 140 1805 293 1884; x_wconf 81' lang='lat' dir='ltr'>probasse</span> <span class='ocrx_word' id='word_1_128' title='bbox 329 1807 472 1868; x_wconf 88' lang='lat' dir='ltr'>iudicium</span> <span class='ocrx_word' id='word_1_129' title='bbox 523 1807 657 1890; x_wconf 86' lang='lat' dir='ltr'>quinque</span> <span class='ocrx_word' id='word_1_130' title='bbox 682 1809 919 1871; x_wconf 79' lang='lat' dir='ltr'>Universitatum</span> <span class='ocrx_word' id='word_1_131' title='bbox 963 1811 994 1878; x_wconf 83' lang='lat' dir='ltr'>in</span> <span class='ocrx_word' id='word_1_132' title='bbox 1029 1829 1061 1868; x_wconf 88' lang='lat' dir='ltr'>ea</span> 
     </span>
     <span class='ocr_line' id='line_1_21' title="bbox 145 1889 1061 1972; baseline 0 -23"><span class='ocrx_word' id='word_1_133' title='bbox 145 1908 251 1953; x_wconf 87' lang='lat' dir='ltr'>causa.</span> <span class='ocrx_word' id='word_1_134' title='bbox 295 1889 374 1972; x_wconf 71' lang='lat' dir='ltr'>Quid</span> <span class='ocrx_word' id='word_1_135' title='bbox 398 1896 520 1972; x_wconf 87' lang='lat' dir='ltr'>poterat</span> <span class='ocrx_word' id='word_1_136' title='bbox 541 1911 610 1951; x_wconf 88' lang='lat' dir='ltr'>sese</span> <span class='ocrx_word' id='word_1_137' title='bbox 633 1891 753 1972; x_wconf 86' lang='lat' dir='ltr'>dignius</span> <span class='ocrx_word' id='word_1_138' title='bbox 776 1893 877 1954; x_wconf 87' lang='lat' dir='ltr'>lacere</span> <span class='ocrx_word' id='word_1_139' title='bbox 899 1891 999 1962; x_wconf 81' lang='lat' dir='ltr'>Sedes</span> <span class='ocrx_word' id='word_1_140' title='bbox 1016 1891 1061 1951; x_wconf 87' lang='lat' dir='ltr'>illa</span> 
     </span>
     <span class='ocr_line' id='line_1_22' title="bbox 143 1971 961 2056; baseline 0.007 -24"><span class='ocrx_word' id='word_1_141' title='bbox 143 1973 248 2033; x_wconf 90' lang='lat' dir='ltr'>inclita</span> <span class='ocrx_word' id='word_1_142' title='bbox 272 1980 302 2034; x_wconf 90' lang='lat' dir='ltr'>et</span> <span class='ocrx_word' id='word_1_143' title='bbox 323 1973 471 2056; x_wconf 83' lang='lat' dir='ltr'>gloriosa,</span> <span class='ocrx_word' id='word_1_144' title='bbox 494 1971 671 2040; x_wconf 87' lang='lat' dir='ltr'>adversaria</span> <span class='ocrx_word' id='word_1_145' title='bbox 693 1974 798 2042; x_wconf 87' lang='lat' dir='ltr'>ultime</span> <span class='ocrx_word' id='word_1_146' title='bbox 823 1972 961 2038; x_wconf 79' lang='lat' dir='ltr'>Ohristi?</span> 
     </span>
     <span class='ocr_line' id='line_1_23' title="bbox 227 2055 1060 2141; baseline 0.001 -26"><span class='ocrx_word' id='word_1_147' title='bbox 227 2055 306 2132; x_wconf 78' lang='lat' dir='ltr'>Quid</span> <span class='ocrx_word' id='word_1_148' title='bbox 331 2058 379 2134; x_wconf 83' lang='lat' dir='ltr'>sit,</span> <span class='ocrx_word' id='word_1_149' title='bbox 404 2056 486 2136; x_wconf 87' lang='lat' dir='ltr'>quod</span> <span class='ocrx_word' id='word_1_150' title='bbox 511 2055 583 2118; x_wconf 88' lang='lat' dir='ltr'>dicit</span> <span class='ocrx_word' id='word_1_151' title='bbox 613 2058 642 2116; x_wconf 92' lang='lat' dir='ltr'>in</span> <span class='ocrx_word' id='word_1_152' title='bbox 664 2076 702 2119; x_wconf 89' lang='lat' dir='ltr'>ea</span> <span class='ocrx_word' id='word_1_153' title='bbox 722 2059 936 2141; x_wconf 85' lang='lat' dir='ltr'>propositione</span> <span class='ocrx_word' id='word_1_154' title='bbox 960 2058 1000 2118; x_wconf 86' lang='lat' dir='ltr'>ab</span> <span class='ocrx_word' id='word_1_155' title='bbox 1023 2059 1060 2117; x_wconf 89' lang='lat' dir='ltr'>eis</span> 
     </span>
     <span class='ocr_line' id='line_1_24' title="bbox 145 2137 1060 2225; baseline 0.002 -27"><span class='ocrx_word' id='word_1_156' title='bbox 145 2137 304 2200; x_wconf 89' lang='lat' dir='ltr'>damnata:</span> <span class='ocrx_word' id='word_1_157' title='bbox 340 2139 443 2200; x_wconf 82' lang='lat' dir='ltr'>Sancti</span> <span class='ocrx_word' id='word_1_158' title='bbox 473 2158 535 2200; x_wconf 89' lang='lat' dir='ltr'>uon</span> <span class='ocrx_word' id='word_1_159' title='bbox 559 2139 701 2200; x_wconf 85' lang='lat' dir='ltr'>vixerunt</span> <span class='ocrx_word' id='word_1_160' title='bbox 720 2138 839 2221; x_wconf 84' lang='lat' dir='ltr'>absque</span> <span class='ocrx_word' id='word_1_161' title='bbox 860 2149 1010 2225; x_wconf 88' lang='lat' dir='ltr'>peccato,</span> <span class='ocrx_word' id='word_1_162' title='bbox 1030 2159 1060 2200; x_wconf 89' lang='lat' dir='ltr'>se</span> 
     </span>
     <span class='ocr_line' id='line_1_25' title="bbox 143 2222 1059 2304; baseline 0.001 -24"><span class='ocrx_word' id='word_1_163' title='bbox 143 2241 205 2282; x_wconf 93' lang='lat' dir='ltr'>uon</span> <span class='ocrx_word' id='word_1_164' title='bbox 228 2222 298 2281; x_wconf 88' lang='lat' dir='ltr'>dam</span> <span class='ocrx_word' id='word_1_165' title='bbox 344 2242 394 2284; x_wconf 87' lang='lat' dir='ltr'>sse</span> <span class='ocrx_word' id='word_1_166' title='bbox 416 2222 621 2304; x_wconf 73' lang='lat' dir='ltr'>antecedens,</span> <span class='ocrx_word' id='word_1_167' title='bbox 660 2223 715 2282; x_wconf 91' lang='lat' dir='ltr'>sed</span> <span class='ocrx_word' id='word_1_168' title='bbox 748 2242 943 2303; x_wconf 84' lang='lat' dir='ltr'>consequens</span> <span class='ocrx_word' id='word_1_169' title='bbox 966 2223 1059 2286; x_wconf 88' lang='lat' dir='ltr'>malae</span> 
     </span>
     <span class='ocr_line' id='line_1_26' title="bbox 144 2243 1058 2389; baseline 0.002 -25"><span class='ocrx_word' id='word_1_170' title='bbox 144 2243 402 2389; x_wconf 50' lang='lat' dir='ltr'>canamellas,</span> <span class='ocrx_word' id='word_1_171' title='bbox 426 2325 521 2386; x_wconf 89' lang='lat' dir='ltr'>seque</span> <span class='ocrx_word' id='word_1_172' title='bbox 552 2305 667 2387; x_wconf 82' lang='lat' dir='ltr'>mirari,</span> <span class='ocrx_word' id='word_1_173' title='bbox 690 2307 772 2386; x_wconf 87' lang='lat' dir='ltr'>quod</span> <span class='ocrx_word' id='word_1_174' title='bbox 806 2307 888 2380; x_wconf 86' lang='lat' dir='ltr'>orbis</span> <span class='ocrx_word' id='word_1_175' title='bbox 918 2307 1058 2376; x_wconf 83' lang='lat' dir='ltr'>iudicium</span> 
     </span>
     <span class='ocr_line' id='line_1_27' title="bbox 144 2387 1058 2468; baseline -0.002 -18"><span class='ocrx_word' id='word_1_176' title='bbox 144 2407 206 2452; x_wconf 85' lang='lat' dir='ltr'>uon</span> <span class='ocrx_word' id='word_1_177' title='bbox 230 2389 518 2468; x_wconf 86' lang='lat' dir='ltr'>metuerimus,er</span> <span class='ocrx_word' id='word_1_178' title='bbox 543 2387 581 2448; x_wconf 90' lang='lat' dir='ltr'>ob</span> <span class='ocrx_word' id='word_1_179' title='bbox 603 2387 685 2448; x_wconf 86' lang='lat' dir='ltr'>hauc</span> <span class='ocrx_word' id='word_1_180' title='bbox 709 2389 885 2457; x_wconf 85' lang='lat' dir='ltr'>damnatam</span> <span class='ocrx_word' id='word_1_181' title='bbox 909 2391 1058 2458; x_wconf 83' lang='lat' dir='ltr'>insectan-</span> 
     </span>
     <span class='ocr_line' id='line_1_28' title="bbox 145 2471 1058 2613; baseline 0.002 -83"><span class='ocrx_word' id='word_1_182' title='bbox 145 2478 201 2546; x_wconf 82' lang='lat' dir='ltr'>tes,</span> <span class='ocrx_word' id='word_1_183' title='bbox 223 2492 284 2531; x_wconf 90' lang='lat' dir='ltr'>non</span> <span class='ocrx_word' id='word_1_184' title='bbox 298 2471 435 2557; x_wconf 82' lang='lat' dir='ltr'>intelligo</span> <span class='ocrx_word' id='word_1_185' title='bbox 456 2471 576 2613; x_wconf 57' lang='lat' dir='ltr'>plane„</span> <span class='ocrx_word' id='word_1_186' title='bbox 603 2471 808 2556; x_wconf 77' lang='lat' dir='ltr'>Exigitforte,</span> <span class='ocrx_word' id='word_1_187' title='bbox 831 2471 957 2532; x_wconf 90' lang='lat' dir='ltr'>utorbis</span> <span class='ocrx_word' id='word_1_188' title='bbox 980 2491 1058 2558; x_wconf 85' lang='lat' dir='ltr'>prae·</span> 
     </span>
     <span class='ocr_line' id='line_1_29' title="bbox 145 2553 1057 2642; baseline 0.002 -29"><span class='ocrx_word' id='word_1_189' title='bbox 145 2553 296 2616; x_wconf 88' lang='lat' dir='ltr'>divinaret</span> <span class='ocrx_word' id='word_1_190' title='bbox 319 2574 423 2614; x_wconf 89' lang='lat' dir='ltr'>eorum</span> <span class='ocrx_word' id='word_1_191' title='bbox 465 2553 647 2621; x_wconf 70' lang='lat' dir='ltr'>&#39;islecticam</span> <span class='ocrx_word' id='word_1_192' title='bbox 680 2555 849 2634; x_wconf 86' lang='lat' dir='ltr'>occultam,</span> <span class='ocrx_word' id='word_1_193' title='bbox 886 2575 949 2642; x_wconf 80' lang='lat' dir='ltr'>qua</span> <span class='ocrx_word' id='word_1_194' title='bbox 983 2555 1057 2615; x_wconf 88' lang='lat' dir='ltr'>etin</span> 
     </span>
     <span class='ocr_line' id='line_1_30' title="bbox 142 2635 1058 2720; baseline 0.002 -24"><span class='ocrx_word' id='word_1_195' title='bbox 142 2635 220 2698; x_wconf 89' lang='lat' dir='ltr'>libro</span> <span class='ocrx_word' id='word_1_196' title='bbox 244 2639 351 2716; x_wconf 86' lang='lat' dir='ltr'>utitur,</span> <span class='ocrx_word' id='word_1_197' title='bbox 388 2639 429 2697; x_wconf 89' lang='lat' dir='ltr'>uti</span> <span class='ocrx_word' id='word_1_198' title='bbox 454 2636 641 2720; x_wconf 85' lang='lat' dir='ltr'>videbimus,</span> <span class='ocrx_word' id='word_1_199' title='bbox 663 2635 793 2700; x_wconf 78' lang='lat' dir='ltr'>fortasse</span> <span class='ocrx_word' id='word_1_200' title='bbox 816 2647 846 2697; x_wconf 92' lang='lat' dir='ltr'>et</span> <span class='ocrx_word' id='word_1_201' title='bbox 868 2638 909 2698; x_wconf 91' lang='lat' dir='ltr'>ibi</span> <span class='ocrx_word' id='word_1_202' title='bbox 931 2640 992 2698; x_wconf 92' lang='lat' dir='ltr'>ista</span> <span class='ocrx_word' id='word_1_203' title='bbox 1014 2659 1058 2698; x_wconf 84' lang='lat' dir='ltr'>ex·</span> 
     </span>
     <span class='ocr_line' id='line_1_31' title="bbox 143 2718 1057 2803; baseline 0.002 -25"><span class='ocrx_word' id='word_1_204' title='bbox 143 2718 279 2803; x_wconf 84' lang='lat' dir='ltr'>plicabit.</span> <span class='ocrx_word' id='word_1_205' title='bbox 323 2719 446 2783; x_wconf 86' lang='lat' dir='ltr'>Interim</span> <span class='ocrx_word' id='word_1_206' title='bbox 470 2720 707 2782; x_wconf 83' lang='lat' dir='ltr'>exsultationem</span> <span class='ocrx_word' id='word_1_207' title='bbox 739 2722 968 2794; x_wconf 75' lang='lat' dir='ltr'>elevationem</span> <span class='ocrx_word' id='word_1_208' title='bbox 997 2721 1057 2780; x_wconf 89' lang='lat' dir='ltr'>sub·</span> 
     </span>
     <span class='ocr_line' id='line_1_32' title="bbox 145 2801 1057 2884; baseline -0.003 -22"><span class='ocrx_word' id='word_1_209' title='bbox 145 2821 263 2877; x_wconf 82' lang='lat' dir='ltr'>sanuo,</span> <span class='ocrx_word' id='word_1_210' title='bbox 304 2804 387 2884; x_wconf 89' lang='lat' dir='ltr'>quod</span> <span class='ocrx_word' id='word_1_211' title='bbox 410 2802 573 2884; x_wconf 87' lang='lat' dir='ltr'>gloriatur,</span> <span class='ocrx_word' id='word_1_212' title='bbox 609 2823 643 2862; x_wconf 91' lang='lat' dir='ltr'>se</span> <span class='ocrx_word' id='word_1_213' title='bbox 666 2801 831 2874; x_wconf 80' lang='lat' dir='ltr'>adduxisse</span> <span class='ocrx_word' id='word_1_214' title='bbox 852 2803 959 2874; x_wconf 85' lang='lat' dir='ltr'>Patres</span> <span class='ocrx_word' id='word_1_215' title='bbox 994 2803 1057 2864; x_wconf 86' lang='lat' dir='ltr'>mihi</span> 
     </span>
     <span class='ocr_line' id='line_1_33' title="bbox 145 2883 1057 2970; baseline -0.003 -24"><span class='ocrx_word' id='word_1_216' title='bbox 145 2883 358 2957; x_wconf 72' lang='lat' dir='ltr'>adversantes,</span> <span class='ocrx_word' id='word_1_217' title='bbox 388 2905 449 2947; x_wconf 90' lang='lat' dir='ltr'>nou</span> <span class='ocrx_word' id='word_1_218' title='bbox 475 2905 560 2970; x_wconf 76' lang='lat' dir='ltr'>raro,</span> <span class='ocrx_word' id='word_1_219' title='bbox 584 2885 638 2944; x_wconf 88' lang='lat' dir='ltr'>sed</span> <span class='ocrx_word' id='word_1_220' title='bbox 661 2885 848 2966; x_wconf 75' lang='lat' dir='ltr'>frequenter,</span> <span class='ocrx_word' id='word_1_221' title='bbox 872 2906 933 2954; x_wconf 87' lang='lat' dir='ltr'>uon</span> <span class='ocrx_word' id='word_1_222' title='bbox 958 2887 1057 2954; x_wconf 84' lang='lat' dir='ltr'>obiter,</span> 
     </span>
    </p>
   </div>
   <div class='ocr_carea' id='block_1_3' title="bbox 40 2967 1052 3065">
    <p class='ocr_par' dir='ltr' id='par_1_3' title="bbox 40 2967 1052 3065">
     <span class='ocr_line' id='line_1_34' title="bbox 40 2967 1052 3065; baseline 0 -37"><span class='ocrx_word' id='word_1_223' title='bbox 40 3039 44 3042; x_wconf 41' lang='grc'><strong>,</strong></span> <span class='ocrx_word' id='word_1_224' title='bbox 144 2967 197 3028; x_wconf 88' lang='lat' dir='ltr'>sed</span> <span class='ocrx_word' id='word_1_225' title='bbox 221 2989 261 3028; x_wconf 86' lang='lat' dir='ltr'>ex</span> <span class='ocrx_word' id='word_1_226' title='bbox 289 2970 391 3030; x_wconf 88' lang='lat' dir='ltr'>auimo</span> <span class='ocrx_word' id='word_1_227' title='bbox 415 2969 564 3048; x_wconf 57' lang='lat' dir='ltr'>etc.,nisi</span> <span class='ocrx_word' id='word_1_228' title='bbox 589 2967 727 3046; x_wconf 64' lang='lat' dir='ltr'>velint‘lj</span> <span class='ocrx_word' id='word_1_229' title='bbox 757 2967 889 3065; x_wconf 72' lang='lat' dir='ltr'>(inquit)</span> <span class='ocrx_word' id='word_1_230' title='bbox 916 2990 971 3031; x_wconf 90' lang='lat' dir='ltr'>eos</span> <span class='ocrx_word' id='word_1_231' title='bbox 995 2969 1052 3029; x_wconf 86' lang='lat' dir='ltr'>dix·</span> 
     </span>
    </p>
   </div>
   <div class='ocr_carea' id='block_1_4' title="bbox 144 3051 1057 3300">
    <p class='ocr_par' dir='ltr' id='par_1_4' title="bbox 144 3051 1057 3300">
     <span class='ocr_line' id='line_1_35' title="bbox 144 3051 1057 3136; baseline -0.004 -22"><span class='ocrx_word' id='word_1_232' title='bbox 144 3053 205 3116; x_wconf 91' lang='lat' dir='ltr'>isse</span> <span class='ocrx_word' id='word_1_233' title='bbox 238 3054 408 3136; x_wconf 85' lang='lat' dir='ltr'>pugnantia</span> <span class='ocrx_word' id='word_1_234' title='bbox 440 3071 587 3113; x_wconf 84' lang='lat' dir='ltr'>asserere.</span> <span class='ocrx_word' id='word_1_235' title='bbox 638 3051 705 3112; x_wconf 90' lang='lat' dir='ltr'>Hoc</span> <span class='ocrx_word' id='word_1_236' title='bbox 737 3071 817 3122; x_wconf 78' lang='lat' dir='ltr'>emur</span> <span class='ocrx_word' id='word_1_237' title='bbox 851 3072 908 3112; x_wconf 86' lang='lat' dir='ltr'>nos</span> <span class='ocrx_word' id='word_1_238' title='bbox 937 3057 1057 3116; x_wconf 85' lang='lat' dir='ltr'>assertu-</span> 
     </span>
     <span class='ocr_line' id='line_1_36' title="bbox 145 3131 1055 3276; baseline -0.003 -80"><span class='ocrx_word' id='word_1_239' title='bbox 145 3155 196 3196; x_wconf 89' lang='lat' dir='ltr'>rus</span> <span class='ocrx_word' id='word_1_240' title='bbox 218 3135 367 3196; x_wconf 84' lang='lat' dir='ltr'>Latomus</span> <span class='ocrx_word' id='word_1_241' title='bbox 392 3154 453 3194; x_wconf 91' lang='lat' dir='ltr'>non</span> <span class='ocrx_word' id='word_1_242' title='bbox 477 3135 653 3221; x_wconf 71' lang='lat' dir='ltr'>praesumit,</span> <span class='ocrx_word' id='word_1_243' title='bbox 676 3141 775 3194; x_wconf 90' lang='lat' dir='ltr'>certus</span> <span class='ocrx_word' id='word_1_244' title='bbox 799 3131 880 3276; x_wconf 67' lang='lat' dir='ltr'>(puod</span> <span class='ocrx_word' id='word_1_245' title='bbox 895 3136 1055 3217; x_wconf 86' lang='lat' dir='ltr'>prophetae</span> 
     </span>
     <span class='ocr_line' id='line_1_37' title="bbox 145 3216 1056 3300; baseline -0.001 -21"><span class='ocrx_word' id='word_1_246' title='bbox 145 3237 207 3279; x_wconf 90' lang='lat' dir='ltr'>non</span> <span class='ocrx_word' id='word_1_247' title='bbox 230 3237 345 3292; x_wconf 75' lang='lat' dir='ltr'>sumus,</span> <span class='ocrx_word' id='word_1_248' title='bbox 368 3217 471 3300; x_wconf 87' lang='lat' dir='ltr'>itaque</span> <span class='ocrx_word' id='word_1_249' title='bbox 494 3224 597 3279; x_wconf 87' lang='lat' dir='ltr'>cantat</span> <span class='ocrx_word' id='word_1_250' title='bbox 618 3216 649 3276; x_wconf 94' lang='lat' dir='ltr'>lo</span> <span class='ocrx_word' id='word_1_251' title='bbox 672 3217 789 3297; x_wconf 84' lang='lat' dir='ltr'>Paean,</span> <span class='ocrx_word' id='word_1_252' title='bbox 825 3237 842 3278; x_wconf 94' lang='lat' dir='ltr'>o</span> <span class='ocrx_word' id='word_1_253' title='bbox 865 3217 986 3295; x_wconf 88' lang='lat' dir='ltr'>Paean,</span> <span class='ocrx_word' id='word_1_254' title='bbox 1008 3237 1056 3278; x_wconf 87' lang='lat' dir='ltr'>vae</span> 
     </span>
    </p>
   </div>
   <div class='ocr_carea' id='block_1_5' title="bbox 145 3298 1054 3560">
    <p class='ocr_par' dir='ltr' id='par_1_5' title="bbox 145 3298 1054 3560">
     <span class='ocr_line' id='line_1_38' title="bbox 146 3298 1054 3390; baseline -0.001 -31"><span class='ocrx_word' id='word_1_255' title='bbox 146 3302 244 3362; x_wconf 88' lang='lat' dir='ltr'>victis.</span> <span class='ocrx_word' id='word_1_256' title='bbox 289 3300 348 3360; x_wconf 80' lang='lat' dir='ltr'>Sed</span> <span class='ocrx_word' id='word_1_257' title='bbox 373 3319 429 3359; x_wconf 87' lang='lat' dir='ltr'>uos</span> <span class='ocrx_word' id='word_1_258' title='bbox 445 3301 574 3378; x_wconf 80' lang='lat' dir='ltr'>interim,</span> <span class='ocrx_word' id='word_1_259' title='bbox 597 3298 668 3358; x_wconf 93' lang='lat' dir='ltr'>dum</span> <span class='ocrx_word' id='word_1_260' title='bbox 683 3301 741 3382; x_wconf 84' lang='lat' dir='ltr'>ipsi</span> <span class='ocrx_word' id='word_1_261' title='bbox 753 3301 858 3361; x_wconf 86' lang='lat' dir='ltr'>Patres</span> <span class='ocrx_word' id='word_1_262' title='bbox 871 3299 969 3390; x_wconf 86' lang='lat' dir='ltr'>(quos</span> <span class='ocrx_word' id='word_1_263' title='bbox 983 3303 1054 3384; x_wconf 88' lang='lat' dir='ltr'>prius</span> 
     </span>
     <span class='ocr_line' id='line_1_39' title="bbox 145 3377 1053 3463; baseline -0.001 -21"><span class='ocrx_word' id='word_1_264' title='bbox 145 3388 414 3463; x_wconf 85' lang='lat' dir='ltr'>contempserunt)</span> <span class='ocrx_word' id='word_1_265' title='bbox 441 3380 587 3462; x_wconf 77' lang='lat' dir='ltr'>legerunt,</span> <span class='ocrx_word' id='word_1_266' title='bbox 611 3377 701 3442; x_wconf 86' lang='lat' dir='ltr'>otiosi</span> <span class='ocrx_word' id='word_1_267' title='bbox 724 3402 785 3443; x_wconf 91' lang='lat' dir='ltr'>non</span> <span class='ocrx_word' id='word_1_268' title='bbox 809 3383 931 3460; x_wconf 80' lang='lat' dir='ltr'>luimus,</span> <span class='ocrx_word' id='word_1_269' title='bbox 950 3385 1053 3447; x_wconf 86' lang='lat' dir='ltr'>inveni·</span> 
     </span>
     <span class='ocr_line' id='line_1_40' title="bbox 148 3463 1053 3560; baseline 0.002 -36"><span class='ocrx_word' id='word_1_270' title='bbox 148 3483 276 3556; x_wconf 84' lang='lat' dir='ltr'>musque</span> <span class='ocrx_word' id='word_1_271' title='bbox 299 3483 356 3544; x_wconf 72' lang='lat' dir='ltr'>eos¹</span> <span class='ocrx_word' id='word_1_272' title='bbox 375 3463 555 3544; x_wconf 85' lang='lat' dir='ltr'>saepissime</span> <span class='ocrx_word' id='word_1_273' title='bbox 569 3463 661 3536; x_wconf 86' lang='lat' dir='ltr'>fuisse</span> <span class='ocrx_word' id='word_1_274' title='bbox 673 3465 822 3547; x_wconf 81' lang='lat' dir='ltr'>homines,</span> <span class='ocrx_word' id='word_1_275' title='bbox 845 3486 973 3560; x_wconf 71' lang='lat' dir='ltr'>errasse,</span> <span class='ocrx_word' id='word_1_276' title='bbox 992 3487 1053 3552; x_wconf 82' lang='lat' dir='ltr'>pug-</span> 
     </span>
    </p>
   </div>
   <div class='ocr_carea' id='block_1_6' title="bbox 147 3593 565 3612">
    <p class='ocr_par' dir='ltr' id='par_1_6' title="bbox 147 3593 565 3612">
     <span class='ocr_line' id='line_1_41' title="bbox 147 3593 565 3612; baseline 0.005 -2"><span class='ocrx_word' id='word_1_277' title='bbox 147 3593 565 3612; x_wconf 38' lang='grc' dir='ltr'>-Ψ-ῇ--ῇ-ι--Ἦ-</span> 
     </span>
    </p>
   </div>
   <div class='ocr_carea' id='block_1_7' title="bbox 201 3605 656 3721">
    <p class='ocr_par' dir='ltr' id='par_1_7' title="bbox 201 3605 656 3721">
     <span class='ocr_line' id='line_1_42' title="bbox 201 3605 656 3721; baseline 0.029 -17"><span class='ocrx_word' id='word_1_278' title='bbox 201 3644 233 3716; x_wconf 83' lang='lat' dir='ltr'>u</span> <span class='ocrx_word' id='word_1_279' title='bbox 252 3645 283 3698; x_wconf 78' lang='lat' dir='ltr'>u</span> <span class='ocrx_word' id='word_1_280' title='bbox 301 3644 366 3709; x_wconf 72' lang='lat' dir='ltr'>aaa</span> <span class='ocrx_word' id='word_1_281' title='bbox 383 3605 570 3721; x_wconf 57' lang='lat' dir='ltr'>recasuras</span> <span class='ocrx_word' id='word_1_282' title='bbox 599 3636 609 3711; x_wconf 70' lang='lat' dir='ltr'>l</span> <span class='ocrx_word' id='word_1_283' title='bbox 652 3693 656 3705; x_wconf 64' lang='grc'>«</span> 
     </span>
    </p>
   </div>
   <div class='ocr_carea' id='block_1_8' title="bbox 0 0 1136 4005">
    <p class='ocr_par' dir='ltr' id='par_1_8' title="bbox 0 0 1136 4005">
     <span class='ocr_line' id='line_1_43' title="bbox 0 0 1136 4005; baseline 0 0"><span class='ocrx_word' id='word_1_284' title='bbox 0 0 1136 4005; x_wconf 95' lang='lat' dir='ltr'> </span> 
     </span>
    </p>
   </div>
  </div>
 </body>
</html>
