2262 4006
307 166 452 248 2222222
472 169 581 232 22222
600 191 625 232 a
644 167 749 262 222.
779 129 780 134 ¹
923 163 984 246 322

55 332 264 417 mysterium
286 330 317 409 id
340 338 418 410 221,
424 347 549 410 prorsus
573 328 663 393 221112
692 347 791 408 neque
813 327 985 404 visentibus

54 433 167 494 neque
189 397 325 476 mortuis.
370 400 501 476 012222
526 413 581 472 Dei
604 411 818 492 incogitabilis,
841 413 986 475 22221222
1026 411 1032 420 ’

55 498 361 577 volueruntspiritns
383 495 424 556 illi
447 513 592 574 nequam,
614 497 665 574 qui
689 495 796 556 Missas
813 495 984 574 2222221222

52 590 149 657 runt,
180 587 210 638 et
232 599 300 640 2222
321 577 427 640 redimi
449 578 611 639 fluxerunt.
654 577 775 639 12112112
806 588 878 638 sunt
897 579 985 654 buius

54 665 192 722 monstri
216 662 372 742 exempla,
396 664 426 721 in
450 679 528 740 quae
550 679 606 720 222
629 663 704 720 rude
725 659 835 740 vulgus
857 661 922 734 sine
945 665 985 736 iu·

54 744 162 824 dicio,
186 746 252 806 siue
274 746 397 824 spiritu,
421 745 498 804 21221
520 743 726 822 imprudentes
756 743 871 804 bestiae
893 745 987 817 2212-

53 845 178 923 queam
198 828 348 902 irruimus,
370 845 494 907 prorsus
517 826 630 886 nullum
647 826 837 888 mendacium
861 837 988 890 22222222

52 912 266 990 suspicantes,
291 929 358 971 cum
374 909 454 970 Deus
476 928 537 970 non
561 911 681 1004 penitus
704 928 760 969 2222
785 907 986 988 dereliquerit,

53 994 135 1070 quin
150 995 180 1054 in
205 993 306 1053 multis
330 993 404 1054 12212
418 991 596 1054 illusiones
589 1002 663 1052 retas
678 993 884 1054 manifestarit.
926 991 986 1052 Sed

54 1075 219 1137 iaciebant
240 1075 318 1140 haec
340 1075 378 1135 ad
391 1094 516 1154 regnum
530 1075 674 1137 l'aciernm
698 1084 727 1134 21
743 1077 986 1156 propositionum
1097 1131 1103 1141 ,

55 1157 294 1232 stabiliendum,
314 1159 384 1218 ideo
406 1157 551 1220 roborata
573 1166 652 1219 suut.

148 1237 220 1304 Non
243 1251 343 1304 autem
366 1261 463 1322 nego,
485 1259 541 1323 pro
565 1241 713 1300 defunctis
737 1239 884 1303 orandum
906 1259 985 1312 2222,

54 1323 117 1384 sed
141 1345 254 1404 papam
277 1327 307 1389 in
336 1325 462 1386 mortuis
491 1342 620 1402 regnare
648 1331 678 1384 et
700 1333 922 1396 sacramentum
946 1324 986 1385 21-

56 1407 138 1468 taric
163 1406 323 1469 ludibrium
345 1411 409 1467 eius
433 1404 497 1468 fleri
526 1425 566 1466 ex
588 1405 680 1468 corde
703 1406 838 1466 detestor
859 1411 890 1466 et
911 1405 985 1466 sbo-

59 1492 183 1566 22212222,
217 1502 332 1586 atque
342 1493 456 1552 utinam
486 1487 577 1570 digne
609 1487 681 1548 llere
704 1507 836 1568 possem
880 1485 985 1568 Neque

58 1576 148 1636 enirn
174 1537 220 1634 1222
243 1575 338 1654 signis
366 1571 435 1634 fldei
465 1581 496 1632 22
515 1571 675 1650 Evangelii
703 1590 797 1632 22222
824 1571 986 1650 quaeritur,

61 1657 131 1715 imo
163 1666 271 1715 contra
299 1655 389 1719 lid'em
419 1663 450 1716 22
473 1653 674 1733 Evangelium
705 1655 760 1713 sub
789 1653 933 1716 facierum
957 1667 987 1714 et

59 1741 312 1822 propositionum
350 1737 546 1820 praetextu¹)
592 1735 728 1816 tyrannis
766 1737 805 1798 ad
845 1718 986 1798 fiduciam

11 1871 14 1880 r
58 1841 195 1901 operum
218 1819 572 1902 erigendsmsxercetur.
605 1820 714 1880 Verum
739 1819 776 1880 de
794 1831 987 1881 sacramento

59 1915 93 1964 et
119 1903 193 1964 fide
204 1903 265 1964 dixi
289 1904 364 1980 21122
386 1903 517 1964 abunde.
560 1903 640 1962 12122
663 1904 861 1972 baecautem
885 1923 986 1965 nume·

62 1985 167 2048 rande
189 1995 259 2046 2222
280 1993 311 2049 22
331 1971 400 2062 2112,
431 2004 509 2065 quae
531 1985 561 2044 22
586 1985 827 2060 visitationibus,
856 1981 987 2066 peregri·

63 2069 257 2148 nationibus,
281 2077 311 2130 et
322 2067 569 2130 venerationibus
583 2067 762 2131 Sanctorum
777 2067 861 2146 11221,
886 2069 987 2148 qualia

65 2153 167 2212 mult-s
189 2117 280 2213 bodie
302 2151 413 2233 ubique
435 2151 605 2228 abundant,
630 2170 709 2230 quae
733 2171 813 2232 pepe
836 2153 898 2212 suis
916 2151 987 2229 Bul-

64 2237 105 2295 lis
129 2234 300 2306 2221122221,
323 2238 413 2295 etism
444 2237 603 2296 canonisal
635 2235 820 2314 quandoque
848 2219 989 2310 82222122,

64 2337 149 2400 quos
172 2321 302 2400 ignorat.
345 2317 434 2378 Nunc
455 2316 534 2396 vide,
558 2316 629 2414 quid
652 2319 843 2397 uituperatio
862 2318 989 2392 satanae

65 2404 98 2462 in
122 2401 218 2480 signis
240 2401 450 2478 mendacibus,
474 2414 503 2462 21
524 2401 680 2480 energiam
703 2397 846 2463 luciernm
870 2409 900 2464 22
922 2398 989 2480 pro·

65 2485 259 2565 positionum
283 2479 343 2566 uon
368 2485 396 2543 in
422 2483 546 2564 energia
567 2502 623 2542 222
644 2483 791 2546 roborari.

154 2564 277 2627 Praeter
299 2554 375 2627 12222
398 2566 555 2629 mendacia
577 2567 679 2646 sigua,
710 2568 833 2646 proprio
862 2573 989 2626 satanae

66 2651 238 2718 ministerio
261 2650 432 2712 roborantis
455 2649 623 2710 efficaciam
645 2647 806 2720 facierum,
829 2658 875 2708 est
897 2657 927 2711 et
948 2637 989 2715 al-

65 2743 135 2802 tera
157 2723 295 2794 elli‘cacia
317 2735 482 2794 ministerio
510 2732 638 2792 aliorum
663 2731 789 2806 efficax,
816 2749 913 2812 eaque
941 2752 991 2813 ge-

69 2818 166 2896 mina,
189 2835 249 2876 nna
271 2813 463 2894 olorinorum,
486 2813 581 2874 altera
603 2812 759 2876 laicorum.
802 2813 989 2893 clericorum

67 2907 116 2958 est
138 2896 227 2976 12222,
244 2896 361 2994 222221Ι
354 2918 383 2958 m
409 2861 543 2958 laclebus
566 2905 597 2956 22
619 2895 878 2992 propositionibus
902 2899 990 2958 robo'·

70 2981 176 3040 randis
213 2983 336 3077 ingenio
370 2991 399 3044 21
427 2980 529 3062 lingua
557 2999 657 3060 pupae
690 2978 870 3042 ministrant.
910 2981 992 3060 lpse

69 3063 152 3124 enim
174 3064 401 3144 propositiones
423 3083 494 3124 2222
508 3061 649 3122 effutit
626 3082 691 3122 siue
707 3063 826 3159 timore,
846 3074 877 3124 et
899 3063 991 3124 122122

69 3145 162 3226 plens
184 3147 346 3210 securitate
364 3147 511 3244 disponit,
534 3147 657 3225 saepius
670 3147 797 3226 sibiipsi
810 3147 991 3241 turpissime,

71 3229 138 3290 Deo
168 3243 269 3292 autem
298 3229 476 3326 impiissime
502 3228 726 3290 contradicens
775 3225 882 3322 Neque
912 3232 991 3309 enirn

70 3311 210 3391 velipse
233 3310 348 3375 veleui
370 3313 399 3372 121
422 3314 576 3392 cogitent,
609 3325 640 3372 nt
670 3331 774 3372 verum
804 3300 991 3375 umbonum

69 3393 185 3474 aliquid
208 3396 324 3474 dicunt,
353 3395 405 3456 sed
429 3403 546 3455 tentum
569 3395 740 3473 2121122221,
763 3393 828 3454 freti
851 3405 882 3456 et
903 3394 991 3474 ebusi

81 3527 300 3537 mm...-

27 3641 31 3654 ,
126 3585 206 3650 1112
225 3541 651 3655 recuperandorum
671 3593 824 3654 praetextu,
846 3544 992 3655 repetitum

73 3667 114 3730 222
134 3659 187 3712 boc
205 3657 381 3752 vpoabulpin
390 3675 425 3717 ex
444 3658 487 3728 ed
493 3651 568 3728 ‚Uien
588 3671 613 3712 a
635 3656 711 3712 112611.

98 3763 255 3815 nuneriopp
270 3763 296 3806 v.
311 3742 338 3803 i.
352 3761 435 3802 sarar.
449 3761 564 3813 umup
579 3761 668 3804 vouv.
788 3729 828 3794 23
