2262 4006
332 184 603 242 Ambrosii'cathsr.
621 201 646 240 a
665 185 742 244 1o21.
941 179 1004 248 329

1 335 2 368 ³
77 338 129 414 tis,
152 339 317 421 moleges,
339 345 463 419 statuta,
485 359 586 402 mores
610 347 641 402 st
662 339 917 417 eonsuetudines,
940 338 1002 400 ‹lis-

1 449 2 454 1
76 423 295 501 pulsationes,
322 423 562 504 irregularitatss
584 431 615 486 et
638 425 703 485 sius
725 423 845 502 generis
867 421 1003 484 infinitas

77 509 177 584 (quas
200 525 316 568 nausea
337 515 382 567 est
413 508 604 584 meminisse)
637 507 884 569 abominationes
915 525 1001 566 soum

1 591 2 626 ἒ
75 606 208 668 regnum
231 596 368 670 regnant.
412 590 444 650 ln
476 589 521 650 bis
550 592 609 651 sita
630 597 677 651 est
698 592 795 670 pietas
819 589 1001 668 Christiana,

1 697 2 706 ¹
74 669 107 729 bi
132 680 204 732 sunt
226 671 426 733 eoolesiaDei
448 680 554 734 saneta
578 673 741 749 ostholioa,
764 673 793 732 in
811 671 857 732 bis
880 673 1002 752 spiritus

1 756 3 789 2
75 752 216 828 habitet,
246 755 303 816 bos
326 773 386 816 non
410 773 503 836 posse
525 775 626 817 errare
649 755 832 818 eredendum
856 761 912 816 est.
955 755 1002 818 Ob

74 836 195 898 nnllam
218 837 308 898 aliam
332 857 474 915 oausam,
503 858 595 919 quam
623 839 696 919 quia
725 840 770 900 sio
790 839 866 915 rasi,
897 847 928 899 et
959 840 1003 898 sio

74 920 181 980 restiti
201 929 281 996 sunt,
303 929 334 982 st
355 922 444 981 molis
467 930 496 981 et
516 922 632 982 leotiois
650 921 718 982 vehi
742 940 811 982 sese
833 923 1001 1002 patiuntur,

74 1003 201 1062 etiamsi
223 1022 284 1063 non
309 1004 403 1066 modo
425 1006 484 1064 sint
506 1006 590 1085 impii
614 1011 644 1066 et
667 1005 698 1065 in
716 1004 878 1084 Soripturis
893 1005 1002 1084 ignari,

74 1083 132 1145 sed
157 1091 191 1147 et
212 1087 290 1147 oivili
323 1090 539 1166 communique
571 1107 662 1148 sensu
691 1087 816 1168 privati,
845 1087 1003 1148 Arcadiois

72 1169 173 1228 asinis
196 1168 340 1230 rudiores
386 1169 505 1232 Suffroit
527 1171 607 1231 enim
629 1173 687 1231 ists
710 1171 819 1249 fames,
846 1177 878 1230 ut
899 1171 1003 1231 omnia

75 1252 202 1328 possint
224 1260 255 1311 et
276 1253 421 1332 audeant,
443 1255 487 1314 sio
508 1253 619 1314 tollunt
642 1271 762 1314 oruoem
786 1272 883 1333 suam,
905 1259 936 1312 et
959 1271 1006 1316 soz

1 1339 3 1364 ³
75 1340 215 1411 quantur
245 1334 397 1396 Christum
430 1354 625 1398 subsessores
658 1336 700 1396 illi
733 1335 944 1418 apostolorum
972 1342 1003 1396 st

0 1433 3 1452 ³
74 1417 185 1476 vioarii
208 1417 265 1478 Dei
288 1420 317 1480 in
342 1419 437 1479 terris.

164 1497 276 1575 Quinta
298 1508 345 1562 est
367 1501 441 1562 illud
464 1502 618 1582 egregium
648 1500 823 1582 perdendae
853 1502 1004 1581 pecuniae

1 1592 3 1627 ³
76 1580 245 1642 artifinium
266 1585 296 1644 in
319 1583 481 1660 struendis,
504 1584 666 1665 erigendis,
691 1584 845 1660 ornandis,
868 1583 1002 1663 loeuple-

1 1703 3 1711 ·
72 1663 179 1726 tondis
201 1666 336 1746 templis,
365 1667 576 1743 monasteriis,
611 1667 748 1744 sacellis,
779 1661 943 1743 altaribbs,
973 1675 1004 1726 st

1 1784 3 1795 ι
73 1747 145 1806 eius
175 1750 295 1828 generis
324 1748 476 1829 operibus.
521 1749 578 1810 llio
606 1751 686 1810 enim
716 1749 923 1810 saeratissimo
949 1748 1002 1809 illa

73 1830 145 1890 iura
169 1848 277 1911 papae,
301 1831 407 1893 Bullas
429 1840 459 1892 et
480 1831 592 1911 sigilla,
614 1850 675 1892 non
690 1849 750 1893 uno
763 1830 857 1893 modo
881 1831 1000 1892 eoelum

1 1943 2 1948 κ
72 1911 246 1992 largiuntur
269 1913 408 1976 manibus
429 1915 488 1976 illis
510 1913 707 1976 adiutrioibus
729 1920 760 1974 et
781 1914 1000 1975 fundatoribus.

72 1993 136 2055 Hio
158 1995 274 2056 fervent
297 1996 378 2058 bona
402 2016 512 2077 opera,
535 1997 584 2058 hio
607 1997 739 2057 thesauri
762 1996 1001 2057 inaestimabiles

1 2096 4 2132 r
73 2096 136 2158 pro
160 2077 252 2139 domo
266 2079 323 2140 Dei
346 2079 539 2159 eolligunlur,
562 2079 613 2141 hio
627 2098 688 2161 quo
701 2079 876 2160 ampliores,
899 2097 1003 2159 super·

75 2159 199 2238 biores,
225 2162 361 2235 ditiores,
384 2164 553 2223 ornatiores
575 2163 782 2224 exstruxerint
803 2163 914 2237 aedes,
942 2163 1002 2222 hoo

1 2262 3 2295 τ
77 2249 155 2302 sont
177 2243 419 2308 christianiores.
463 2245 571 2305 Melius
594 2245 709 2306 faoiunt
729 2244 789 2306 huo
811 2244 1002 2305 oontribueu·

1 2345 3 2379 ;
74 2333 141 2403 tes,
169 2328 307 2404 quamsi
330 2327 513 2408 pauperibus
535 2328 735 2407 impartirent.
779 2327 844 2388 Neo
866 2329 946 2387 onim
969 2328 999 2388 in

1 2429 2 2460 r
74 2407 140 2470 hoo
162 2408 335 2485 aedificant,
358 2417 392 2470 ut
414 2409 507 2472 verbo
521 2408 674 2471 audiendo
697 2410 784 2470 loous
807 2411 845 2470 eit
862 2410 1001 2488 idoneus,

1 2525 2 2530 κ
75 2490 133 2552 ssd
164 2499 197 2552 ut
225 2499 399 2571 speotenlur
427 2509 530 2553 eoram
554 2493 621 2554 Deo
650 2500 681 2554 et
707 2492 890 2554 hominibus.
934 2493 1000 2554 Deo

75 2574 160 2634 anim
185 2572 349 2636 aedificant
370 2575 509 2650 domum,
531 2576 599 2654 qui,
622 2595 689 2637 oum
713 2575 783 2637 olim
807 2594 861 2655 per
883 2574 913 2636 Β.
937 2574 1002 2635 ste

76 2654 215 2736 phanum
240 2658 307 2718 Ast.
330 2661 359 2722 7.
382 2666 411 2718 st
434 2657 527 2736 longe
555 2666 625 2720 ants
652 2677 721 2719 eum
751 2677 805 2738 per
826 2657 948 2718 Nathan
971 2663 1002 2718 st

77 2737 179 2799 David
203 2741 322 2818 negarit
342 2741 372 2800 in
402 2739 583 2801 manuiaotis
613 2758 682 2802 sese
710 2740 864 2818 habitare,
898 2747 999 2802 tamen

76 2839 163 2881 nuno
183 2822 271 2882 exsul
294 2822 396 2882 santus
419 2822 476 2883 sibi
498 2829 530 2884 et
550 2822 670 2885 Sanotis
691 2824 754 2883 suis
777 2823 887 2884 domos
908 2842 928 2882 a
948 2841 1001 2884 no·

78 2903 125 2962 bis
150 2904 312 2965 meodioat

162 2985 202 3045 m
229 2985 445 3048 Sanotissimus
472 2987 524 3047 ills
552 3005 619 3048 oum
649 2988 803 3068 episeopis
833 2987 896 3048 suis
924 2987 1001 3048 baso

77 3065 181 3130 studia
202 3069 285 3148 volgi
305 3071 416 3130 insana
437 3069 730 3145 enumerationibus,
752 3069 1000 3131 sanotifloationi·

78 3150 147 3230 bus,
168 3152 409 3216 immunitatibus
430 3155 503 3229 sois,
525 3172 627 3212 rursus
649 3152 927 3234 imprecationibus,
952 3152 1000 3212 de-

78 3234 270 3311 votionibus,
308 3235 378 3297 diris
411 3244 442 3295 et
477 3236 612 3297 sensuris
643 3234 766 3308 suisli,
802 3235 910 3313 quibus
936 3236 999 3295 vio·

77 3316 203 3392 latores,
225 3324 463 3397 oontemptores,
485 3317 646 3378 abutentes
672 3320 767 3390 (siout
798 3319 886 3378 deoet
906 3319 997 3378 lasie-

78 3419 145 3460 rum
159 3400 322 3480 pietatem)
336 3400 536 3480 persequitur,
559 3419 620 3462 non
645 3400 738 3462 modo
753 3398 922 3476 oonflrmat,
945 3398 998 3460 sed

135 3667 168 3732 i]
189 3667 220 3718 ln
239 3665 283 3722 sd.
304 3667 377 3723 lem:
398 3676 426 3722 st
444 3668 510 3724 diris
529 3672 653 3725 maruno
671 3673 738 3726 sais.
