2252 4006
159 239 222 310 308
387 241 545 316 Responsio
564 239 597 302 b.
612 239 646 300 tt.
663 247 691 300 L.
709 239 745 300 sd
763 243 862 301 librum

159 401 282 480 inciam,
305 406 354 460 sat
374 400 501 479 habeus,
524 399 606 480 quod
629 401 676 459 his
688 400 924 480 absurdissimis,
947 400 1075 461 laborio-

160 485 288 544 sissimis
310 491 412 544 tamen
443 486 587 544 monstris
621 481 804 544 confitentur
836 504 905 545 sese
930 503 999 543 esse
1021 485 1077 542 vic·

159 575 218 645 tos,
242 585 290 626 me
312 585 385 627 vero
408 568 566 644 victorem,
589 567 660 626 dum
685 566 765 626 aliud
788 568 889 627 miseri
914 585 975 628 non
999 565 1078 626 labo·

157 659 235 728 rant,
250 668 347 728 ,quam
370 657 402 709 nt
423 649 581 730 effugiant.
624 649 717 709 Vides
730 651 820 727 anim,
843 658 875 710 ut
897 649 1076 710 hicThomi·

158 741 207 793 sta
234 741 383 812 perpetuo
410 751 505 814 opere
526 732 607 793 aliud
637 751 697 793 non
720 732 827 811 faciat,
858 752 950 812 quam
983 739 1016 792 ut
1043 731 1080 791 di·

158 817 340 876 stinctiones
360 834 457 876 novas
479 816 619 896 reperiat,
641 834 697 896 pro
721 816 791 896 suga
813 835 869 875 sna
890 816 1079 886 adornanda,

160 917 230 958 uam
253 905 286 957 ut
308 917 356 958 me
376 897 537 959 invaderet
558 899 666 975 ctiam,
689 917 727 958 ue
748 901 778 957 iu
802 907 935 959 mentem
960 898 1079 977 quidem

159 983 252 1060 venit,
274 989 305 1041 et
327 981 484 1060 quomodo
507 993 613 1061 posset
633 981 725 1060 fugae
748 990 808 1040 tam
821 980 996 1042 sollicitus?
1019 979 1079 1040 Ser-

159 1075 210 1123 vet
234 1083 282 1124 me
305 1063 457 1124 Dominus
481 1067 578 1141 lesus,
612 1083 650 1124 ns
683 1063 806 1143 quando
836 1064 876 1125 ad
898 1065 954 1124 has
979 1064 1081 1124 distin-

158 1147 273 1226 ·gucudi
295 1156 326 1206 et
347 1145 450 1226 effugii
481 1147 647 1226 quaerendi
676 1149 875 1208 necessitates
904 1147 1014 1227 adigat
1036 1146 1081 1208 ad·

158 1231 310 1290 versarius
331 1231 361 1288 in
383 1229 519 1310 proelio,
552 1239 615 1290 tum
643 1249 749 1289 revera
781 1232 878 1291 victus
906 1249 972 1290 erc.
1017 1229 1081 1309 Ego

157 1312 258 1374 adhuc
279 1313 362 1392 puris
385 1319 415 1372 et
436 1313 541 1374 solidis
564 1312 663 1372 verbis
685 1311 844 1394 Evangelii
867 1316 967 1390 nitor,
992 1313 1081 1392 idque

159 1413 196 1456 eo
218 1415 320 1474 sensu,
342 1413 434 1474 qnam
455 1397 576 1492 ipsimet
597 1414 701 1454 verum
726 1415 794 1456 esse
817 1396 1007 1460 concedunt

243 1479 313 1538 Alia
334 1498 408 1558 ergo
432 1480 594 1540 autoritate
616 1478 791 1559 probandus
808 1487 855 1539 est
875 1481 935 1540 iste
942 1488 1082 1575 papatus

157 1563 278 1658 impius
321 1560 379 1622 Hic
399 1561 485 1622 locus
508 1560 653 1622 Matthaei
681 1580 743 1622 non
773 1563 830 1623 nisi
853 1561 891 1622 de
918 1563 981 1642 piis
1005 1561 1083 1622 aedi·

158 1637 285 1706 heatis'
276 1665 308 1704 ιιι
330 1643 443 1725 Spiritu
473 1653 581 1705 sancto
616 1645 764 1723 loquitur,
798 1664 855 1704 nec
882 1652 1005 1724 petram
1029 1645 1082 1703 nisi

161 1725 313 1788 Christum
336 1727 442 1805 habet,
471 1747 529 1788 neo
556 1727 717 1788 ecclesiam
747 1730 805 1787 uisi
827 1735 923 1789 totam
956 1727 1082 1788 catholi-

160 1830 238 1890 cam,
260 1827 390 1890 eamque
411 1819 559 1888 sanctam,
582 1811 612 1870 in
627 1829 687 1890 que
698 1819 727 1870 et
738 1812 805 1890 ipse
817 1812 923 1871 Petrus
936 1817 1081 1906 tauquam

162 1894 330 1954 membrum
360 1894 579 1954 coaedificatur
600 1912 691 1974 super
723 1893 852 1954 eandem
882 1901 1022 1974 petram,
1055 1892 1083 1951 in

159 1995 220 2056 qua
252 1995 358 2038 omncs
391 1976 555 2037 Christiani
580 1983 760 2058 aequantur.
811 1977 857 2037 De
884 1976 979 2037 rebus
1004 1978 1081 2036 enim

160 2061 274 2120 sanctis
297 2059 434 2120 Christus
462 2068 565 2120 noster
587 2061 735 2139 loquitur,
763 2079 840 2140 quas
867 2061 970 2140 impiis
995 2058 1082 2120 tribui

160 2142 243 2203 nullo
267 2143 359 2203 modo
381 2143 461 2219 licet,
484 2152 516 2202 ut
538 2142 629 2223 plane
649 2143 710 2203 hoc
735 2143 861 2204 verbum
885 2142 999 2204 Christi
1022 2160 1082 2202 non

159 2227 227 2306 plus
241 2227 390 2305 pertineat
412 2227 450 2286 ad
472 2245 584 2306 papam
606 2225 799 2305 quamillud:
823 2227 909 2286 Beati
932 2244 1083 2306 pauperes

160 2310 277 2390 spiritu,
299 2318 351 2369 aut
366 2310 473 2388 simile,
495 2310 578 2389 quod
592 2311 793 2369 communiter
807 2308 949 2370 omnibus
966 2309 1084 2368 dicitnr.

243 2390 345 2468 Quare
366 2393 479 2472 gratias
502 2394 620 2472 agimus
642 2391 727 2468 Deo,
761 2392 844 2472 quod
876 2392 958 2459 hunc
982 2393 1082 2453 locum

161 2477 217 2536 toti
240 2476 390 2536 ecclesiae
421 2483 452 2535 et
473 2476 613 2536 omnibus
643 2474 781 2536 fidelibus
810 2475 982 2555 aequaliter
1004 2493 1085 2535 com·
1124 2514 1125 2517 =

162 2579 283 2619 munem
306 2579 323 2619 e
346 2558 486 2618 manibus
509 2559 674 2638 tyrannicis
695 2557 922 2620 Thomistarum
946 2566 978 2617 et
1001 2559 1084 2640 papi·

160 2650 274 2702 starum
298 2643 473 2722 eripuimus,
496 2643 638 2721 quicum
661 2641 802 2702 Romano
824 2639 909 2702 idolo
924 2642 1081 2720 proprium

161 2724 270 2804 iecere,
293 2725 433 2806 sacrilegi
452 2733 512 2784 tam
535 2726 564 2785 in
589 2725 751 2784 ecclesiam
775 2724 969 2801 catholicam,
993 2743 1083 2802 quam

161 2805 348 2887 scripturam
371 2816 518 2869 sanctam.
561 2807 641 2867 Ruet
668 2809 746 2868 enim
778 2825 858 2867 nuuc
887 2813 987 2867 totum
1010 2805 1082 2866 illud

162 2890 398 2952 abominationis
441 2892 555 2951 idolum
593 2892 682 2951 meris
726 2890 892 2951 mendaciis
935 2890 1083 2950 hactenns

162 2979 313 3058 erectum,
339 2974 446 3035 fultum
468 2985 559 3054 atque
587 2973 753 3034 defensum
796 2972 953 3034 Praesidio
975 2991 1081 3034 eorum

162 3020 351 3136 obtinemus,
384 3078 470 3118 arma
496 3058 567 3118 forti
594 3056 790 3134 abstulimus,
824 3057 988 3136 inquibus
1012 3075 1081 3116 con·

162 3139 285 3216 fidebat,
309 3103 431 3203 Ghliatb
454 3141 672 3202 decollavimus
695 3139 798 3220 gladio
821 3141 957 3220 proprio,
980 3145 1012 3198 et
1032 3138 1082 3198 Pa·

163 3225 308 3285 laestinos
331 3241 391 3284 nou
416 3225 477 3284 alia
499 3233 613 3284 tortura
636 3230 839 3303 torquemus,
855 3241 947 3302 quam
976 3223 1081 3301 rapina

162 3328 227 3368 sua.
271 3309 382 3366 Arcam
396 3308 476 3366 euim
499 3305 587 3366 uobis
608 3325 639 3364 vr
631 3307 851 3382 abstulerunt,
873 3313 905 3364 at
925 3305 979 3365 ille
996 3305 1080 3364 uobis
1108 3309 1112 3320 '

163 3390 237 3448 nihil
260 3387 420 3469 agentibus
443 3391 592 3468 percussit
612 3406 666 3449 eos
695 3391 726 3450 in
758 3389 946 3468 posteriora,
975 3387 1081 3466 sempi-

164 3477 342 3550 ternumque
363 3470 560 3551 opprobrium
583 3471 666 3531 dedit
687 3473 761 3551 illis,
789 3470 918 3549 cecidit,
953 3489 992 3530 ac
1013 3469 1081 3530 loris

164 3552 243 3612 iacet
255 3573 369 3632 pronus
382 3553 535 3632 Dagon*)
550 3555 686 3619 istorum.
718 3554 846 3632 Idolum,
869 3555 1006 3632 inquam,
1028 3552 1083 3612 De-

225 3735 253 3804 ⁴)
276 3742 300 3792 1.
321 3739 392 3793 Sam.
411 3742 436 3794 b.
473 3741 514 3793 Ps.
535 3741 578 3798 78.
