2262 4006
328 237 638 294 catarnaum.
658 237 734 294 raet.
938 220 1000 297 stt

70 391 139 454 illis
151 393 235 454 Deus
258 395 466 474 operationem
489 395 610 470 erroris,
633 397 667 454 ut
681 392 808 453 credant
829 389 1000 466 mendccic,

72 483 108 536 et
132 475 304 538 iudicentur
326 495 449 558 omnes,
485 479 535 558 qui
569 495 631 539 non
659 476 852 538 crediderunt
871 474 1000 551 veritati,

69 559 135 620 aed
171 567 393 622 consenserunt
425 563 587 641 iniquitati.
636 559 726 622 'Setis
763 558 931 639 Apostolus
963 558 1001 616 iis

68 644 180 704 serbis
217 645 366 726 explicat,
406 645 511 726 quales
548 644 710 706 sint,illae
740 643 915 722 iniquitates
946 651 1000 700 scu

72 729 352 810 transgressiones.
397 728 480 806 Quas
502 730 534 788 'et
551 727 658 788 Daniel
675 725 826 788 Hebraice
839 724 1001 785 Peschairu

70 811 191 891 insigni
212 813 408 891 »proprietate
430 821 461 872 et
482 812 619 891 emphasi
642 818 749 885 vocat,
778 823 856 887 qnae
877 809 1001 887 proprie

74 895 325 974 praevaricatio,
346 897 564 975 transgressio,
591 895 738 955 discessio
759 892 829 953 fldei
853 898 908 952 eet.
951 889 1003 951 Sic

71 977 106 1040 t.
138 977 214 1058 Reg.
238 978 267 1041 1.
296 981 523 1058 praevaricatus
555 986 603 1037 est
629 976 720 1039 Moab
750 976 789 1036 sb
816 974 919 1036 lsrael.
963 969 1003 1034 iit

71 1057 192 1120 Esaiae
204 1063 235 1124 1:
249 1061 340 1122 lilios
356 1063 483 1123 enutrivi
495 1068 525 1122 et
534 1061 677 1136 exaltavi,
692 1060 749 1138 ipsi
762 1065 862 1119 autern
875 1075 999 1137 praeva-

71 1143 165 1204 ricati
178 1150 277 1204 sunta
288 1163 346 1206 me.
371 1146 456 1207 sinat
472 1151 502 1205 et
514 1145 625 1205 Psalm.
639 1148 667 1209 5.
681 1143 804 1204 dicitur:
828 1139 1001 1202 Secundum

74 1224 303 1287 multitudinem
333 1229 522 1308 impietatum
554 1241 660 1288 eornm
688 1225 809 1306 expelle
843 1239 908 1286 eos.
964 1223 1003 1282 Et

72 1309 193 1369 Paulus
221 1309 282 1370 hoc
310 1311 380 1372 loco
408 1311 568 1372 abundans
598 1311 686 1384 dicit,
722 1328 777 1369 eos
807 1307 1001 1367 dilectionem

73 1393 217 1452 veritatis
236 1410 298 1454 non
322 1402 509 1474 recepturos,
532 1395 604 1454 item
618 1393 737 1453 veritati
750 1409 811 1451 non
825 1387 1003 1464 credituros,

74 1473 250 1536 credituros
273 1484 375 1537 autem
399 1478 576 1554 mendacio,
604 1476 730 1538 omnino
759 1475 865 1534 vitium
895 1473 1004 1533 doctri·

75 1571 205 1633 narum,
228 1561 425 1639 opinionum,
457 1559 527 1621 iidei
556 1566 587 1620 et
614 1558 790 1639 apostasiae
816 1555 1004 1636 significans,

74 1643 160 1700 siout
192 1649 223 1701 et
242 1642 410 1720 praedixit,
447 1644 507 1702 nisi
536 1644 666 1723 primum
699 1641 816 1701 venerit
845 1639 1002 1699 discessio.

75 1717 121 1784 itt
143 1723 172 1786 1.
196 1723 327 1785 timoth.
345 1727 380 1788 d:
404 1725 531 1807 Spiritus
554 1725 714 1786 manifeste
737 1723 824 1785 dicit:
838 1721 880 1782 'ln
902 1722 1004 1782 novis·

75 1807 165 1866 simis
187 1808 376 1887 temporibus
398 1808 556 1869 discedent
569 1807 691 1886 qnidam
716 1805 826 1882 elide,
848 1804 1004 1866 attenden-

74 1897 126 1949 tes
149 1891 304 1969 spiritihus
326 1893 436 1953 erroris
458 1900 516 1953 etc.
559 1891 738 1954 etiterum:
762 1889 932 1950 Averitate
954 1903 1003 1947 au·

76 1971 347 2035 ditumavertent.
390 1975 557 2036 Veritatem
571 1977 650 2035 enirn
672 1973 815 2034 hocloco
838 1989 894 2032 suo
918 1981 1004 2030 more

75 2054 216 2136 appellat
237 2055 329 2117 tidem
341 2057 462 2135 Christi,
485 2058 567 2138 quod
590 2062 620 2118 et
636 2055 776 2118 Hebraea
797 2055 902 2135 lingua
922 2053 1005 2132 tacit,

79 2137 274 2218 distinguens
296 2141 453 2202 veritatem
476 2159 531 2222 per
553 2140 715 2201 antithesin
740 2138 778 2198 ab
800 2138 956 2218 hypocrisi
975 2143 1005 2197 et

76 2222 185 2300 specie
217 2223 356 2302 pictatis,
389 2224 468 2284 sicut
498 2223 596 2304 Ephe.
626 2223 661 2287 4:
698 2221 866 2282 Veritatem
902 2227 1003 2292 autem

75 2304 227 2365 iacientes
256 2317 429 2366 crescamus
460 2308 490 2367 in
519 2307 614 2367 illum.
659 2305 699 2366 nt
725 2307 848 2366 iterum:
886 2303 1004 2362 lnduite

76 2387 236 2446 hominem
259 2406 390 2468 novum,
416 2391 467 2469 qui
497 2388 665 2450 secundum
686 2389 785 2448 Deum
815 2393 934 2446 creatus
958 2391 1006 2446 est

76 2471 109 2529 in
133 2471 249 2530 iustitia
271 2477 302 2531 et
323 2473 486 2533 sanctitate
507 2473 658 2544 veritatis,
680 2473 784 2550 utique
805 2470 950 2530 iustitiam
975 2474 1006 2528 ct

45 2629 49 2636 ⁴
78 2554 273 2695 aanptitatem
302 2555 445 2616 vanitatis
468 2561 499 2616 et
531 2555 691 2636 speciosae
713 2553 937 2633 superstitionis
959 2569 1004 2612 re·

99 2651 136 2696 ro
160 2653 226 2696 ans.

77 2655 98 2716 p
164 2718 299 2780 Omnino
320 2720 413 2800 igitur
422 2719 582 2780 Paschaim
595 2717 703 2779 Daniel
717 2725 808 2779 vocat
828 2734 891 2777 non
914 2733 1004 2796 quae

79 2799 154 2860 libet
175 2801 314 2880 peccata,
337 2801 391 2863 sed
413 2803 556 2882 speciosa
577 2801 640 2877 illa,
663 2816 743 2881 quae
765 2800 912 2862 adversus
929 2801 1005 2860 veri-

79 2889 177 2944 tatem
195 2885 231 2945 'et
252 2881 344 2944 ddem
366 2891 514 2965 pugnant,
536 2884 643 2958 idest,
666 2884 768 2963 qualia
791 2885 1006 2944 suntiustitiae

80 2984 219 3045 operum,
242 2969 483 3046 superstitiones,
506 2968 707 3040 ceremoniae,
729 2985 785 3046 per
801 2985 877 3046 quas
899 2965 1005 3043 aiide,

80 3064 161 3128 qnae
184 3049 253 3110 sola
275 3069 348 3113 vere
375 3049 520 3111 iustificat
548 3057 578 3110 et
610 3049 796 3124 sanctificat,
831 3047 1005 3126 disceditur,

81 3132 160 3192 sicut
181 3131 293 3192 Paulus
315 3132 436 3194 cotors.
459 3135 487 3197 3.
510 3138 541 3193 et
563 3133 664 3193 multis
687 3133 755 3193 eliis
769 3133 845 3192 locis
867 3145 1006 3212 praemo-

80 3220 141 3276 net.
186 3214 226 3274 itt
246 3215 307 3276 hoc
328 3215 458 3292 indicat,
489 3215 572 3296 quod
599 3233 653 3275 eos
682 3217 839 3277 caritatem
868 3215 1004 3274 veritatis

81 3314 142 3356 non
165 3305 343 3377 recepturos
365 3299 528 3378 praedicit,
555 3298 586 3358 id
610 3305 672 3376 est,
694 3316 755 3358 non
779 3297 907 3378 diligent
928 3297 1005 3357 veri-

81 3386 191 3456 tatem,
219 3394 299 3459 quae
321 3387 368 3442 est
388 3384 418 3441 in
441 3381 518 3461 ilde,
549 3380 603 3441 scd
632 3397 700 3441 cum
723 3381 791 3441 liliis
814 3379 909 3440 lsrael
932 3399 1005 3440 nau·

82 3461 212 3524 scabunt
233 3480 324 3544 super
346 3463 415 3526 cibo
437 3465 497 3525 isto
518 3463 691 3538 levissimo,
713 3472 743 3524 et
765 3479 871 3523 carnes
894 3479 1004 3522 concu-

81 3547 215 3627 piscent,
244 3547 273 3606 id
296 3553 360 3622 est,
392 3547 431 3609 ad
460 3547 579 3609 tabulas
601 3553 632 3608 et
653 3547 802 3608 humanas
825 3545 1004 3606 traditiones

83 3635 309 3692 convertentur.
364 3628 466 3706 Quare
500 3631 556 3691 has
594 3630 768 3708 iniquitates
802 3647 927 3707 prorsus
963 3626 1002 3687 ad

82 3712 182 3774 nullos
200 3713 320 3794 priscos
351 3714 524 3776 haereticos
545 3713 657 3774 reterre
677 3726 858 3794 possumus,
884 3709 940 3771 aad
962 3710 1002 3773 ad

543 3915 590 3978 A
