2258 4002
129 205 191 270 158
322 204 454 261 Assertio
480 215 554 261 omn.
575 205 651 262 artic.
670 206 704 261 Η.
725 205 758 262 lt
779 202 804 261 t.
824 211 879 277 per'

127 362 174 420 nis
196 357 238 421 X.
262 362 314 437 (ut
337 361 386 420 vel
408 359 531 441 fingitur
562 361 610 421 vel
639 359 748 434 lentur]
763 360 862 422 'Bulla
889 361 1054 442 damnatis,

129 445 249 524 stipsi,
271 445 444 522 quicunque
466 451 590 504 autores
612 444 678 504 eius
700 443 819 521 luerint,
842 441 1054 506 suaedamua·

132 527 225 587 tionis
249 545 373 606 prorsus
396 527 509 586 nullam
542 543 670 587 oausam·
690 527 894 606 reddiderint,
917 547 957 587 ne
990 529 1055 588 iota

128 609 251 688 quidem
274 628 293 669 a
309 611 404 669 saeris
422 609 585 690 Scripturis
598 609 742 688 adducto,
766 608 855 671 video
868 618 971 671 nmen
986 621 1054 692 pas-

128 695 183 752 sim
207 712 226 752 a
251 692 351 752 nrultia
380 693 543 752 desiderari
577 693 703 752 alteram
732 703 763 753 et
784 696 940 774 propriam
963 712 1057 775 super

127 775 251 836 eosdem
276 793 383 834 omnes
406 782 436 834 et
454 776 591 855 singulos
605 775 855 857 declarationem,
877 775 957 836 forte
970 773 1057 856 quod
1127 809 1128 812 κ

126 860 261 940 speeiem
283 857 366 917 illam
389 857 506 918 detrahi
529 873 656 918 neeesse
684 859 737 938 sit,
769 879 829 940 qua
851 879 905 940 per
934 859 1056 919 titulum
1127 891 1128 894 ¹

127 943 257 1003 Romani
281 940 436 1002 Pontificio
459 949 489 1000 et
512 943 638 1002 nomina
651 942 768 1022 aliquot
783 941 951 1003 Doctorum
965 944 1056 1004 ador-

126 1035 197 1086 nata
219 1024 308 1084 Bulla
330 1023 411 1104 apud
430 1023 555 1104 vulgum
578 1025 715 1084 nonnihil
728 1028 900 1086 autoritatis
913 1024 1060 1086 invenire·
1127 1029 1128 1032 ’

127 1116 243 1190 posset,
265 1107 314 1186 qui
338 1108 502 1166 vanissima
524 1110 727 1187 persuasione·
736 1109 892 1191 deeeptus,
904 1109 1056 1188 quidquid

128 1192 253 1251 nomine
280 1208 380 1270 papae
403 1190 513 1269 prodii,
537 1191 638 1251 statim
662 1191 759 1250 eredit
780 1213 797 1252 a
820 1191 887 1252 Deo
918 1189 1057 1271 prodire.

128 1273 250 1334 Frustra
260 1281 305 1332 tot
326 1274 356 1330 in
368 1274 553 1332 eontrarium
567 1272 715 1353 exemplis
728 1283 759 1333 et
768 1271 955 1356 quotidianis
969 1292 1056 1336 morr-
1126 1293 1127 1297 ¹

126 1357 196 1417 stria
217 1374 286 1415 eum
309 1354 485 1416 fidelissime
500 1355 702 1432 moventibus,
726 1357 906 1438 quibusdam
919 1366 952 1417 et
966 1374 1059 1418 meae
1127 1365 1128 1370 ’

127 1439 260 1499 fiduciae·
279 1437 489 1518 m’agis'quarn
511 1439 671 1518 popularis
697 1435 776 1500 illius
799 1433 939 1500 ruditatis
962 1442 1057 1501 ratio·
1123 1455 1126 1478 '=

127 1541 195 1583 nem
218 1520 362 1582 habuisse
384 1521 499 1600 videor,
522 1522 592 1582 dum
620 1530 795 1604 contempta
809 1523 913 1582 Bullae
930 1524 1060 1584 lauditia

126 1605 275 1686 pauculos
297 1621 394 1684 nuper
413 1605 557 1664 articulos
581 1604 719 1684 delendi,
742 1605 825 1686 quod
847 1607 910 1666 illis
937 1605 1056 1666 laetum
1127 1625 1128 1628 ¹

130 1689 224 1748 rideri
247 1687 359 1766 possit,
382 1689 572 1748 conscientia
598 1688 766 1748 exhaustae
795 1690 842 1748 vel
872 1690 1058 1768 impotentis

126 1771 316 1834 eruditionis.
1127 1781 1128 1784 ’

213 1851 387 1933 Aggredior
398 1871 472 1932 ergo
485 1852 606 1913 illorum
620 1856 699 1914 votis
711 1854 922 1928 obsecuturus,
948 1862 979 1914 et
993 1872 1059 1915 non

127 1937 198 2018 quid
224 1937 305 2014 mihi,
329 1935 388 1995 sed·
406 1936 478 2014 quid
500 1935 558 1995 illis
572 1937 767 1998 eommodum
782 1934 833 2014 sit,
857 1945 1059 2018 speetaturus

127 2022 229 2082 denuo
246 2019 461 2080 Resolutioues
476 2019 618 2092 seribere,
630 2021 706 2080 lorte
718 2033 779 2080 no'n
804 2017 959 2098 ihutrliter,
983 2033 1058 2081 oum
1125 2039 1128 2052 ·

125 2105 175 2164 hio
195 2104 318 2163 tractari
345 2119 472 2162 neeesse
499 2103 538 2162 sit
570 2102 639 2162 fidei
674 2112 704 2163 et
735 2103 892 2184 religionis
925 2113 1057 2164 nostrae
1125 2119 1128 2150 ÷

124 2205 242 2246 summa
265 2195 467 2264 sacramenta,
489 2199 568 2266 quae
591 2183 765 2266 utimpiunl
784 2187 997 2267 astigitanam,
1010 2189 1057 2247 ita
1126 2199 1128 2225 l

124 2270 412 2330 christianissimum
436 2276 483 2328 est
502 2271 546 2328 sio
568 2283 670 2348 nosse,
693 2279 725 2328 ut
747 2285 813 2330 non⁴
834 2269 927 2330 rhodo
950 2270 1054 2330 oon‘fi·
1126 2285 1127 2352 J

122 2355 188 2430 teri,
210 2352 264 2412 sed
287 2361 317 2412 et
338 2354 412 2411 tueri
436 2353 544 2432 possis.
577 2351 610 2412 ln
633 2367 727 2433 quarn·
749 2361 818 2412 rem·
842 2353 886 2431 (al
905 2351 1051 2415 Christus

125 2437 255 2516 aspiret)
286 2433 423 2495 sedulam
453 2435 512 2494 hoo
529 2433 632 2496 libello
656 2435 736 2514 datio
760 2445 902 2520 operam,
925 2437 1056 2516 quando

125 2522 185 2581 hoo
207 2520 369 2598 temporis,
393 2535 454 2597 quo
477 2519 645 2599 tyrannidis
666 2518 859 2599 sophisticae
881 2521 1058 2580 novissima

124 2604 324 2681 omniumque
346 2601 568 2662 nnoentissirna
589 2604 769 2681 pe'rse'outio·
787 2604 894 2679 saevit
918 2621 980 2663 non
1006 2623 1055 2664 sa·
1125 2639 1126 2699 p

125 2688 162 2746 tis
184 2694 231 2745 est
253 2703 346 2745 nosse
369 2684 531 2761 Christum,
554 2685 607 2744 sed
631 2685 792 2746 divenditis
809 2688 1054 2765 peraestunioa,

124 2776 250 2850 propter
271 2768 406 2848 gladium
428 2768 591 2828 emendum
611 2770 763 2829 instruatis
775 2771 935 2829 armaturis
957 2770 1054 2829 etiam
1083 2807 1093 2825 Ι

125 2853 201 2913 tueri
223 2862 363 2931 oportet..
398 2850 497 2926 Quod.
511 2860 542 2911 ut
566 2851 696 2913 liberius·
715 2861 745 2912 et
767 2853 890 2912 felisius
906 2850 1055 2930 ahialon,
1124 2899 1125 2936 ᾗ

124 2937 223 2996 visum
256 2945 303 2995 est
333 2936 511 3016 praevenire
544 2936 735 2996 adversarios
773 2943 804 2996 et
837 2953 1052 3015 praemonere,

125 3038 186 3099 quo
209 3037 331 3100 eampo,
354 3019 463 3098 quibus
485 3020 577 3079 armis
599 3026 630 3079 et
651 3020 745 3098 signis
776 3018 849 3079 mihi
871 3017 962 3078 velim
992 3037 1049 3080 eos

124 3121 183 3163 oon
207 3101 282 3163 redi.
1123 3099 1124 3102 ’

185 3121 339 3246 gPrimum
362 3185 441 3244 soire
463 3191 716 3266 contestatosque
738 3203 807 3245 esse
822 3203 876 3245 eos
889 3185 975 3264 volo,
997 3206 1048 3248 me

123 3287 249 3351 prorsus
271 3268 382 3328 nullius
405 3266 627 3346 quantumlibet
646 3269 743 3328 sanati
767 3267 863 3328 Palas
886 3269 1051 3330 autoritate
1122 3335 1123 3342 χ

127 3354 197 3431 oogi
218 3350 313 3426 velle,
336 3350 393 3408 uisi
416 3358 565 3427 quatenus
595 3350 707 3411 iudidio
730 3349 850 3411 dinnao
873 3349 1049 3432 Scripturas
1122 3369 1123 3409 l

124 3434 214 3493 luerit
234 3432 391 3513 probatus,
412 3431 443 3490 id
459 3433 541 3510 quod
563 3433 627 3492 saio
650 3433 719 3493 illos
733 3433 930 3494 vehementer
951 3453 1048 3515 aegre

121 3516 248 3576 laturos.
270 3514 409 3574 Sentient
430 3515 520 3591 enim,
541 3514 600 3574 hae
622 3518 740 3575 ratione
763 3535 832 3576 sese
854 3516 892 3577 ad
915 3518 1049 3597 primum

125 3597 226 3654 statim
249 3611 446 3675 congressum
469 3597 609 3674 ruituros,
632 3607 664 3658 ut
681 3600 866 3678 quioonsoii
881 3599 943 3660 sibl¹
960 3610 1044 3679 sunt,

129 3675 305 3738 studiosus
332 3679 514 3758 contemptis
541 3681 637 3740 saorla
665 3681 767 3744 literis
782 3683 881 3744 solum
905 3677 934 3743 iii
958 3691 1049 3746 auto·
