2262 4006
154 178 217 244 416
447 181 811 262 contutatioiautherisnag,

155 336 254 398 Deum
277 353 370 416 posse
393 345 507 398 tantam
537 340 666 419 gratiam
695 340 787 402 alieni
810 339 899 422 dare,
932 346 966 402 ut
987 337 1078 420 piene

153 418 290 499 impleat,
311 417 392 480 siout
413 418 451 480 de
475 421 566 482 beata
589 422 713 502 Virgine
742 421 914 492 sentimus?
948 423 1020 482 iioet
1049 421 1078 480 id

153 523 215 564 uon
244 502 337 562 faeiat
366 503 517 566 omnibus.
562 503 650 580 Quod
685 506 711 566 si
741 503 983 582 deereteilum1)
1009 505 1079 562 hnio

153 593 314 668 repugnat,
338 585 429 646 abeat
450 589 479 646 in
504 586 613 648 malam
638 607 770 668 erucem,
793 596 825 649 et
845 590 884 648 sit
899 587 1079 650 anathema.

237 668 297 730 Sed
320 678 348 728 at
372 668 433 731 aiio
456 689 512 730 suo
536 673 608 732 vitio
623 669 672 731 hio
694 671 823 751 laborat,
846 689 1080 750 quonunquam

153 770 214 812 non
238 750 378 811 laborant
399 753 577 832 sophistae,
615 755 698 835 quod
726 762 773 814 est
791 755 901 836 petitio
924 753 1081 833 principii,

154 835 236 913 quod
258 842 305 894 est
327 835 556 897 vitiosissimum
581 836 754 916 disputandi
777 856 884 917 genus,
909 835 939 904 in
962 854 1029 914 quo
1053 843 1083 893 et

153 925 237 978 totus
259 917 309 977 hio
332 916 407 977 iiber
429 918 548 980 Latomi
571 921 799 1000 sophisticatur.
842 919 1001 999 Perpetua
1025 919 1082 977 soi-

152 1001 223 1061 lieet
239 1008 285 1060 eat
297 1001 416 1062 insania
428 1001 652 1082 Sophistarum,
676 1011 709 1064 ut
724 1002 765 1076 id,
787 1001 869 1082 quod
883 1011 956 1062 aute
974 1001 1083 1062 omnia

155 1086 199 1147 eis
222 1082 414 1164 probandum
437 1085 769 1165 demonstrandumque
791 1094 855 1162 est,
878 1086 1033 1164 arripiant
1057 1093 1085 1141 et

154 1176 417 1248 praesupponunt,
440 1175 584 1248 tanquam
609 1169 790 1250 principium
813 1168 884 1229 fidei
906 1167 1083 1232 int'allibiie,

156 1256 188 1308 ut
210 1251 271 1309 hoo
303 1247 384 1310 loeo.
428 1248 518 1325 Quod
552 1251 680 1332 implere
707 1251 764 1311 Dei
800 1252 946 1312 mandata
975 1249 1083 1330 piene,

80 1360 83 1366 ¹
155 1329 307 1414 signifieat
328 1332 370 1410 id,
392 1331 475 1412 quod
497 1341 544 1394 est
567 1335 718 1396 mandatis
742 1335 797 1396 Dei
819 1333 1002 1394 satisfacere
1026 1351 1083 1411 per

154 1417 268 1494 omnia,
291 1422 323 1474 ut
335 1416 456 1496 ignosei
470 1415 544 1476 nihii
560 1419 598 1478 sit
611 1437 700 1498 opus,
722 1419 858 1498 inprimis
873 1415 1082 1497 fuitkLatomo

152 1497 435 1562 demonstrandum.
478 1497 557 1562 Nam
584 1500 645 1563 hon
666 1499 856 1580 Augustinus
884 1508 916 1560 et
937 1517 1002 1578 ego
1028 1518 1082 1558 ne-

151 1601 271 1664 gamus,
294 1588 325 1642 et
348 1581 503 1662 Scriptura
532 1592 632 1664 negat.
675 1584 717 1644 At
738 1584 804 1664 ipse
826 1583 901 1644 nihil
926 1590 1083 1656 moratus,

151 1666 268 1746 proruit
289 1683 432 1741 aeourus,
466 1667 553 1745 quasi
586 1665 768 1747 prinoipium
797 1663 1080 1728 indemonstrabiie

151 1747 224 1808 fidei
246 1748 372 1820 habeat,
406 1756 436 1810 et
458 1747 528 1810 dum
561 1749 665 1830 gladio
697 1752 819 1830 spiritus
852 1769 922 1810 sese
950 1755 1082 1808 vastare

152 1833 256 1892 omnia
278 1827 389 1912 credit,
422 1831 566 1893 ridiculus
590 1832 696 1894 oulmis
719 1843 750 1894 et
771 1831 895 1914 stipulis¹
915 1832 1079 1911 opinionis

87 1949 92 1960 ·
152 1934 226 1974 suae
249 1931 352 1976 ooram
375 1913 464 1975 nobis
482 1914 566 1978 ludit.
610 1915 688 1976 Nam
704 1933 767 1977 neo,
784 1915 983 1985 decretalium
1008 1915 1079 1976 eius

152 1997 231 2058 hano
252 1999 435 2058 sententiam
464 1997 574 2078 habet,
605 2017 673 2063 oum
702 2018 759 2060 nos
782 1996 936 2076 dieamus,
966 1999 1079 2060 omnis

152 2081 208 2141 Dei
223 2081 367 2142 mandata
389 2081 523 2161 impiari,
552 2100 613 2144 non
637 2081 833 2163 operantibus
857 2082 947 2162 piene
971 2082 1077 2158 nobis,

151 2165 205 2224 sed
230 2165 411 2244 ignoscente
438 2165 566 2245 copiose
600 2168 699 2246 gratia
720 2158 802 2231 Det!
829 2165 887 2226 Hie
918 2164 994 2225 nihii
1018 2166 1075 2224 im·

151 2247 308 2330 ppssibile,
330 2247 392 2308 imo
415 2247 594 2327 plenissima
616 2251 729 2328 omnia,
752 2256 782 2309 et
800 2248 906 2328 melius
929 2249 1075 2320 dicimus,

152 2350 244 2412 quam
267 2332 291 2391 si
314 2333 380 2390 sine
403 2331 612 2394 misericordia
625 2333 804 2412 ignoscente
825 2331 901 2392 solis
924 2330 1074 2410 operibus

150 2411 270 2496 impleri
293 2413 398 2475 omnia
421 2433 638 2477 assereremus.
680 2411 721 2476 Et
742 2414 932 2496 probandum
955 2414 999 2474 iiii
1020 2420 1073 2490 (ut

151 2497 233 2572 dixi)
257 2492 323 2573 fuit,
339 2515 426 2556 suum
449 2495 638 2578 impossibiie
655 2499 685 2560 id
699 2497 881 2579 significare,
902 2497 985 2576 quod
1004 2498 1074 2576 ipse

151 2582 277 2662 cogitat.
321 2579 381 2642 Sed
412 2589 443 2640 et
464 2580 523 2663 ipsi
545 2580 728 2653 confitentur
759 2584 790 2642 in
825 2581 884 2644 hao
910 2581 974 2642 vita
995 2581 1073 2640 nulii

74 2703 77 2710 ·
149 2665 278 2744 gratiam
302 2675 544 2737 consummatam
558 2664 633 2745 dari,
655 2663 709 2727 ssd
724 2685 845 2746 ssmper
860 2665 977 2744 augeri,
1000 2682 1071 2724 uum

151 2754 252 2808 tamen
274 2747 373 2826 gratia
395 2767 457 2809 non
481 2747 578 2827 detur,
600 2749 658 2813 nisi
681 2750 718 2813 ad
733 2747 890 2828 implenda
904 2747 962 2807 Dei
986 2767 1072 2806 man-

151 2829 233 2907 data,
255 2841 285 2890 et
307 2828 379 2889 hino
401 2839 556 2911 sequatur,
578 2839 768 2894 tantumuon
784 2831 904 2912 impleri
918 2847 1070 2908 anquan-

149 2921 212 2974 tum
237 2931 298 2974 non
321 2909 550 2977 consummatur
565 2917 673 2996 gratia,
695 2915 749 2977 sed
771 2917 843 2997 quia
855 2915 993 2994 Magistri
1016 2932 1070 2972 no-

149 2997 331 3081 strateshos
346 2997 461 3076 dieunt,
483 2998 552 3060 ideo
567 3018 630 3062 non
652 3007 699 3062 est
712 2999 895 3076 damnabile,
918 2995 1069 3058 siLutire·
1111 3009 1112 3020 ¹

149 3103 200 3144 rus
224 3082 354 3163 dicaret,
376 3101 461 3142 error
483 3089 574 3147 esset.

149 3249 236 3317 Alius
273 3238 435 3312 articulus:
484 3249 670 3415 Peooatuprz)
692 3217 763 3330 post
804 3251 990 3332 baptismum
1024 3271 1067 3314 re·
1110 3271 1111 3288 ³

526 3351 616 3394 mane
675 3379 682 3395 .

232 3465 319 3526 Hune
351 3465 510 3527 articulum
553 3465 679 3528 damnat
714 3469 876 3530 autoritate
916 3467 1066 3549 Gregorii,

154 3615 570 3630 Ἣ

186 3666 219 3732 1)
238 3667 269 3718 In
288 3668 422 3740 sd.orig.:
443 3669 603 3724 denreliurn.
627 3671 659 3742 2)
681 3671 848 3727 inediam:
866 3679 1062 3739 nuursmsuet.
