2250 4008
142 152 208 220 500
435 155 595 213 donnum
614 157 779 214 bothanias·

139 317 242 370 autem
272 309 318 369 sio
338 311 429 372 etiam
459 311 499 373 de
520 314 621 376 lurore
648 333 705 376 auo
727 316 897 376 sensissent
919 321 951 372 et
972 311 1059 372 dixis

139 399 217 468 seut,
239 399 342 472 potest
362 397 408 454 sie
431 395 569 458 mutuari
592 405 624 458 et
646 401 742 476 exuri,
764 399 911 472 sednon,
934 395 1008 455 dum
1022 395 1060 455 di-

140 478 254 555 eimus,
284 476 367 555 quod
390 478 501 541 debeat
519 491 550 540 et
572 489 714 562 oporteat
734 483 779 542 sie
800 481 940 542 damnari
963 487 996 538 et
1015 499 1062 537 ex-

140 561 196 634 uri,
217 559 421 638 responderet
453 581 532 642 opus
563 583 669 625 eorum
691 565 792 625 verbis
814 582 933 625 eorum.
978 561 1062 621 Nune

140 642 247 721 quales
269 642 426 704 declarent
447 663 481 706 se
503 648 604 728 ipsos,
627 649 694 727 quis
717 667 778 709 non
802 645 908 708 videt?
931 646 985 724 qui
1007 644 1061 704 hou

141 746 197 806 pro
221 733 306 786 certo
329 724 511 804 damnarint,
533 730 572 789 de
594 749 655 809 quo
677 730 769 791 hodie
789 730 1061 811 quoqueiueertoa

141 828 210 868 esse
237 827 272 868 se
295 811 380 889 ipsos
403 811 595 876 confitentur.
637 813 716 875 Nam
739 816 796 874 etsi
823 813 932 874 Patres
969 813 1063 870 saneti

142 895 328 970 quaudoque
350 893 487 954 dubitent
509 905 541 955 et
562 899 679 958 variam
701 899 730 956 in
749 896 978 977 Soripturarum
1001 911 1061 953 sen-

140 974 235 1054 sibus,
257 994 413 1054 nunquam
437 987 538 1038 tamen
562 981 691 1042 furorem
715 980 796 1040 huno
817 977 1016 1054 addiderunt,
1037 987 1064 1036 nl

141 1066 331 1134 assererent,
364 1060 524 1140 alienaque
553 1063 733 1125 damnarent
755 1072 786 1124 sl
807 1069 988 1124 exurerent.
1011 1059 1063 1140 lgi-

141 1151 188 1201 tur
210 1143 288 1203 ratio
310 1141 363 1202 illa
384 1144 519 1204 nondum
543 1145 663 1225 prodit,
694 1165 773 1225 quae
801 1146 992 1227 promittitur
1015 1161 1064 1223 per

140 1226 231 1284 istum
254 1224 501 1304 ponderatorem.
545 1227 622 1289 Nam
646 1237 680 1290 ut
698 1227 861 1290 Lutherum
885 1235 918 1288 et
943 1235 1064 1287 seuten-

140 1309 213 1367 tiam
236 1309 301 1366 eins
316 1308 429 1388 eludat,
451 1330 536 1371 suam
553 1321 655 1372 tamen
670 1331 733 1374 non
747 1313 866 1393 probat,
890 1329 952 1370 nee
966 1328 1064 1370 meam

140 1390 310 1471 improbat,
337 1391 391 1452 sed
415 1402 574 1473 utramque
595 1397 742 1457 insertam
765 1395 854 1472 laeit,
890 1413 964 1455 oum
991 1398 1066 1452 utra-

141 1492 201 1554 que
223 1474 262 1534 ab
293 1492 331 1535 eo
355 1476 478 1536 iuduola
500 1480 655 1558 expositio
684 1499 754 1542 esse
773 1497 846 1540 vera
865 1496 927 1538 uon
954 1477 1064 1556 possit

141 1555 244 1632 Quare
266 1557 429 1638 oouoludo,
451 1560 615 1642 Magistros
630 1561 792 1640 nostrules,
813 1581 881 1622 oum
906 1579 958 1620 me
985 1558 1065 1619 daur·

142 1647 259 1716 nerent,
281 1640 376 1702 luisse
389 1643 526 1723 insanos,
547 1647 639 1724 etqui
662 1646 816 1706 uesoireut
829 1643 901 1726 quid
914 1643 1064 1703 laeerent.

139 1722 240 1784 Testis
263 1732 311 1783 est
330 1723 476 1786 Latomus
498 1745 605 1789 eorum
627 1735 786 1808 patronus,
808 1729 861 1807 qui
883 1726 955 1788 ideo
982 1725 1063 1785 hune
1118 1807 1119 1820 χ

142 1807 252 1867 librum
274 1809 405 1888 scripsit,
429 1828 468 1869 ne
490 1809 596 1871 orbem
619 1810 680 1872 hoa
702 1811 813 1872 diutius
836 1813 957 1872 lateret.

222 1889 298 1949 Cum
321 1909 381 1971 ego
404 1891 561 1970 dixissem,
582 1913 756 1975 repugnare
776 1893 869 1976 Legi,
890 1892 977 1954 aliud
1003 1911 1063 1952 uon
1118 1949 1119 1962 ,

142 1992 228 2055 esse,
250 1991 342 2052 qnam
364 1987 503 2054 peooare,
526 1997 588 2037 nou
611 1997 705 2057 agere
722 1976 836 2039 bonnm
859 1995 928 2038 esse
949 1984 1064 2036 eontra

141 2057 263 2136 Legem,
276 2058 457 2137 respondet:
483 2058 572 2134 Quod
586 2061 774 2142 Augustinus
788 2059 901 2122 audeat
911 2077 1065 2136 asserere,

142 2159 204 2200 nou
237 2159 306 2200 esse
335 2149 512 2221 pennatum,
546 2145 602 2203 nisi
631 2144 849 2207 consentiatur.
890 2143 970 2204 'l'um
997 2145 1066 2224 ipse

141 2223 243 2285 addit:
280 2223 321 2284 nt
341 2224 415 2284 nihil
437 2224 643 2289 damnationis
664 2229 695 2288 iu
718 2229 763 2288 eis
784 2247 868 2301 esse,
902 2227 977 2306 quia
1001 2244 1064 2286 nou

141 2314 282 2388 peeoant.
304 2306 383 2367 Vide
404 2310 609 2388 nequitiosnm
626 2310 813 2391 sophistam,
836 2319 869 2372 ut
884 2311 993 2371 omnia
1015 2309 1065 2370 de

141 2398 258 2472 pravet.
301 2389 376 2466 Quis
399 2410 460 2451 uon
496 2393 579 2453 videt
601 2395 805 2476 Augustiuum
838 2394 889 2454 hie
915 2392 1005 2474 loqui
1028 2393 1066 2452 de

142 2473 263 2534 mortali
285 2481 431 2554 peoeato,
453 2475 536 2554 quod
559 2476 593 2537 tit
614 2495 767 2538 eonseusn
788 2479 817 2538 in
841 2477 1065 2556 ooneupiseeu·

142 2559 200 2618 tias
222 2559 351 2637 pennati,
373 2577 435 2618 nou
457 2567 560 2620 tamen
583 2568 676 2640 negat
696 2562 772 2622 istos
795 2569 896 2622 motus
918 2579 991 2620 esse
1015 2579 1065 2620 ve·

142 2640 235 2700 nialla
256 2647 395 2720 pennata.
439 2641 550 2704 Adhuo
570 2643 716 2705 Latonius
739 2645 799 2705 hoe
821 2651 930 2705 annua
950 2641 1063 2703 Lutlre·

142 2742 208 2783 rum
230 2742 299 2784 esse
320 2722 418 2804 fingit,
439 2743 500 2786 nou
524 2726 606 2806 quod
628 2729 749 2808 ignoret
772 2745 821 2788 me
836 2727 921 2806 loqui
933 2725 974 2787 de
988 2745 1063 2808 peo-

143 2814 213 2867 oato
235 2825 297 2868 uon
319 2808 440 2870 mortali
463 2829 516 2870 sen
539 2808 756 2890 damnationis,
777 2808 926 2890 sedquod
944 2810 1066 2870 malitia

142 2891 274 2970 agitatus
297 2897 383 2972 optet
412 2910 481 2952 mea
508 2895 553 2954 sio
583 2893 720 2976 intelligi.
761 2894 825 2956 lam
855 2911 948 2974 quam
971 2893 1062 2955 Iato-

144 2975 245 3034 miana
268 2973 429 3036 dialeoties
460 2976 533 3037 nihil
555 2976 778 3056 damnationis,
813 2979 968 3058 quianon
992 2995 1061 3057 pse

143 3061 1061 3224 tlttetigitur“llltltl‘lllttltttmt

449 3192 455 3205 ·
1050 3189 1058 3220 r

143 3243 218 3304 ergo
240 3225 377 3288 nonnihil
399 3225 604 3287 damnationis
633 3235 680 3288 est
709 3227 776 3288 illis.
818 3227 888 3288 Hoo
920 3235 968 3288 est
988 3246 1062 3308 apo·

142 3308 255 3368 stolum
277 3308 405 3368 Paulum
428 3307 632 3370 Lovanialiter
652 3311 850 3391 interpretari.
898 3311 1058 3371 Peeostum

145 3390 263 3450 veniale
295 3391 361 3450 sine
395 3389 594 3453 damnatione
632 3401 786 3473 asserunt,
818 3413 920 3454 meum
959 3403 1057 3455 autem

144 3471 217 3530 illud
239 3480 398 3550 pennatum
422 3474 627 3536 damnationis
648 3476 773 3540 laniunt.

227 3553 292 3613 Nee
312 3554 476 3634 dignantur
509 3559 701 3638 meminisse,
735 3579 826 3640 qnam
862 3559 971 3621 erebro
1003 3579 1057 3641 ego

146 3632 269 3713 tuoque
288 3635 363 3696 illud
384 3638 565 3719 induxerim,
588 3642 670 3720 quod
690 3643 802 3728 Paulus
824 3644 881 3724 ait,
904 3643 979 3706 nihil
994 3663 1057 3706 esse
